{"gold_per_floor":[117,42,42,42,42,42,77,96,142,155,155,165,165,178,178,275,275,291,291,303,23,34,34,34,34,60,71,83,197,197,224,224,320,320,337,337,337,437,389,389,403,415,415,415,433,333,333,359,359,458,458,470,488,506,506,506,541,541,558,558,577,737,762,778,795,795,899,899,911,921,937,621,637,637,668,702,702,702,722,732,732],"floor_reached":81,"playtime":5231,"items_purged":["Strike_R","hubris:Envy","Strike_R"],"score":1211,"play_id":"ffe19028-f5cd-45dc-b120-b8b4931b4cb5","local_time":"20190109172800","is_ascension_mode":false,"campfire_choices":[{"data":"Bash","floor":6,"key":"SMITH"},{"data":"Run Through","floor":11,"key":"SMITH"},{"data":"Shrug It Off","floor":13,"key":"SMITH"},{"data":"UpSweep","floor":15,"key":"SMITH"},{"data":"Evolve","floor":23,"key":"SMITH"},{"data":"Strike_S","floor":25,"key":"SMITH"},{"data":"ReplayTheSpireMod:??????????????????????","floor":32,"key":"SMITH"},{"floor":40,"key":"RECALL"},{"data":"Flame Barrier","floor":44,"key":"SMITH"},{"data":"Shrug It Off","floor":49,"key":"SMITH"},{"floor":58,"key":"REST"},{"data":"Heavy Blade","floor":66,"key":"SMITH"},{"data":"Mind Blast","floor":74,"key":"SMITH"},{"data":"Replay:Dark Deal","floor":78,"key":"SMITH"}],"neow_cost":"BASIC_CARDS","seed_source_timestamp":193209692686051,"circlet_count":0,"master_deck":["Defend_R+2","Defend_R+1","Defend_R+1","Defend_R","Bash+1","UpSweep+1","Strike_S","MasterSpark+1","Run Through+1","Shrug It Off+1","Demon Form+1","Pommel Strike+1","Evolve+1","Sword Boomerang+1","Shrug It Off","ReplayTheSpireMod:??????????????????????+1","Barricade","Flame Barrier+1","Replay:Dark Deal+1","Heavy Blade+1","Shrug It Off+1","infinitespire:Virus","Shrug It Off+1","infinitespire:Virus","Carnage","Heavy Blade+1","infinitespire:Virus+1","Juggernaut","infinitespire:Virus","Mind Blast+1"],"relics":["Burning Blood","Thread and Needle","PreservedInsect","hubris:OldNail","Snecko Eye","infinitespire:EmpoweringShard","War Paint","Mercury Hourglass","Cursed Key","hubris:CuriousFeather","hubris:ToyBattleship","Lizard Tail","infinitespire:FocusingShard","hubris:MedicalManual","Simple Rune","Self Forming Clay","hubris:HollowSoul","Bottled Tornado","Red Mask","ReplayTheSpireMod:Lightbulb"],"potions_floor_usage":[20,33,57,81],"damage_taken":[{"damage":0,"enemies":"Jaw Worm","floor":1,"turns":3},{"damage":24,"enemies":"Erikyupuro","floor":7,"turns":7},{"damage":0,"enemies":"2 Louse","floor":8,"turns":2},{"damage":0,"enemies":"Small Slimes","floor":10,"turns":3},{"damage":0,"enemies":"Red Slaver","floor":12,"turns":4},{"damage":2,"enemies":"Lots of Slimes","floor":14,"turns":4},{"damage":69,"enemies":"Hexaghost","floor":16,"turns":13},{"damage":6,"enemies":"Shell Parasite","floor":18,"turns":5},{"damage":0,"enemies":"3 Byrds","floor":20,"turns":3},{"damage":0,"enemies":"Cultist and Chosen","floor":22,"turns":4},{"damage":0,"enemies":"Shelled Parasite and Fungi","floor":27,"turns":4},{"damage":10,"enemies":"Centurion and Healer","floor":28,"turns":5},{"damage":10,"enemies":"3 Cultists","floor":29,"turns":5},{"damage":9,"enemies":"Nightmare","floor":31,"turns":5},{"damage":82,"enemies":"Collector","floor":33,"turns":9},{"damage":10,"enemies":"3 Darklings","floor":35,"turns":3},{"damage":16,"enemies":"Mind Bloom Boss Battle","floor":38,"turns":5},{"damage":6,"enemies":"3 Shapes","floor":41,"turns":2},{"damage":0,"enemies":"Transient","floor":42,"turns":5},{"damage":6,"enemies":"3 Darklings","floor":45,"turns":4},{"damage":21,"enemies":"Nightmare","floor":48,"turns":6},{"damage":48,"enemies":"Awakened One","floor":50,"turns":9},{"damage":0,"enemies":"Small Slimes","floor":52,"turns":1},{"damage":16,"enemies":"Jaw Worm","floor":53,"turns":3},{"damage":0,"enemies":"Cultist","floor":54,"turns":3},{"damage":126,"enemies":"Nightmare","floor":57,"turns":7},{"damage":0,"enemies":"3 Louse","floor":59,"turns":1},{"damage":0,"enemies":"Large Slime","floor":61,"turns":4},{"damage":0,"enemies":"Lagavulin","floor":63,"turns":2},{"damage":4,"enemies":"Exordium Thugs","floor":64,"turns":2},{"damage":0,"enemies":"Exordium Wildlife","floor":65,"turns":2},{"damage":42,"enemies":"Hexaghost","floor":67,"turns":4},{"damage":0,"enemies":"Spheric Guardian","floor":69,"turns":2},{"damage":0,"enemies":"Chosen","floor":70,"turns":2},{"damage":2,"enemies":"Centurion and Healer","floor":71,"turns":4},{"damage":1,"enemies":"3 Cultists","floor":73,"turns":4},{"damage":11,"enemies":"Masked Bandits","floor":75,"turns":3},{"damage":45,"enemies":"Book of Stabbing","floor":76,"turns":3},{"damage":0,"enemies":"Cultist and Chosen","floor":79,"turns":3},{"damage":36,"enemies":"Snake Plant","floor":80,"turns":3},{"damage":20,"enemies":"Nightmare_Alpha","floor":81,"turns":1}],"seed_played":"-8177354161349258854","potions_obtained":[{"floor":7,"key":"SpeedPotion"},{"floor":10,"key":"SteroidPotion"},{"floor":12,"key":"LiquidBronze"},{"floor":18,"key":"Weak Potion"},{"floor":22,"key":"Slimebound:SlimedPotion"},{"floor":29,"key":"Slimebound:SlimedPotion"},{"floor":33,"key":"Regen Potion"},{"floor":41,"key":"construct:ShiftPotion"},{"floor":57,"key":"Cursed Concoction"}],"is_trial":false,"path_per_floor":["M","$","?","?","?","R","E","M","T","M","R","M","R","M","R","B",null,"M","?","M","$","M","R","$","R","T","M","M","M","?","NM","R","B",null,"M","?","$","?","$","R","M","M","T","R","M","$","?","NM","R","B",null,"M","M","M","?","?","NM","R","M","T","M","?","E","M","M","R","B",null,"M","M","M","$","M","R","?","E","T","R","M","M","NM"],"character_chosen":"IRONCLAD","items_purchased":["infinitespire:EmpoweringShard","Evolve","Shrug It Off","Mind Blast","Bottled Tornado"],"campfire_rested":1,"item_purchase_floors":[21,21,39,72,72],"current_hp_per_floor":[80,80,80,85,78,78,60,66,66,72,72,78,78,82,82,19,85,85,85,85,85,85,85,85,85,85,85,81,77,77,74,74,10,85,81,81,81,73,73,73,78,85,85,85,85,85,81,66,66,33,81,81,72,78,78,78,18,42,48,48,54,54,60,62,73,73,37,81,81,81,81,81,81,81,76,42,42,42,48,18,0],"gold":732,"neow_bonus":"ONE_RARE_RELIC","is_prod":false,"is_daily":false,"chose_seed":false,"campfire_upgraded":12,"win_rate":0,"timestamp":1547015280,"path_taken":["M","$","?","?","?","R","E","?","T","M","R","M","R","M","R","BOSS","M","?","M","$","M","R","$","R","T","?","M","?","?","NM","R","BOSS","M","?","$","?","?","R","?","M","T","R","M","$","?","NM","R","BOSS","M","M","M","?","?","NM","R","?","T","M","?","E","M","M","R","BOSS","M","M","?","$","M","R","?","E","T","R","M","M","NM"],"build_version":"2019-01-03v4","purchased_purges":3,"victory":false,"max_hp_per_floor":[80,80,80,85,85,85,85,85,85,85,85,85,85,85,85,85,85,85,85,85,85,85,85,85,85,85,85,85,85,85,85,85,85,85,85,85,85,85,85,85,85,85,85,85,85,85,81,81,81,81,81,81,81,81,81,81,81,81,81,81,81,81,81,81,81,81,81,81,81,81,81,81,81,81,81,81,81,81,81,81,81],"card_choices":[{"not_picked":["Anger","Twin Strike","Iron Wave"],"picked":"SKIP","floor":1},{"not_picked":["Wild Strike","Anger"],"picked":"Run Through","floor":7},{"not_picked":["Replay:Undeath\u0027s Touch","ReplayReversal","Body Slam"],"picked":"SKIP","floor":8},{"not_picked":["Headbutt","Infernal Blade","ReplayTheSpireMod:Corrosion Curse"],"picked":"SKIP","floor":10},{"not_picked":["Headbutt","Infernal Blade","ReplayTheSpireMod:Corrosion Curse"],"picked":"SKIP","floor":10},{"not_picked":["Clash","Twin Strike"],"picked":"Shrug It Off","floor":12},{"not_picked":["Offering","Abandon","Entrench"],"picked":"SKIP","floor":14},{"not_picked":["Limit Break","Brutality"],"picked":"Demon Form","floor":16},{"not_picked":["Thunderclap","Havoc+1","ReplayTheSpireMod:Strike From Hell"],"picked":"SKIP","floor":18},{"not_picked":["Sword Boomerang+1","Bloodletting"],"picked":"Pommel Strike+1","floor":20},{"not_picked":["Havoc","Flex","True Grit"],"picked":"SKIP","floor":22},{"not_picked":["Havoc","Replay:Undeath\u0027s Touch","Flex"],"picked":"SKIP","floor":27},{"not_picked":["Seeing Red","ReplayTheSpireMod:Muscle Training+1","Flex"],"picked":"SKIP","floor":28},{"not_picked":["Exhume","Wild Strike+1"],"picked":"Sword Boomerang+1","floor":29},{"not_picked":["infinitespire:Menacing","infinitespire:TheBestDefense"],"picked":"ReplayTheSpireMod:??????????????????????","floor":31},{"not_picked":["Run Through","Clash","ReplayTheSpireMod:Muscle Training"],"picked":"SKIP","floor":31},{"not_picked":["Hemogenesis","Juggernaut"],"picked":"Barricade","floor":33},{"not_picked":["Hemokinesis","True Grit+1"],"picked":"Flame Barrier","floor":35},{"not_picked":["Swift Strike","Specialist"],"picked":"Replay:Dark Deal","floor":36},{"not_picked":["Shrug It Off","ReplayTheSpireMod:Corrosion Curse+1"],"picked":"Heavy Blade+1","floor":38},{"not_picked":["Replay:Undeath\u0027s Touch+1","Armaments+1","Pommel Strike"],"picked":"SKIP","floor":41},{"not_picked":["Power Through","Metallicize+1","Perfected Strike"],"picked":"SKIP","floor":42},{"not_picked":["Twin Strike","Warcry+1","Havoc"],"picked":"SKIP","floor":45},{"not_picked":["Replay:Fractal Strike","ReplayTheSpireMod:Chaos Vortex"],"picked":"infinitespire:Virus","floor":48},{"not_picked":["Fire Breathing+1","Rupture+1"],"picked":"Shrug It Off+1","floor":48},{"not_picked":["ReplayTheSpireMod:Strike From Hell","ReplayTheSpireMod:Stacked","True Grit"],"picked":"SKIP","floor":52},{"not_picked":["Clash","Spot Weakness","Iron Wave"],"picked":"SKIP","floor":53},{"not_picked":["Disarm","Clothesline","Second Wind"],"picked":"SKIP","floor":54},{"not_picked":["Body Slam","Ghostly Armor"],"picked":"Carnage","floor":57},{"not_picked":["True Grit","Replay:Undeath\u0027s Touch"],"picked":"Heavy Blade","floor":59},{"not_picked":["Perfected Strike","Shrug It Off","Battle Trance"],"picked":"SKIP","floor":61},{"not_picked":["Power Through","Ghostly Armor","Body Slam"],"picked":"SKIP","floor":63},{"not_picked":["Replay:Undeath\u0027s Touch","Pommel Strike","Offering"],"picked":"SKIP","floor":64},{"not_picked":["Rupture","Headbutt","Massacre"],"picked":"SKIP","floor":65},{"not_picked":["Feed","Barricade"],"picked":"Juggernaut","floor":67},{"not_picked":["Armaments","Defy Death","Searing Blow"],"picked":"SKIP","floor":69},{"not_picked":["Clash","Iron Wave","Wild Strike"],"picked":"SKIP","floor":70},{"not_picked":["Replay:Undeath\u0027s Touch","Run Through","ReplayTheSpireMod:Corrosion Curse"],"picked":"SKIP","floor":71},{"not_picked":["Thunderclap","ReplayTheSpireMod:Muscle Training","ReplayTheSpireMod:Strike From Hell"],"picked":"SKIP","floor":73},{"not_picked":["Twin Strike","Iron Wave+1","Evolve"],"picked":"SKIP","floor":76},{"not_picked":["Brutality","Battle Trance","Thunderclap"],"picked":"SKIP","floor":79},{"not_picked":["Body Slam","Spot Weakness+1","Warcry"],"picked":"SKIP","floor":80}],"player_experience":540680,"relics_obtained":[{"floor":7,"key":"PreservedInsect"},{"floor":9,"key":"hubris:OldNail"},{"floor":26,"key":"War Paint"},{"floor":31,"key":"Mercury Hourglass"},{"floor":38,"key":"hubris:CuriousFeather"},{"floor":48,"key":"hubris:ToyBattleship"},{"floor":55,"key":"infinitespire:FocusingShard"},{"floor":57,"key":"hubris:MedicalManual"},{"floor":63,"key":"Simple Rune"},{"floor":75,"key":"Red Mask"},{"floor":76,"key":"ReplayTheSpireMod:Lightbulb"}],"event_choices":[{"damage_healed":0,"gold_gain":0,"player_choice":"Grow","damage_taken":0,"max_hp_gain":0,"max_hp_loss":0,"event_name":"Living Wall","floor":3,"gold_loss":0,"cards_upgraded":["MasterSpark"]},{"damage_healed":0,"gold_gain":0,"player_choice":"Donut","damage_taken":0,"max_hp_gain":5,"max_hp_loss":0,"event_name":"Big Fish","floor":4,"gold_loss":0},{"cards_removed":["Strike_R"],"damage_healed":0,"gold_gain":0,"player_choice":"Card Removal","damage_taken":7,"max_hp_gain":0,"max_hp_loss":0,"event_name":"Golden Wing","floor":5,"gold_loss":0},{"damage_healed":0,"gold_gain":0,"player_choice":"Upgraded","damage_taken":0,"max_hp_gain":0,"max_hp_loss":0,"event_name":"Upgrade Shrine","floor":19,"gold_loss":0,"cards_upgraded":["Demon Form"]},{"damage_healed":0,"gold_gain":0,"player_choice":"Memory 1","damage_taken":0,"max_hp_gain":0,"max_hp_loss":0,"event_name":"SensoryStone","floor":36,"gold_loss":0},{"damage_healed":0,"gold_gain":0,"player_choice":"Fight","damage_taken":0,"max_hp_gain":0,"max_hp_loss":0,"event_name":"MindBloom","floor":38,"gold_loss":0},{"damage_healed":0,"gold_gain":0,"player_choice":"Max HP","damage_taken":0,"max_hp_gain":0,"max_hp_loss":4,"event_name":"Winding Halls","floor":47,"gold_loss":0},{"cards_removed":["Strike_R"],"damage_healed":0,"gold_gain":0,"player_choice":"Card Removal","damage_taken":0,"max_hp_gain":0,"max_hp_loss":0,"event_name":"Wheel of Change","floor":56,"gold_loss":0},{"cards_removed":["Strike_R"],"damage_healed":0,"gold_gain":0,"player_choice":"Offered Basic","damage_taken":0,"max_hp_gain":0,"max_hp_loss":0,"event_name":"Bonfire Elementals","floor":62,"gold_loss":0},{"damage_healed":0,"gold_gain":0,"player_choice":"Fought Bandits","damage_taken":0,"max_hp_gain":0,"max_hp_loss":0,"event_name":"Masked Bandits","floor":75,"gold_loss":0}],"is_beta":false,"boss_relics":[{"not_picked":["hubris:ScarierMask","Calling Bell"],"picked":"Snecko Eye"},{"not_picked":["hubris:RunicObelisk","Replay:Drink Me"],"picked":"Cursed Key"},{"not_picked":["ChewingGum","ReplayTheSpireMod:DimensionalGlitch"],"picked":"Lizard Tail"},{"not_picked":["Replay:Bronze Core","Fusion Hammer"],"picked":"hubris:HollowSoul"}],"items_purged_floors":[2,46,72],"is_endless":true,"potions_floor_spawned":[7,10,12,18,22,29,31,33,41,42,48,57,61,64,67,71,73,76,79],"killed_by":"Nightmare_Alpha","ascension_level":0}