{"gold_per_floor":[114,69,344,361,92,126,126,151,175,192,192,211,227,243,243,341,341,322,337,337,349,363,363,363,363],"floor_reached":25,"playtime":1031,"items_purged":["Regret"],"score":276,"play_id":"6ba6c757-2cf2-451d-b509-6984325d71f6","local_time":"20190715171451","is_ascension_mode":true,"campfire_choices":[{"data":"Bouncing Flask","floor":7.0,"key":"SMITH"},{"floor":11.0,"key":"REST"},{"data":"After Image","floor":15.0,"key":"SMITH"},{"floor":23.0,"key":"REST"}],"neow_cost":"NONE","seed_source_timestamp":455281482834790,"circlet_count":0,"master_deck":["Strike_G","Strike_G","Strike_G","Strike_G","Strike_G","Defend_G","Defend_G","Defend_G","Defend_G","Defend_G","Survivor","Neutralize","Dagger Throw","Dagger Throw","Quick Slash","Bouncing Flask+1","Quick Slash","Dash","After Image+1","Blade Dance","PiercingWail","PiercingWail","Sucker Punch","A Thousand Cuts","PiercingWail+1","Dodge and Roll","Cloak And Dagger+1","Accuracy","Burst"],"special_seed":0,"relics":["Ring of the Snake","NeowsBlessing","Bronze Scales","Dream Catcher","Dead Branch","Oddly Smooth Stone","WristBlade","FaceOfCleric","Kunai"],"potions_floor_usage":[25],"damage_taken":[{"damage":0.0,"enemies":"Cultist","floor":1.0,"turns":1.0},{"damage":0.0,"enemies":"2 Louse","floor":4.0,"turns":1.0},{"damage":0.0,"enemies":"Lagavulin","floor":6.0,"turns":1.0},{"damage":17.0,"enemies":"3 Sentries","floor":8.0,"turns":6.0},{"damage":1.0,"enemies":"Jaw Worm","floor":10.0,"turns":2.0},{"damage":0.0,"enemies":"Exordium Thugs","floor":12.0,"turns":4.0},{"damage":0.0,"enemies":"3 Louse","floor":13.0,"turns":2.0},{"damage":0.0,"enemies":"2 Fungi Beasts","floor":14.0,"turns":3.0},{"damage":33.0,"enemies":"The Guardian","floor":16.0,"turns":9.0},{"damage":12.0,"enemies":"2 Thieves","floor":18.0,"turns":4.0},{"damage":27.0,"enemies":"Chosen","floor":19.0,"turns":5.0},{"damage":15.0,"enemies":"Snecko","floor":21.0,"turns":7.0},{"damage":2.0,"enemies":"Centurion and Healer","floor":22.0,"turns":9.0},{"damage":38,"enemies":"Slavers","floor":25,"turns":3}],"seed_played":"8721290777886494409","potions_obtained":[{"floor":1.0,"key":"SkillPotion"},{"floor":6.0,"key":"Explosive Potion"},{"floor":12.0,"key":"AttackPotion"},{"floor":14.0,"key":"SpeedPotion"},{"floor":16.0,"key":"SkillPotion"},{"floor":19.0,"key":"Energy Potion"}],"is_trial":false,"path_per_floor":["M","$","?","M","$","E","R","E","T","M","R","M","M","M","R","B",null,"M","M","?","M","M","R","T","E"],"character_chosen":"THE_SILENT","items_purchased":["Dagger Throw","Bronze Scales","Bouncing Flask"],"campfire_rested":2,"item_purchase_floors":[2,5,5],"current_hp_per_floor":[70,70,70,70,70,70,70,53,53,52,70,70,70,70,70,37,70,58,31,31,17,16,37,37,0],"gold":363,"neow_bonus":"THREE_ENEMY_KILL","is_prod":false,"is_daily":false,"chose_seed":false,"campfire_upgraded":2,"win_rate":0,"timestamp":1563225291,"path_taken":["M","$","?","?","$","E","R","E","T","?","R","M","M","M","R","BOSS","M","?","?","M","?","R","?","E"],"build_version":"2019-07-05","purchased_purges":1,"victory":false,"max_hp_per_floor":[70,70,70,70,70,70,70,70,70,70,70,70,70,70,70,70,70,70,70,70,71,72,72,72,72],"card_choices":[{"not_picked":["Noxious Fumes","Tactician"],"picked":"Dagger Throw","floor":1.0},{"not_picked":["Heel Hook","Blur"],"picked":"Quick Slash","floor":4.0},{"not_picked":["Blade Dance","Reflex"],"picked":"Quick Slash","floor":6.0},{"not_picked":["Acrobatics","Dagger Throw"],"picked":"Dash","floor":8.0},{"not_picked":["Backflip","Slice"],"picked":"After Image","floor":10.0},{"not_picked":["Acrobatics","Flying Knee"],"picked":"Blade Dance","floor":11.0},{"not_picked":["Well Laid Plans","Footwork"],"picked":"PiercingWail","floor":12.0},{"not_picked":["Acrobatics","Outmaneuver"],"picked":"PiercingWail","floor":13.0},{"not_picked":["Outmaneuver","Bane"],"picked":"Sucker Punch","floor":14.0},{"not_picked":["Storm of Steel","Die Die Die"],"picked":"A Thousand Cuts","floor":16.0},{"not_picked":["Tactician","Blur+1"],"picked":"PiercingWail+1","floor":18.0},{"not_picked":["Deadly Poison","Sucker Punch"],"picked":"Dodge and Roll","floor":19.0},{"not_picked":["Finisher","Noxious Fumes"],"picked":"Cloak And Dagger+1","floor":21.0},{"not_picked":["Poisoned Stab","Bouncing Flask"],"picked":"Accuracy","floor":22.0},{"not_picked":["Backflip","All Out Attack"],"picked":"Burst","floor":23.0}],"player_experience":165885,"relics_obtained":[{"floor":6.0,"key":"Dream Catcher"},{"floor":8.0,"key":"Dead Branch"},{"floor":9.0,"key":"Oddly Smooth Stone"},{"floor":24.0,"key":"Kunai"}],"event_choices":[{"damage_healed":0.0,"max_hp_gain":0.0,"max_hp_loss":0.0,"gold_gain":275.0,"event_name":"Golden Shrine","player_choice":"Desecrate","floor":3.0,"gold_loss":0.0,"damage_taken":0.0,"cards_obtained":["Regret"]},{"damage_healed":0.0,"max_hp_gain":0.0,"max_hp_loss":0.0,"gold_gain":0.0,"event_name":"FaceTrader","player_choice":"Trade","floor":20.0,"gold_loss":0.0,"damage_taken":0.0,"relics_obtained":["FaceOfCleric"]}],"is_beta":false,"boss_relics":[{"not_picked":["White Beast Statue","Tiny House"],"picked":"WristBlade"}],"items_purged_floors":[5],"is_endless":false,"potions_floor_spawned":[1,6,12,14,16,19],"killed_by":"Slavers","ascension_level":3}