{"gold_per_floor":[16,16,116,126,143,143,163,163,163,20,20,40,65,75,75,173,173,184,173,30,50,69,94,94,9,9,9,9,9,9,29,29,29],"floor_reached":33,"playtime":6415,"items_purged":["Defend_G"],"score":292,"play_id":"72819bc7-0894-4e23-80d6-69ecb14afb13","local_time":"20190719143746","is_ascension_mode":false,"campfire_choices":[{"data":"Escape Plan","floor":6,"key":"SMITH"},{"data":"Dodge and Roll","floor":8,"key":"SMITH"},{"data":"Well Laid Plans","floor":11,"key":"SMITH"},{"data":"Calculated Gamble","floor":15,"key":"SMITH"},{"data":"Malaise","floor":27,"key":"SMITH"},{"data":"Escape Plan","floor":29,"key":"SMITH"},{"floor":32,"key":"REST"}],"neow_cost":"NO_GOLD","seed_source_timestamp":830316518705915,"circlet_count":0,"master_deck":["Strike_G","Strike_G","Strike_G","Strike_G","Defend_G","Defend_G","Defend_G","Defend_G","Survivor","Neutralize","Well Laid Plans+1","Envenom","Predator","Escape Plan+1","Dodge and Roll+1","Infinite Blades","Escape Plan+1","Leg Sweep","Calculated Gamble+1","Malaise+1","Blade Dance+1","Deadly Poison","Noxious Fumes","Crippling Poison","Catalyst+1","Bane","Heel Hook","Writhe","Decay","Blur"],"relics":["Ring of the Snake","Calipers","Pear","Paper Crane","WristBlade","Strawberry","Ginger","Dodecahedron","Ancient Tea Set"],"potions_floor_usage":[13,13,16,16,23,23,33,33],"damage_taken":[{"damage":5,"enemies":"Jaw Worm","floor":1,"turns":6},{"damage":0,"enemies":"Cultist","floor":4,"turns":4},{"damage":0,"enemies":"2 Louse","floor":5,"turns":3},{"damage":9,"enemies":"Large Slime","floor":7,"turns":9},{"damage":11,"enemies":"Exordium Thugs","floor":12,"turns":5},{"damage":7,"enemies":"Lagavulin","floor":13,"turns":5},{"damage":0,"enemies":"Looter","floor":14,"turns":4},{"damage":17,"enemies":"The Guardian","floor":16,"turns":11},{"damage":0,"enemies":"Chosen","floor":18,"turns":6},{"damage":6,"enemies":"2 Thieves","floor":19,"turns":4},{"damage":21,"enemies":"3 Cultists","floor":21,"turns":6},{"damage":8,"enemies":"Centurion and Healer","floor":22,"turns":7},{"damage":19,"enemies":"Book of Stabbing","floor":23,"turns":7},{"damage":8,"enemies":"Snake Plant","floor":31,"turns":6},{"damage":51,"enemies":"Collector","floor":33,"turns":8}],"seed_played":"8463349500338448880","potions_obtained":[{"floor":1,"key":"Energy Potion"},{"floor":5,"key":"GamblersBrew"},{"floor":7,"key":"Strength Potion"},{"floor":13,"key":"Strength Potion"},{"floor":14,"key":"Strength Potion"},{"floor":21,"key":"PowerPotion"},{"floor":22,"key":"Block Potion"},{"floor":23,"key":"GamblersBrew"}],"is_trial":false,"path_per_floor":["M","?","?","M","M","R","M","R","T","$","R","M","E","M","R","B",null,"M","M","$","M","M","E","?","?","T","R","$","R","?","M","R","B"],"character_chosen":"THE_SILENT","items_purchased":["Infinite Blades","Noxious Fumes","Crippling Poison"],"campfire_rested":1,"item_purchase_floors":[10,20,20],"current_hp_per_floor":[65,65,65,65,65,65,56,56,66,66,66,55,48,48,48,31,80,80,74,74,53,45,33,33,33,33,33,33,33,33,25,51,0],"gold":29,"neow_bonus":"ONE_RARE_RELIC","is_prod":false,"is_daily":false,"chose_seed":false,"campfire_upgraded":6,"win_rate":0.0,"timestamp":1563561466,"path_taken":["M","?","?","M","M","R","M","R","T","$","R","M","E","M","R","BOSS","M","?","?","M","?","E","?","?","T","R","$","R","?","M","R","BOSS"],"build_version":"2019-06-28","purchased_purges":1,"victory":false,"max_hp_per_floor":[70,70,70,70,70,70,70,70,80,80,80,80,80,80,80,80,80,80,80,80,80,80,87,87,87,87,87,87,87,87,87,87,87],"card_choices":[{"not_picked":["Prepared","Distraction"],"picked":"Well Laid Plans","floor":1},{"not_picked":["Flying Knee","Sucker Punch"],"picked":"Predator","floor":4},{"not_picked":["Crippling Poison","Blade Dance"],"picked":"Escape Plan","floor":5},{"not_picked":["Underhanded Strike","Bullet Time"],"picked":"Dodge and Roll","floor":7},{"not_picked":["Deflect","Masterful Stab"],"picked":"Escape Plan","floor":12},{"not_picked":["Predator","Distraction"],"picked":"Leg Sweep","floor":13},{"not_picked":["Quick Slash","Bane"],"picked":"Calculated Gamble","floor":14},{"not_picked":["Bullet Time","A Thousand Cuts"],"picked":"Malaise","floor":16},{"not_picked":["Terror","Dodge and Roll"],"picked":"Blade Dance+1","floor":18},{"not_picked":["Deflect","Sucker Punch"],"picked":"Deadly Poison","floor":19},{"not_picked":["Backflip","Underhanded Strike"],"picked":"Catalyst+1","floor":21},{"not_picked":["Well Laid Plans","Tactician+1"],"picked":"Bane","floor":22},{"not_picked":["PiercingWail","Slice"],"picked":"Heel Hook","floor":23},{"not_picked":["Die Die Die","Dagger Throw"],"picked":"Blur","floor":31}],"player_experience":46088,"relics_obtained":[{"floor":9,"key":"Pear"},{"floor":13,"key":"Paper Crane"},{"floor":23,"key":"Strawberry"},{"floor":26,"key":"Ancient Tea Set"}],"event_choices":[{"damage_healed":0,"gold_gain":0,"cards_transformed":["Strike_G"],"player_choice":"Change","damage_taken":0,"max_hp_gain":0,"max_hp_loss":0,"event_name":"Living Wall","floor":2,"gold_loss":0,"cards_obtained":["Envenom"]},{"damage_healed":0,"gold_gain":100,"player_choice":"Pray","damage_taken":0,"max_hp_gain":0,"max_hp_loss":0,"event_name":"Golden Shrine","floor":3,"gold_loss":0},{"damage_healed":0,"gold_gain":0,"player_choice":"Opened","damage_taken":0,"relics_obtained":["Ginger"],"max_hp_gain":0,"max_hp_loss":0,"event_name":"The Mausoleum","floor":24,"gold_loss":0,"cards_obtained":["Writhe"]},{"damage_healed":0,"gold_gain":0,"player_choice":"Obtained Relic","damage_taken":0,"relics_obtained":["Dodecahedron"],"max_hp_gain":0,"max_hp_loss":0,"event_name":"Addict","floor":25,"gold_loss":85},{"damage_healed":0,"gold_gain":0,"player_choice":"Cursed","damage_taken":0,"max_hp_gain":0,"max_hp_loss":0,"event_name":"Wheel of Change","floor":30,"gold_loss":0,"cards_obtained":["Decay"]}],"is_beta":true,"boss_relics":[{"not_picked":["Eternal Feather","Calling Bell"],"picked":"WristBlade"}],"items_purged_floors":[10],"is_endless":false,"potions_floor_spawned":[1,5,7,13,14,21,22,23],"killed_by":"Collector","ascension_level":0}