{"gold_per_floor":[12,31,49,49,63,98,98,98,124,142,142,142],"floor_reached":12,"playtime":477,"items_purged":[],"score":156,"play_id":"18faf098-3bc6-45b2-8981-a0cedc8e2cd1","local_time":"20190625205106","is_ascension_mode":true,"campfire_choices":[{"floor":7,"key":"REST"},{"data":"Neutralize","floor":11,"key":"SMITH"}],"neow_cost":"NO_GOLD","seed_source_timestamp":301146780200342,"circlet_count":0,"master_deck":["AscendersBane","Defend_G","Defend_G","Defend_G","Defend_G","Defend_G","Strike_G","Strike_G","Strike_G","Strike_G","Strike_G","Survivor","Neutralize+1","Corpse Explosion","Sucker Punch","Dagger Throw","Bane","Deflect","Backflip","Deadly Poison"],"relics":["Ring of the Snake","PreservedInsect","NlothsMask"],"potions_floor_usage":[6,12],"damage_taken":[{"damage":0,"enemies":"2 Louse","floor":1,"turns":2},{"damage":0,"enemies":"Cultist","floor":2,"turns":4},{"damage":11,"enemies":"Small Slimes","floor":3,"turns":4},{"damage":5,"enemies":"Exordium Wildlife","floor":5,"turns":5},{"damage":42,"enemies":"Lagavulin","floor":6,"turns":9},{"damage":0,"enemies":"Looter","floor":10,"turns":5},{"damage":21,"enemies":"Exordium Thugs","floor":12,"turns":3}],"seed_played":"3211556585603089185","potions_obtained":[{"floor":5,"key":"Strength Potion"},{"floor":10,"key":"Swift Potion"}],"is_trial":false,"path_per_floor":["M","M","M","?","M","E","R","?","T","M","R","M"],"character_chosen":"THE_SILENT","items_purchased":[],"campfire_rested":1,"item_purchase_floors":[],"current_hp_per_floor":[59,59,48,48,43,1,20,20,20,20,20,0],"gold":142,"neow_bonus":"THREE_RARE_CARDS","is_prod":false,"is_daily":false,"chose_seed":false,"campfire_upgraded":1,"win_rate":0,"timestamp":1561459866,"path_taken":["M","M","M","?","M","E","R","?","T","?","R","M"],"build_version":"2019-01-23","purchased_purges":0,"victory":false,"max_hp_per_floor":[66,66,66,66,66,66,66,66,66,66,66,66],"card_choices":[{"not_picked":["Envenom","Tools of the Trade"],"picked":"Corpse Explosion","floor":0},{"not_picked":["Blade Dance","Dodge and Roll"],"picked":"Sucker Punch","floor":1},{"not_picked":["Backflip","Bane"],"picked":"Dagger Throw","floor":2},{"not_picked":["Reflex","Blade Dance"],"picked":"Bane","floor":3},{"not_picked":["Riddle With Holes","Catalyst"],"picked":"Deflect","floor":5},{"not_picked":["Skewer","Endless Agony"],"picked":"Backflip","floor":6},{"not_picked":["Wraith Form v2","Flying Knee"],"picked":"Deadly Poison","floor":10}],"player_experience":585901,"relics_obtained":[{"floor":6,"key":"PreservedInsect"}],"event_choices":[{"damage_healed":0,"gold_gain":0,"player_choice":"Ignored","damage_taken":0,"max_hp_gain":0,"max_hp_loss":0,"event_name":"Liars Game","floor":4,"gold_loss":0},{"damage_healed":0,"gold_gain":0,"player_choice":"Trade","damage_taken":0,"relics_obtained":["NlothsMask"],"max_hp_gain":0,"max_hp_loss":0,"event_name":"FaceTrader","floor":8,"gold_loss":0}],"is_beta":false,"boss_relics":[],"items_purged_floors":[],"is_endless":false,"potions_floor_spawned":[5,10],"killed_by":"Exordium Thugs","ascension_level":19}