{"gold_per_floor":[112,124,124,139,207,232,232,267,267,442,101,101,126,158,170,281,293,322,433,445,21,39,39,72,72,72,72,72,98,98,117,117,216,216,232,232],"floor_reached":36,"playtime":2194,"items_purged":["Doubt"],"score":548,"play_id":"f22f9d42-c73b-41de-8bfa-2c30ac92607e","local_time":"20190718202328","is_ascension_mode":true,"campfire_choices":[{"data":"Armaments","floor":7.0,"key":"SMITH"},{"floor":15,"key":"REST"},{"data":"Uppercut","floor":23,"key":"SMITH"},{"floor":25,"key":"REST"},{"floor":30,"key":"REST"},{"floor":32,"key":"REST"}],"neow_cost":"NONE","seed_source_timestamp":724786576815964,"circlet_count":0,"master_deck":["Defend_R","Defend_R","Defend_R","Defend_R","Bash+1","Shrug It Off","Battle Trance","Sever Soul","Armaments+1","Iron Wave","Uppercut+1","Warcry+1","Limit Break+1","Offering+1","Rampage","Bite","Bite","Bite","Bite","Bite","Metallicize","True Grit+1","Shrug It Off+1","Juggernaut","Regret","Flame Barrier+1","Feel No Pain","Dark Embrace"],"special_seed":0,"relics":["Burning Blood","NeowsBlessing","PreservedInsect","Toxic Egg 2","Self Forming Clay","Strawberry","Boot","MawBank","Cursed Key","Ginger","Orichalcum","Matryoshka","Snecko Eye"],"potions_floor_usage":[13,14,22,24,24,28,31],"damage_taken":[{"damage":0.0,"enemies":"Cultist","floor":1.0,"turns":1.0},{"damage":0.0,"enemies":"2 Louse","floor":2.0,"turns":1.0},{"damage":0.0,"enemies":"Small Slimes","floor":4.0,"turns":1.0},{"damage":47.0,"enemies":"Lagavulin","floor":6.0,"turns":6.0},{"damage":20.0,"enemies":"3 Sentries","floor":8.0,"turns":6.0},{"damage":25,"enemies":"Gremlin Nob","floor":13,"turns":4},{"damage":0,"enemies":"3 Louse","floor":14,"turns":3},{"damage":42,"enemies":"Hexaghost","floor":16,"turns":14},{"damage":8,"enemies":"Chosen","floor":18,"turns":6},{"damage":10,"enemies":"3 Byrds","floor":22,"turns":2},{"damage":46,"enemies":"Book of Stabbing","floor":24,"turns":6},{"damage":0,"enemies":"Shelled Parasite and Fungi","floor":28,"turns":1},{"damage":50,"enemies":"Gremlin Leader","floor":29,"turns":5},{"damage":10,"enemies":"Sentry and Sphere","floor":31,"turns":5},{"damage":69,"enemies":"Collector","floor":33,"turns":13},{"damage":13,"enemies":"3 Darklings","floor":35,"turns":5},{"damage":76,"enemies":"2 Orb Walkers","floor":36,"turns":6}],"seed_played":"9180117908103997789","potions_obtained":[{"floor":1.0,"key":"Regen Potion"},{"floor":2.0,"key":"FearPotion"},{"floor":8.0,"key":"AttackPotion"},{"floor":13,"key":"LiquidBronze"},{"floor":14,"key":"EssenceOfSteel"},{"floor":27,"key":"SmokeBomb"},{"floor":27,"key":"Strength Potion"},{"floor":27,"key":"Swift Potion"},{"floor":31,"key":"SteroidPotion"}],"is_trial":false,"path_per_floor":["M","M","?","M","?","E","R","E","T","?","$","?","E","M","R","B",null,"M","?","?","$","M","R","E","R","T","?","M","E","R","M","R","B",null,"M","?"],"character_chosen":"IRONCLAD","items_purchased":["Strawberry","Uppercut","Regen Potion","Ginger","Metallicize","True Grit+1"],"campfire_rested":4,"item_purchase_floors":[11,11,11,21,21,21],"current_hp_per_floor":[80,80,80,80,80,44,44,30,30,30,37,30,23,29,55,19,70,68,68,60,60,60,60,36,54,54,54,60,25,43,49,60,36,54,51,0],"gold":232,"neow_bonus":"THREE_ENEMY_KILL","is_prod":false,"is_daily":false,"chose_seed":false,"campfire_upgraded":2,"win_rate":0,"timestamp":1563495808,"path_taken":["M","?","?","M","?","E","R","E","T","?","$","?","E","M","R","BOSS","M","?","?","$","M","R","E","R","T","?","?","E","R","M","R","BOSS","M","?"],"build_version":"2019-07-17","purchased_purges":1,"victory":false,"max_hp_per_floor":[80,80,80,80,80,80,80,80,80,80,87,87,87,87,87,87,87,87,87,60,60,60,60,60,60,60,60,60,60,60,60,60,60,60,60,60],"card_choices":[{"not_picked":["Reckless Charge","Sentinel"],"picked":"Shrug It Off","floor":1.0},{"not_picked":["Blood for Blood","True Grit"],"picked":"Battle Trance","floor":2.0},{"not_picked":["Intimidate","Ghostly Armor"],"picked":"Sever Soul","floor":4.0},{"not_picked":["Clash","Rupture"],"picked":"Armaments","floor":6.0},{"not_picked":["Sword Boomerang","Searing Blow"],"picked":"Iron Wave","floor":8.0},{"not_picked":["Wild Strike","Headbutt"],"picked":"Warcry+1","floor":13},{"not_picked":["Flex+1","Havoc+1"],"picked":"Limit Break+1","floor":14},{"not_picked":["Brutality","Berserk"],"picked":"Offering+1","floor":16},{"not_picked":["Heavy Blade","Blood for Blood"],"picked":"Rampage","floor":18},{"not_picked":["Heavy Blade","Dual Wield+1"],"picked":"Shrug It Off+1","floor":22},{"not_picked":["Clothesline","Bloodletting+1"],"picked":"Juggernaut","floor":24},{"not_picked":["True Grit+1","Cleave+1"],"picked":"Flame Barrier+1","floor":29},{"not_picked":["Sword Boomerang+1","Rage+1"],"picked":"Feel No Pain","floor":31},{"not_picked":["Fiend Fire","Bludgeon"],"picked":"Dark Embrace","floor":33},{"not_picked":["Whirlwind+1","Cleave","Body Slam+1"],"picked":"SKIP","floor":35}],"player_experience":209494,"relics_obtained":[{"floor":6.0,"key":"PreservedInsect"},{"floor":8.0,"key":"Toxic Egg 2"},{"floor":9.0,"key":"Self Forming Clay"},{"floor":13,"key":"MawBank"},{"floor":24,"key":"Orichalcum"},{"floor":29,"key":"Matryoshka"}],"event_choices":[{"damage_healed":0.0,"max_hp_gain":0.0,"max_hp_loss":0.0,"gold_gain":0.0,"event_name":"Living Wall","player_choice":"Grow","floor":3.0,"gold_loss":0.0,"damage_taken":0.0,"cards_upgraded":["Bash"]},{"damage_healed":0.0,"max_hp_gain":0.0,"max_hp_loss":0.0,"gold_gain":68.0,"event_name":"Golden Wing","player_choice":"Gained Gold","floor":5.0,"gold_loss":0.0,"damage_taken":0.0},{"damage_healed":0,"gold_gain":175,"player_choice":"AGREE","damage_taken":0,"max_hp_gain":0,"max_hp_loss":0,"event_name":"Liars Game","floor":10,"gold_loss":0,"cards_obtained":["Doubt"]},{"damage_healed":0,"gold_gain":0,"player_choice":"Success","damage_taken":7,"relics_obtained":["Boot"],"max_hp_gain":0,"max_hp_loss":0,"event_name":"Scrap Ooze","floor":12,"gold_loss":0},{"damage_healed":0,"gold_gain":99,"player_choice":"Stole From Cult","damage_taken":0,"max_hp_gain":0,"max_hp_loss":0,"event_name":"Nest","floor":19,"gold_loss":0},{"damage_healed":0,"gold_gain":0,"player_choice":"Became a vampire","damage_taken":0,"max_hp_gain":0,"max_hp_loss":27,"event_name":"Vampires","floor":20,"gold_loss":0,"cards_obtained":["Bite","Bite","Bite","Bite","Bite"]},{"damage_healed":0,"gold_gain":0,"player_choice":"Got Potions","damage_taken":0,"max_hp_gain":0,"max_hp_loss":0,"event_name":"Lab","floor":27,"gold_loss":0},{"damage_healed":0,"gold_gain":0,"player_choice":"Fight","damage_taken":0,"max_hp_gain":0,"max_hp_loss":0,"event_name":"Mysterious Sphere","floor":36,"gold_loss":0}],"is_beta":false,"boss_relics":[{"not_picked":["Empty Cage","Runic Pyramid"],"picked":"Cursed Key"},{"not_picked":["White Beast Statue","Velvet Choker"],"picked":"Snecko Eye"}],"items_purged_floors":[11],"is_endless":false,"potions_floor_spawned":[1,2,8,13,14,28,31],"killed_by":"2 Orb Walkers","ascension_level":5}