{"gold_per_floor":[219,232,47,62,62,90,90,119,119,119,119,27,46,61,61,138,138,153,78,88,38,56,56,91,91,91,91,103,103,103,122,122,122],"floor_reached":33,"playtime":2326,"items_purged":["Strike_G"],"score":561,"play_id":"0c58a414-69a6-4d6d-bbb1-da2b92281745","local_time":"20190702151908","is_ascension_mode":true,"campfire_choices":[{"floor":7,"key":"REST"},{"floor":10,"key":"REST"},{"floor":15,"key":"REST"},{"floor":23,"key":"REST"},{"data":"After Image","floor":27,"key":"SMITH"},{"floor":32,"key":"REST"}],"neow_cost":"NONE","seed_source_timestamp":344499123864506,"circlet_count":0,"master_deck":["AscendersBane","Strike_G","Strike_G","Strike_G","Strike_G","Defend_G","Defend_G","Defend_G","Defend_G","Defend_G","Survivor","Neutralize+1","Cloak And Dagger","Poisoned Stab","After Image+1","Poisoned Stab","Dagger Spray","PiercingWail","PiercingWail","Backstab","Bandage Up","Cloak And Dagger","Cloak And Dagger","Unload","Backflip","Blade Dance","Acrobatics+1","Leg Sweep","Acrobatics"],"relics":["Ring of the Snake","Juzu Bracelet","Kunai","Snake Skull","FaceOfCleric","Cursed Key","Smiling Mask"],"potions_floor_usage":[8,16,16,20,28,33],"damage_taken":[{"damage":2,"enemies":"Jaw Worm","floor":1,"turns":7},{"damage":0,"enemies":"Cultist","floor":2,"turns":4},{"damage":1,"enemies":"2 Louse","floor":4,"turns":2},{"damage":54,"enemies":"Gremlin Nob","floor":6,"turns":5},{"damage":12,"enemies":"3 Sentries","floor":8,"turns":9},{"damage":0,"enemies":"2 Fungi Beasts","floor":13,"turns":4},{"damage":2,"enemies":"3 Louse","floor":14,"turns":3},{"damage":32,"enemies":"Slime Boss","floor":16,"turns":21},{"damage":11,"enemies":"Spheric Guardian","floor":18,"turns":7},{"damage":19,"enemies":"3 Byrds","floor":20,"turns":8},{"damage":15,"enemies":"Snecko","floor":22,"turns":8},{"damage":4,"enemies":"Book of Stabbing","floor":24,"turns":7},{"damage":9,"enemies":"Shelled Parasite and Fungi","floor":28,"turns":6},{"damage":5,"enemies":"Centurion and Healer","floor":31,"turns":8},{"damage":86,"enemies":"Champ","floor":33,"turns":25}],"seed_played":"-1590649049875375908","potions_obtained":[{"floor":6,"key":"AttackPotion"},{"floor":8,"key":"SpeedPotion"},{"floor":13,"key":"EssenceOfSteel"},{"floor":20,"key":"Fruit Juice"},{"floor":24,"key":"SteroidPotion"},{"floor":28,"key":"Fire Potion"}],"is_trial":false,"path_per_floor":["M","M","$","M","?","E","R","E","T","R","?","$","M","M","R","B",null,"M","$","M","?","M","R","E","?","T","R","M","?","?","M","R","B"],"character_chosen":"THE_SILENT","items_purchased":["After Image","Poisoned Stab","Dagger Spray","Bandage Up"],"campfire_rested":5,"item_purchase_floors":[3,3,3,12],"current_hp_per_floor":[57,57,57,56,56,2,21,9,9,28,28,28,33,32,52,25,58,52,52,43,43,33,56,57,57,57,57,53,30,30,30,55,0],"gold":122,"neow_bonus":"HUNDRED_GOLD","is_prod":false,"is_daily":false,"chose_seed":false,"campfire_upgraded":1,"win_rate":0,"timestamp":1562044748,"path_taken":["M","M","$","M","?","E","R","E","T","R","?","$","M","M","R","BOSS","M","$","M","?","M","R","E","?","T","R","M","?","?","M","R","BOSS"],"build_version":"2019-07-01","purchased_purges":1,"victory":false,"max_hp_per_floor":[66,66,66,66,66,66,66,66,66,66,66,66,67,68,68,69,69,70,70,76,76,77,77,78,78,78,78,79,84,84,85,85,85],"card_choices":[{"not_picked":["Outmaneuver","Eviscerate"],"picked":"Cloak And Dagger","floor":1},{"not_picked":["Deflect","Quick Slash"],"picked":"Poisoned Stab","floor":2},{"not_picked":["Finisher","Distraction"],"picked":"PiercingWail","floor":4},{"not_picked":["Poisoned Stab","Tools of the Trade"],"picked":"PiercingWail","floor":6},{"not_picked":["Prepared","Underhanded Strike"],"picked":"Backstab","floor":8},{"not_picked":["Sucker Punch","Riddle With Holes"],"picked":"Cloak And Dagger","floor":13},{"not_picked":["Setup","Prepared"],"picked":"Cloak And Dagger","floor":14},{"not_picked":["Phantasmal Killer","A Thousand Cuts"],"picked":"Unload","floor":16},{"not_picked":["Poisoned Stab","Prepared+1"],"picked":"Backflip","floor":18},{"not_picked":["Flying Knee","Cloak And Dagger"],"picked":"Blade Dance","floor":20},{"not_picked":["Cloak And Dagger","Bane"],"picked":"Acrobatics+1","floor":22},{"not_picked":["Grand Finale","Deflect","Prepared"],"picked":"SKIP","floor":24},{"not_picked":["PiercingWail","Flying Knee","Cloak And Dagger"],"picked":"SKIP","floor":28},{"not_picked":["Reflex","Tactician"],"picked":"Acrobatics","floor":31}],"player_experience":594427,"relics_obtained":[{"floor":6,"key":"Juzu Bracelet"},{"floor":8,"key":"Kunai"},{"floor":9,"key":"Snake Skull"},{"floor":24,"key":"Smiling Mask"}],"event_choices":[{"damage_healed":0,"gold_gain":0,"player_choice":"Grow","damage_taken":0,"max_hp_gain":0,"max_hp_loss":0,"event_name":"Living Wall","floor":5,"gold_loss":0,"cards_upgraded":["Neutralize"]},{"damage_healed":0,"gold_gain":0,"player_choice":"Trade","damage_taken":0,"relics_obtained":["FaceOfCleric"],"max_hp_gain":0,"max_hp_loss":0,"event_name":"FaceTrader","floor":11,"gold_loss":0},{"damage_healed":0,"gold_gain":0,"player_choice":"Bet on Murderer","damage_taken":0,"max_hp_gain":0,"max_hp_loss":0,"event_name":"The Joust","floor":21,"gold_loss":50},{"damage_healed":0,"gold_gain":0,"player_choice":"Read","damage_taken":0,"max_hp_gain":0,"max_hp_loss":0,"event_name":"The Library","floor":25,"gold_loss":0,"cards_obtained":["Leg Sweep"]},{"damage_healed":0,"gold_gain":0,"player_choice":"Shed Blood","damage_taken":28,"max_hp_gain":5,"max_hp_loss":0,"event_name":"Forgotten Altar","floor":29,"gold_loss":0},{"damage_healed":0,"gold_gain":0,"player_choice":"Ignored","damage_taken":0,"max_hp_gain":0,"max_hp_loss":0,"event_name":"The Mausoleum","floor":30,"gold_loss":0}],"is_beta":false,"boss_relics":[{"not_picked":["Tiny House","Ring of the Serpent"],"picked":"Cursed Key"}],"items_purged_floors":[19],"is_endless":false,"potions_floor_spawned":[6,8,13,20,24,28],"killed_by":"Champ","ascension_level":19}