{"gold_per_floor":[219,230,246,266,143,143,170,170,170,170,170,209,228,241,241,362,362,383,422,57,71,94,127,127,127,127,147,147,165,10,23,23,151,151,170,188,63,84,84,84,100,100,155,155,178,199,199,212,212,212,212,212,62,62],"floor_reached":54,"playtime":3995,"items_purged":["Strike_R","Strike_R","Strike_R","Strike_R"],"score":707,"play_id":"c486107d-d620-4079-a4b3-2f23d1c03261","local_time":"20190109203213","is_ascension_mode":true,"campfire_choices":[{"data":"True Grit","floor":6.0,"key":"SMITH"},{"data":"Uppercut","floor":8.0,"key":"SMITH"},{"data":"Sword Boomerang","floor":15.0,"key":"SMITH"},{"data":"Barricade","floor":24.0,"key":"SMITH"},{"data":"Sword Boomerang","floor":28.0,"key":"SMITH"},{"floor":32.0,"key":"REST"},{"data":"Inflame","floor":40.0,"key":"SMITH"},{"data":"Limit Break","floor":44.0,"key":"SMITH"},{"data":"Pommel Strike","floor":47.0,"key":"SMITH"},{"floor":49.0,"key":"RECALL"},{"data":"Shrug It Off","floor":52.0,"key":"SMITH"}],"neow_cost":"NONE","seed_source_timestamp":0,"circlet_count":0,"master_deck":["Defend_R+1","Defend_R","Defend_R","Defend_R","Bash","Sword Boomerang+1","Shrug It Off","Inflame+1","True Grit+1","Uppercut+1","Cleave","Shrug It Off","Pommel Strike","Barricade+1","Pommel Strike+1","Feel No Pain+1","Entrench+1","Thunderclap+1","Sword Boomerang+1","Limit Break+1","Battle Trance+1","Shrug It Off+1","Rampage+1","Spot Weakness+1","Reaper"],"special_seed":0,"relics":["Burning Blood","Turnip","Pear","Golden Idol","Self Forming Clay","Velvet Choker","Red Mask","Sling","Blood Vial","Bag of Marbles","Eternal Feather","War Paint"],"potions_floor_usage":[54],"damage_taken":[{"damage":7.0,"enemies":"Small Slimes","floor":1.0,"turns":4.0},{"damage":4.0,"enemies":"2 Louse","floor":2.0,"turns":3.0},{"damage":6.0,"enemies":"Jaw Worm","floor":3.0,"turns":3.0},{"damage":2.0,"enemies":"Looter","floor":4.0,"turns":4.0},{"damage":21.0,"enemies":"3 Sentries","floor":7.0,"turns":11.0},{"damage":5.0,"enemies":"Lagavulin","floor":12.0,"turns":6.0},{"damage":0.0,"enemies":"Large Slime","floor":13.0,"turns":5.0},{"damage":1.0,"enemies":"Exordium Thugs","floor":14.0,"turns":4.0},{"damage":11.0,"enemies":"Slime Boss","floor":16.0,"turns":8.0},{"damage":0.0,"enemies":"Chosen","floor":18.0,"turns":3.0},{"damage":34.0,"enemies":"Masked Bandits","floor":19.0,"turns":5.0},{"damage":2.0,"enemies":"Shell Parasite","floor":21.0,"turns":6.0},{"damage":14.0,"enemies":"Snecko","floor":22.0,"turns":5.0},{"damage":14.0,"enemies":"Book of Stabbing","floor":23.0,"turns":7.0},{"damage":6.0,"enemies":"Chosen and Byrds","floor":27.0,"turns":6.0},{"damage":3.0,"enemies":"Cultist and Chosen","floor":29.0,"turns":7.0},{"damage":13.0,"enemies":"Snecko","floor":31.0,"turns":5.0},{"damage":48.0,"enemies":"Automaton","floor":33.0,"turns":12.0},{"damage":10.0,"enemies":"Orb Walker","floor":35.0,"turns":3.0},{"damage":24.0,"enemies":"3 Darklings","floor":36.0,"turns":4.0},{"damage":42.0,"enemies":"4 Shapes","floor":38.0,"turns":14.0},{"damage":17.0,"enemies":"Jaw Worm Horde","floor":41.0,"turns":5.0},{"damage":11.0,"enemies":"3 Darklings","floor":45.0,"turns":4.0},{"damage":18.0,"enemies":"Writhing Mass","floor":46.0,"turns":4.0},{"damage":23.0,"enemies":"Sphere and 2 Shapes","floor":48.0,"turns":7.0},{"damage":45.0,"enemies":"Donu and Deca","floor":50.0,"turns":8.0},{"damage":93,"enemies":"Shield and Spear","floor":54,"turns":6}],"seed_played":"-2293566586712429340","potions_obtained":[{"floor":3.0,"key":"LiquidBronze"},{"floor":12.0,"key":"LiquidBronze"},{"floor":14.0,"key":"SpeedPotion"},{"floor":16.0,"key":"Strength Potion"},{"floor":18.0,"key":"Dexterity Potion"},{"floor":29.0,"key":"EntropicBrew"},{"floor":31.0,"key":"Energy Potion"},{"floor":33.0,"key":"AttackPotion"},{"floor":35.0,"key":"Dexterity Potion"}],"is_trial":false,"path_per_floor":["M","M","M","M","$","R","E","R","T","?","?","E","M","M","R","B",null,"M","?","$","M","M","E","R","?","T","M","R","M","$","M","R","B",null,"M","M","$","M","?","R","M","$","T","R","M","M","R","M","R","B",null,"R","$","E"],"character_chosen":"IRONCLAD","items_purchased":["True Grit","Entrench","Sling","Bag of Marbles"],"campfire_rested":1,"item_purchase_floors":[5,20,20,30],"current_hp_per_floor":[79,80,80,80,80,80,65,65,75,75,75,76,82,83,83,78,83,83,55,55,59,51,43,43,43,43,45,45,50,50,45,69,29,83,79,63,63,29,21,33,24,24,24,36,33,23,38,67,82,44,83,83,83,0],"gold":62,"neow_bonus":"HUNDRED_GOLD","is_prod":false,"is_daily":false,"chose_seed":false,"campfire_upgraded":9,"win_rate":0,"timestamp":1547026333,"path_taken":["M","M","M","M","$","R","E","R","T","?","?","E","M","M","R","BOSS","M","?","$","M","M","E","R","?","T","M","R","M","$","M","R","BOSS","M","M","$","M","?","R","M","?","T","R","M","M","R","M","R","BOSS","R","$","E"],"build_version":"2019-01-03v4","purchased_purges":4,"victory":false,"max_hp_per_floor":[80,80,80,80,80,80,80,80,90,90,83,83,83,83,83,83,83,83,83,83,83,83,83,83,83,83,83,83,83,83,83,83,83,83,83,83,83,83,83,83,83,83,83,83,83,83,83,83,83,83,83,83,83,83],"card_choices":[{"not_picked":["Combust","Battle Trance"],"picked":"Sword Boomerang","floor":1.0},{"not_picked":["Flame Barrier","Searing Blow"],"picked":"Shrug It Off","floor":2.0},{"not_picked":["Blood for Blood","Searing Blow","Wild Strike"],"picked":"SKIP","floor":3.0},{"not_picked":["Wild Strike","Clothesline"],"picked":"Inflame","floor":4.0},{"not_picked":["Dropkick","Searing Blow"],"picked":"Uppercut","floor":7.0},{"not_picked":["Headbutt","Feel No Pain"],"picked":"Cleave","floor":12.0},{"not_picked":["Blood for Blood","Dual Wield"],"picked":"Shrug It Off","floor":13.0},{"not_picked":["Iron Wave","Headbutt"],"picked":"Pommel Strike","floor":14.0},{"not_picked":["Juggernaut","Impervious"],"picked":"Barricade","floor":16.0},{"not_picked":["Headbutt","Clash"],"picked":"Pommel Strike","floor":18.0},{"not_picked":["Metallicize","Headbutt"],"picked":"Feel No Pain+1","floor":19.0},{"not_picked":["Body Slam","Iron Wave+1","Fiend Fire"],"picked":"SKIP","floor":21.0},{"not_picked":["Clothesline","Reckless Charge+1","Pommel Strike"],"picked":"SKIP","floor":22.0},{"not_picked":["Clash+1","Whirlwind"],"picked":"Thunderclap+1","floor":23.0},{"not_picked":["Iron Wave","Inflame+1"],"picked":"Sword Boomerang","floor":27.0},{"not_picked":["Anger+1","Burning Pact","Heavy Blade"],"picked":"SKIP","floor":29.0},{"not_picked":["Reckless Charge","Entrench","Anger"],"picked":"SKIP","floor":31.0},{"not_picked":["Dark Embrace","Berserk"],"picked":"Limit Break","floor":33.0},{"not_picked":["Fire Breathing+1","Shrug It Off"],"picked":"Battle Trance+1","floor":35.0},{"not_picked":["Uppercut","Dual Wield","True Grit"],"picked":"SKIP","floor":36.0},{"not_picked":["Heavy Blade","Cleave"],"picked":"Shrug It Off","floor":38.0},{"not_picked":["Combust+1","Anger+1"],"picked":"Rampage+1","floor":41.0},{"not_picked":["Clash+1","Whirlwind+1"],"picked":"Spot Weakness+1","floor":45.0},{"not_picked":["Perfected Strike+1","Burning Pact+1"],"picked":"Reaper","floor":46.0},{"not_picked":["Feel No Pain","Sentinel+1","Perfected Strike+1"],"picked":"SKIP","floor":48.0}],"player_experience":524916,"relics_obtained":[{"floor":7.0,"key":"Turnip"},{"floor":9.0,"key":"Pear"},{"floor":12.0,"key":"Self Forming Clay"},{"floor":19.0,"key":"Red Mask"},{"floor":23.0,"key":"Blood Vial"},{"floor":43.0,"key":"War Paint"}],"event_choices":[{"damage_healed":0.0,"max_hp_gain":0.0,"max_hp_loss":0.0,"gold_gain":0.0,"event_name":"Liars Game","player_choice":"Ignored","floor":10.0,"gold_loss":0.0,"damage_taken":0.0},{"damage_healed":0.0,"max_hp_gain":0.0,"max_hp_loss":7.0,"gold_gain":0.0,"event_name":"Golden Idol","player_choice":"Lose Max HP","floor":11.0,"gold_loss":0.0,"damage_taken":0.0,"relics_obtained":["Golden Idol"]},{"damage_healed":0.0,"max_hp_gain":0.0,"max_hp_loss":0.0,"gold_gain":0.0,"event_name":"Masked Bandits","player_choice":"Fought Bandits","floor":19.0,"gold_loss":0.0,"damage_taken":0.0},{"cards_removed":["Strike_R"],"damage_healed":0.0,"max_hp_gain":0.0,"max_hp_loss":0.0,"gold_gain":0.0,"event_name":"Back to Basics","player_choice":"Elegance","floor":25.0,"gold_loss":0.0,"damage_taken":0.0},{"damage_healed":0.0,"max_hp_gain":0.0,"max_hp_loss":0.0,"gold_gain":0.0,"event_name":"Wheel of Change","player_choice":"Damaged","floor":39.0,"gold_loss":0.0,"damage_taken":8.0}],"is_beta":false,"boss_relics":[{"not_picked":["Fusion Hammer","Mark of Pain"],"picked":"Velvet Choker"},{"not_picked":["Black Star","Pandora\u0027s Box"],"picked":"Eternal Feather"}],"items_purged_floors":[5,20,37,53],"is_endless":false,"potions_floor_spawned":[3,12,14,16,18,22,29,31,33,35,38],"killed_by":"Shield and Spear","ascension_level":1}