{"gold_per_floor":[116,116,81,102,177,177,208,208,208,208,249,272,285,305,305,433,433,456,456,82,98,122,161,176,176,176,189,213,249,249,17,17,136,136,150,177,77,77,97,97],"floor_reached":40,"playtime":1828,"items_purged":["Strike_B","Strike_B"],"score":614,"play_id":"b789bbbf-69d1-4892-abb5-9becf4625561","local_time":"20190718131224","is_ascension_mode":true,"campfire_choices":[{"data":"Zap","floor":6.0,"key":"SMITH"},{"floor":8.0,"key":"REST"},{"data":"Biased Cognition","floor":10.0,"key":"SMITH"},{"data":"Auto Shields","floor":15.0,"key":"SMITH"},{"data":"Loop","floor":25.0,"key":"SMITH"},{"floor":30,"key":"REST"},{"data":"Buffer","floor":32,"key":"SMITH"}],"neow_cost":"NONE","seed_source_timestamp":699287114444932,"circlet_count":0,"master_deck":["Strike_B","Strike_B","Defend_B","Defend_B","Defend_B","Defend_B","Zap+1","Dualcast","Conserve Battery","Auto Shields+1","Biased Cognition+1","Melter+1","Sunder+1","Cold Snap+1","Cold Snap+1","Seek","White Noise","Loop+1","Blizzard+1","Go for the Eyes+1","Buffer+1","Cold Snap+1","Stack+1","Hyperbeam+1","Heatsinks","Echo Form","Consume+1","Compile Driver+1"],"special_seed":0,"relics":["FrozenCore","Oddly Smooth Stone","Golden Idol","Molten Egg 2","Matryoshka","Happy Flower","Enchiridion","Art of War","Strawberry","Orichalcum","Symbiotic Virus","DataDisk","Ancient Tea Set","Vajra","Eternal Feather","Bag of Preparation"],"potions_floor_usage":[29,33],"damage_taken":[{"damage":6.0,"enemies":"Jaw Worm","floor":1.0,"turns":3.0},{"damage":0.0,"enemies":"Small Slimes","floor":4.0,"turns":3.0},{"damage":24.0,"enemies":"3 Sentries","floor":7.0,"turns":10.0},{"damage":14.0,"enemies":"Lagavulin","floor":11.0,"turns":6.0},{"damage":1.0,"enemies":"2 Louse","floor":12.0,"turns":2.0},{"damage":0.0,"enemies":"Looter","floor":13.0,"turns":3.0},{"damage":0.0,"enemies":"Exordium Wildlife","floor":14.0,"turns":2.0},{"damage":3.0,"enemies":"The Guardian","floor":16.0,"turns":11.0},{"damage":0.0,"enemies":"Chosen","floor":18.0,"turns":6.0},{"damage":3.0,"enemies":"2 Thieves","floor":21.0,"turns":4.0},{"damage":9.0,"enemies":"Slavers","floor":23.0,"turns":6.0},{"damage":0.0,"enemies":"Shelled Parasite and Fungi","floor":24.0,"turns":4.0},{"damage":1.0,"enemies":"Centurion and Healer","floor":27.0,"turns":4.0},{"damage":3.0,"enemies":"Cultist and Chosen","floor":28.0,"turns":5.0},{"damage":0,"enemies":"Book of Stabbing","floor":29,"turns":5},{"damage":12,"enemies":"Collector","floor":33,"turns":10},{"damage":0,"enemies":"3 Shapes","floor":35,"turns":4},{"damage":0,"enemies":"Orb Walker","floor":39,"turns":3},{"damage":88,"enemies":"Giant Head","floor":40,"turns":10}],"seed_played":"5821613779998361776","potions_obtained":[{"floor":4.0,"key":"EssenceOfSteel"},{"floor":11.0,"key":"Explosive Potion"},{"floor":13.0,"key":"Weak Potion"},{"floor":14.0,"key":"PowerPotion"},{"floor":18.0,"key":"Block Potion"},{"floor":24.0,"key":"FocusPotion"},{"floor":29,"key":"Fruit Juice"},{"floor":39,"key":"Strength Potion"}],"is_trial":false,"path_per_floor":["M","?","?","M","?","R","E","R","T","R","E","M","M","M","R","B",null,"M","?","$","M","T","E","M","R","T","M","M","E","R","$","R","B",null,"M","T","$","?","M","E"],"character_chosen":"DEFECT","items_purchased":["Loop","Blizzard+1","Art of War","Vajra","Heatsinks"],"campfire_rested":2,"item_purchase_floors":[20,20,20,31,31],"current_hp_per_floor":[69,51,69,69,58,58,34,56,56,56,42,41,41,41,41,38,75,75,59,59,56,63,54,54,54,54,53,50,55,81,81,81,69,87,87,87,87,83,83,0],"gold":97,"neow_bonus":"RANDOM_COMMON_RELIC","is_prod":false,"is_daily":false,"chose_seed":false,"campfire_upgraded":5,"win_rate":0,"timestamp":1563469944,"path_taken":["M","?","?","M","?","R","E","R","T","R","E","M","M","M","R","BOSS","M","?","$","M","?","E","M","R","T","M","?","E","R","$","R","BOSS","M","?","$","?","?","E"],"build_version":"2019-07-17","purchased_purges":2,"victory":false,"max_hp_per_floor":[75,75,75,75,75,75,75,75,75,75,75,75,75,75,75,75,75,75,75,75,75,82,82,82,82,82,82,82,87,87,87,87,87,87,87,87,87,83,83,83],"card_choices":[{"not_picked":["Redo","Barrage"],"picked":"Conserve Battery","floor":1.0},{"not_picked":["Fusion","Aggregate"],"picked":"Auto Shields","floor":4.0},{"not_picked":["Ball Lightning","Self Repair"],"picked":"Biased Cognition","floor":7.0},{"not_picked":["BootSequence","Conserve Battery"],"picked":"Melter+1","floor":11.0},{"not_picked":["Barrage+1","Fusion"],"picked":"Sunder+1","floor":12.0},{"not_picked":["Conserve Battery","Redo"],"picked":"Cold Snap+1","floor":13.0},{"not_picked":["Tempest","Force Field"],"picked":"Cold Snap+1","floor":14.0},{"not_picked":["Reboot","Thunder Strike+1"],"picked":"Seek","floor":16.0},{"not_picked":["Coolheaded","Rebound+1"],"picked":"White Noise","floor":18.0},{"not_picked":["Stack","Conserve Battery"],"picked":"Go for the Eyes+1","floor":21.0},{"not_picked":["Hologram","Stack+1"],"picked":"Buffer","floor":23.0},{"not_picked":["Beam Cell+1","Hologram"],"picked":"Cold Snap+1","floor":24.0},{"not_picked":["Storm","Lockon+1"],"picked":"Stack+1","floor":27.0},{"not_picked":["Coolheaded+1","BootSequence+1"],"picked":"Hyperbeam+1","floor":28.0},{"not_picked":["Redo","Genetic Algorithm","Streamline+1"],"picked":"SKIP","floor":29},{"not_picked":["Thunder Strike+1","Reboot"],"picked":"Echo Form","floor":33},{"not_picked":["Ball Lightning+1","Steam"],"picked":"Consume+1","floor":35},{"not_picked":["Steam+1","Conserve Battery+1"],"picked":"Compile Driver+1","floor":39}],"player_experience":206360,"relics_obtained":[{"floor":7.0,"key":"Molten Egg 2"},{"floor":9.0,"key":"Matryoshka"},{"floor":11.0,"key":"Happy Flower"},{"floor":19.0,"key":"Enchiridion"},{"floor":22.0,"key":"Strawberry"},{"floor":22.0,"key":"Orichalcum"},{"floor":23.0,"key":"Symbiotic Virus"},{"floor":26.0,"key":"DataDisk"},{"floor":29,"key":"Ancient Tea Set"},{"floor":36,"key":"Bag of Preparation"}],"event_choices":[{"damage_healed":0.0,"max_hp_gain":0.0,"max_hp_loss":0.0,"gold_gain":0.0,"event_name":"Golden Idol","player_choice":"Take Damage","floor":2.0,"gold_loss":0.0,"damage_taken":18.0,"relics_obtained":["Golden Idol"]},{"damage_healed":18.0,"max_hp_gain":0.0,"max_hp_loss":0.0,"gold_gain":0.0,"event_name":"The Cleric","player_choice":"Healed","floor":3.0,"gold_loss":35.0,"damage_taken":0.0},{"damage_healed":0.0,"max_hp_gain":0.0,"max_hp_loss":0.0,"gold_gain":75.0,"event_name":"World of Goop","player_choice":"Gather Gold","floor":5.0,"gold_loss":0.0,"damage_taken":11.0},{"damage_healed":0.0,"max_hp_gain":0.0,"max_hp_loss":0.0,"gold_gain":0.0,"event_name":"Cursed Tome","player_choice":"Obtained Book","floor":19.0,"gold_loss":0.0,"damage_taken":16.0},{"damage_healed":0,"gold_gain":0,"player_choice":"Max HP","damage_taken":0,"max_hp_gain":0,"max_hp_loss":4,"event_name":"Winding Halls","floor":38,"gold_loss":0}],"is_beta":false,"boss_relics":[{"not_picked":["Philosopher\u0027s Stone","Orrery"],"picked":"FrozenCore"},{"not_picked":["Sozu","Empty Cage"],"picked":"Eternal Feather"}],"items_purged_floors":[20,37],"is_endless":false,"potions_floor_spawned":[4,11,13,14,18,21,24,28,29,39],"killed_by":"Giant Head","ascension_level":3}