{"gold_per_floor":[218,228,238,2,14,43,43,58,114,138,138,149,179,193,193,294,294,306,181,191,210,210,240,253,253,253,21,34,34,34,34,34,137,137,157,457,471,471,484,484,496,14,14,14,14,14,48,62,62,62],"floor_reached":51,"playtime":4477,"items_purged":["Strike_G","Defend_G","Strike_G","Strike_G"],"score":1089,"play_id":"8c00f177-9d3c-48db-8319-3f2f899ead00","local_time":"20190720012004","is_ascension_mode":true,"campfire_choices":[{"data":"Dash","floor":7,"key":"SMITH"},{"data":"Neutralize","floor":11,"key":"SMITH"},{"data":"Leg Sweep","floor":15,"key":"SMITH"},{"data":"Wraith Form v2","floor":25,"key":"SMITH"},{"data":"Footwork","floor":29,"key":"SMITH"},{"floor":32,"key":"REST"},{"data":"Bouncing Flask","floor":40,"key":"SMITH"},{"data":"Burst","floor":49,"key":"SMITH"}],"neow_cost":"NONE","seed_source_timestamp":30078464656404,"circlet_count":0,"master_deck":["Defend_G","Defend_G","Defend_G+1","Survivor","Neutralize+1","Poisoned Stab","Dagger Spray","Dash+1","Acrobatics+1","Deadly Poison","Leg Sweep+1","Heel Hook","Wraith Form v2+1","Bullet Time","Bouncing Flask+1","Footwork+1","Acrobatics","Burst+1","Terror","Backflip+1","Noxious Fumes","Backflip+1"],"relics":["Ring of the Snake","Membership Card","Happy Flower","Tiny Chest","Centennial Puzzle","Bronze Scales","Busted Crown","War Paint","Snake Skull","Bottled Tornado","Bottled Lightning","Philosopher\u0027s Stone","DollysMirror","FossilizedHelix","Bottled Flame","Paper Crane","Bag of Preparation"],"potions_floor_usage":[13,16,41,50,50,50],"damage_taken":[{"damage":0,"enemies":"Cultist","floor":1,"turns":6},{"damage":0,"enemies":"Jaw Worm","floor":2,"turns":5},{"damage":4,"enemies":"Small Slimes","floor":3,"turns":4},{"damage":14,"enemies":"Exordium Thugs","floor":5,"turns":5},{"damage":5,"enemies":"Gremlin Nob","floor":6,"turns":4},{"damage":18,"enemies":"Large Slime","floor":8,"turns":6},{"damage":0,"enemies":"2 Fungi Beasts","floor":12,"turns":3},{"damage":7,"enemies":"Lagavulin","floor":13,"turns":5},{"damage":0,"enemies":"Looter","floor":14,"turns":2},{"damage":5,"enemies":"The Guardian","floor":16,"turns":10},{"damage":14,"enemies":"2 Thieves","floor":18,"turns":4},{"damage":0,"enemies":"Chosen","floor":20,"turns":5},{"damage":2,"enemies":"Snake Plant","floor":21,"turns":4},{"damage":6,"enemies":"Book of Stabbing","floor":23,"turns":5},{"damage":0,"enemies":"Cultist and Chosen","floor":24,"turns":4},{"damage":0,"enemies":"Snecko","floor":28,"turns":3},{"damage":36,"enemies":"Automaton","floor":33,"turns":11},{"damage":3,"enemies":"3 Shapes","floor":35,"turns":6},{"damage":2,"enemies":"Orb Walker","floor":37,"turns":3},{"damage":7,"enemies":"4 Shapes","floor":39,"turns":8},{"damage":3,"enemies":"Maw","floor":41,"turns":6},{"damage":0,"enemies":"Nemesis","floor":47,"turns":5},{"damage":0,"enemies":"Transient","floor":48,"turns":5},{"damage":0,"enemies":"Donu and Deca","floor":50,"turns":8}],"seed_played":"4026566176960782779","potions_obtained":[{"floor":2,"key":"Strength Potion"},{"floor":5,"key":"GamblersBrew"},{"floor":6,"key":"Ancient Potion"},{"floor":13,"key":"EntropicBrew"},{"floor":14,"key":"Block Potion"},{"floor":18,"key":"PowerPotion"},{"floor":33,"key":"Dexterity Potion"},{"floor":37,"key":"Ancient Potion"},{"floor":41,"key":"SteroidPotion"},{"floor":47,"key":"LiquidBronze"}],"is_trial":false,"path_per_floor":["M","M","M","$","M","E","R","M","T","T","R","M","E","M","R","B",null,"M","$","M","M","?","E","M","R","T","$","M","R","?","$","R","B",null,"M","?","M","?","M","R","M","$","T","$","?","?","E","M","R","B",null],"character_chosen":"THE_SILENT","items_purchased":["Membership Card","War Paint","Footwork","Bottled Lightning","Acrobatics","Noxious Fumes","DollysMirror","FossilizedHelix","Bottled Flame"],"campfire_rested":1,"item_purchase_floors":[4,19,27,27,27,42,42,42,42],"current_hp_per_floor":[63,63,59,59,45,40,40,22,22,22,22,22,15,15,15,10,55,41,41,41,39,39,33,33,33,33,33,33,33,20,20,42,6,58,55,55,53,53,46,46,43,43,43,43,43,43,43,43,43,43],"gold":62,"neow_bonus":"HUNDRED_GOLD","is_prod":false,"is_daily":false,"chose_seed":false,"campfire_upgraded":7,"win_rate":0,"timestamp":1563556804,"path_taken":["M","M","M","$","M","E","R","M","T","?","R","M","E","M","R","BOSS","M","$","M","M","?","E","M","R","T","$","M","R","?","$","R","BOSS","M","?","?","?","M","R","M","$","T","?","?","?","E","M","R","BOSS"],"build_version":"2019-07-17","purchased_purges":4,"victory":true,"max_hp_per_floor":[70,70,70,70,70,70,70,70,70,70,70,70,70,70,70,70,70,70,70,70,70,70,70,70,70,70,70,70,70,75,75,75,75,75,75,75,75,75,75,75,75,75,75,75,75,75,75,75,75,75],"card_choices":[{"not_picked":["PiercingWail","Cloak And Dagger"],"picked":"Poisoned Stab","floor":1},{"not_picked":["Terror","Deadly Poison"],"picked":"Backstab","floor":2},{"not_picked":["Slice","PiercingWail"],"picked":"Dagger Spray","floor":3},{"not_picked":["Heel Hook","Reflex"],"picked":"Dash","floor":5},{"not_picked":["Bane","Concentrate"],"picked":"Acrobatics","floor":6},{"not_picked":["Acrobatics","Sucker Punch"],"picked":"Deadly Poison","floor":8},{"not_picked":["Sucker Punch","Bane","Poisoned Stab"],"picked":"SKIP","floor":12},{"not_picked":["Crippling Poison","Night Terror"],"picked":"Leg Sweep","floor":13},{"not_picked":["Slice","Quick Slash"],"picked":"Heel Hook","floor":14},{"not_picked":["Phantasmal Killer","Glass Knife"],"picked":"Wraith Form v2","floor":16},{"not_picked":["Prepared"],"picked":"SKIP","floor":18},{"not_picked":["Riddle With Holes"],"picked":"SKIP","floor":20},{"not_picked":["Quick Slash"],"picked":"SKIP","floor":21},{"not_picked":["Deadly Poison"],"picked":"SKIP","floor":23},{"not_picked":["Dagger Throw"],"picked":"SKIP","floor":24},{"not_picked":["Outmaneuver"],"picked":"SKIP","floor":28},{"not_picked":[],"picked":"Burst","floor":33},{"not_picked":["Dagger Spray+1"],"picked":"SKIP","floor":35},{"not_picked":["Dagger Spray+1"],"picked":"SKIP","floor":37},{"not_picked":["Outmaneuver+1"],"picked":"SKIP","floor":39},{"not_picked":[],"picked":"Backflip+1","floor":41},{"not_picked":["Prepared"],"picked":"SKIP","floor":47},{"not_picked":["Crippling Poison"],"picked":"SKIP","floor":48}],"player_experience":261170,"relics_obtained":[{"floor":6,"key":"Happy Flower"},{"floor":9,"key":"Tiny Chest"},{"floor":10,"key":"Centennial Puzzle"},{"floor":13,"key":"Bronze Scales"},{"floor":23,"key":"Snake Skull"},{"floor":26,"key":"Bottled Tornado"},{"floor":43,"key":"Paper Crane"},{"floor":47,"key":"Bag of Preparation"}],"event_choices":[{"damage_healed":0,"gold_gain":0,"cards_transformed":["Strike_G","Defend_G"],"player_choice":"Became Test Subject","damage_taken":0,"max_hp_gain":0,"max_hp_loss":0,"event_name":"Drug Dealer","floor":22,"gold_loss":0,"cards_obtained":["Bullet Time","Bouncing Flask"]},{"damage_healed":0,"gold_gain":0,"player_choice":"Shed Blood","damage_taken":18,"max_hp_gain":5,"max_hp_loss":0,"event_name":"Forgotten Altar","floor":30,"gold_loss":0},{"damage_healed":0,"gold_gain":300,"player_choice":"Gold","damage_taken":0,"max_hp_gain":0,"max_hp_loss":0,"event_name":"Wheel of Change","floor":36,"gold_loss":0},{"damage_healed":0,"gold_gain":0,"cards_transformed":["Strike_G"],"player_choice":"Transformed","damage_taken":0,"max_hp_gain":0,"max_hp_loss":0,"event_name":"Transmorgrifier","floor":38,"gold_loss":0,"cards_obtained":["Terror"]},{"cards_removed":["Backstab"],"damage_healed":0,"gold_gain":0,"player_choice":"Removed Attack","damage_taken":0,"max_hp_gain":0,"max_hp_loss":0,"event_name":"Falling","floor":45,"gold_loss":0},{"damage_healed":0,"gold_gain":0,"player_choice":"Memory 1","damage_taken":0,"max_hp_gain":0,"max_hp_loss":0,"event_name":"SensoryStone","floor":46,"gold_loss":0}],"is_beta":false,"boss_relics":[{"not_picked":["Eternal Feather","Snecko Eye"],"picked":"Busted Crown"},{"not_picked":["Lizard Tail","HoveringKite"],"picked":"Philosopher\u0027s Stone"}],"items_purged_floors":[4,19,27,42],"is_endless":false,"potions_floor_spawned":[2,5,6,13,14,18,33,37,39,41,47],"ascension_level":9}