{"gold_per_floor":[15,90,90,90,103,103,168,168,193,193,207,207,221,233,233,233],"floor_reached":16,"playtime":500,"items_purged":[],"score":150,"play_id":"158f3195-1fce-4c51-bff7-3d3c853a5dbc","local_time":"20181102210637","is_ascension_mode":true,"campfire_choices":[{"data":"Neutralize","floor":6,"key":"SMITH"},{"data":"Survivor","floor":10,"key":"SMITH"},{"data":"Quick Slash","floor":12,"key":"SMITH"},{"floor":15,"key":"REST"}],"neow_cost":"NO_GOLD","seed_source_timestamp":521101010859024,"circlet_count":0,"master_deck":["AscendersBane","Defend_G","Defend_G","Defend_G","Defend_G","Defend_G","Strike_G","Strike_G","Strike_G","Strike_G","Survivor+1","Neutralize+1","Flying Knee","Quick Slash+1","Escape Plan","Masterful Stab","Burst"],"relics":["Ring of the Snake","Calipers","Tiny Chest","Blood Vial"],"potions_floor_usage":[16],"damage_taken":[{"damage":7,"enemies":"Jaw Worm","floor":1,"turns":7},{"damage":0,"enemies":"Small Slimes","floor":5,"turns":3},{"damage":36,"enemies":"Lagavulin","floor":7,"turns":12},{"damage":0,"enemies":"Cultist","floor":11,"turns":4},{"damage":7,"enemies":"Looter","floor":13,"turns":4},{"damage":1,"enemies":"Blue Slaver","floor":14,"turns":3},{"damage":36,"enemies":"Slime Boss","floor":16,"turns":7}],"seed_played":"-3483727065074968934","potions_obtained":[{"floor":1,"key":"Weak Potion"},{"floor":13,"key":"FearPotion"}],"is_trial":false,"path_per_floor":["M","?","?","$","M","R","E","$","T","R","M","R","M","M","R","B"],"character_chosen":"THE_SILENT","items_purchased":[],"campfire_rested":1,"item_purchase_floors":[],"current_hp_per_floor":[56,45,45,45,45,45,9,9,9,9,11,11,6,7,28,0],"gold":233,"neow_bonus":"ONE_RARE_RELIC","is_prod":false,"is_daily":false,"chose_seed":false,"campfire_upgraded":3,"win_rate":0,"timestamp":1541153197,"path_taken":["M","?","?","$","M","R","E","$","T","R","M","R","M","M","R","BOSS"],"build_version":"2018-11-01v2","purchased_purges":0,"victory":false,"max_hp_per_floor":[70,70,70,70,70,70,70,70,70,70,70,70,70,70,70,70],"card_choices":[{"not_picked":["PiercingWail","Blade Dance"],"picked":"Flying Knee","floor":1},{"not_picked":["Acrobatics","Flechettes"],"picked":"Quick Slash","floor":5},{"not_picked":["Dodge and Roll","Expertise","Outmaneuver"],"picked":"SKIP","floor":7},{"not_picked":["Deadly Poison","Quick Slash"],"picked":"Escape Plan","floor":11},{"not_picked":["Dash","Calculated Gamble"],"picked":"Masterful Stab","floor":13},{"not_picked":["Masterful Stab","Acrobatics"],"picked":"Burst","floor":14}],"player_experience":407028,"relics_obtained":[{"floor":7,"key":"Tiny Chest"},{"floor":9,"key":"Blood Vial"}],"event_choices":[{"damage_healed":0,"gold_gain":75,"player_choice":"Gather Gold","damage_taken":11,"max_hp_gain":0,"max_hp_loss":0,"event_name":"World of Goop","floor":2,"gold_loss":0},{"cards_removed":["Strike_G"],"damage_healed":0,"gold_gain":0,"player_choice":"Offered Basic","damage_taken":0,"max_hp_gain":0,"max_hp_loss":0,"event_name":"Bonfire Elementals","floor":3,"gold_loss":0}],"is_beta":true,"boss_relics":[],"items_purged_floors":[],"is_endless":false,"potions_floor_spawned":[1,13],"killed_by":"Slime Boss","ascension_level":10}