{"gold_per_floor":[110,125,142,62,79,104,104,116,116,116,116,116,47,77,77,182,182,197,197,122,71,86,86,111,111,111,111,142,142,156,5,5,5],"floor_reached":33,"playtime":1988,"items_purged":[],"score":320,"play_id":"35cb2454-8d33-41de-a575-1b4485a0b9e7","local_time":"20190713020312","is_ascension_mode":true,"campfire_choices":[{"data":"Cleave","floor":7,"key":"SMITH"},{"data":"Inflame","floor":11,"key":"SMITH"},{"data":"Infernal Blade","floor":15,"key":"SMITH"},{"data":"Reaper","floor":23,"key":"SMITH"},{"floor":25,"key":"REST"},{"floor":27,"key":"REST"},{"floor":32,"key":"REST"}],"neow_cost":"NONE","seed_source_timestamp":226984721479549,"circlet_count":0,"master_deck":["Strike_R","Strike_R","Strike_R","Strike_R","Defend_R","Defend_R","Defend_R","Defend_R","Bash+1","Double Tap","Headbutt","Shrug It Off","Armaments","Impervious","Inflame+1","Cleave+1","Rampage","Infernal Blade+1","Reaper+1","Heavy Blade+1","Shrug It Off","Perfected Strike","Reaper","Sword Boomerang","Ghostly Armor","Shockwave"],"relics":["Burning Blood","Strawberry","Ginger","Ice Cream","Mercury Hourglass","Runic Pyramid","Enchiridion","Self Forming Clay","Prayer Wheel","Oddly Smooth Stone"],"potions_floor_usage":[14,14],"damage_taken":[{"damage":1,"enemies":"Cultist","floor":1,"turns":3},{"damage":0,"enemies":"Small Slimes","floor":2,"turns":3},{"damage":0,"enemies":"2 Louse","floor":3,"turns":2},{"damage":8,"enemies":"Large Slime","floor":5,"turns":7},{"damage":35,"enemies":"Lagavulin","floor":6,"turns":11},{"damage":5,"enemies":"Exordium Wildlife","floor":8,"turns":5},{"damage":6,"enemies":"Gremlin Nob","floor":14,"turns":3},{"damage":49,"enemies":"Hexaghost","floor":16,"turns":8},{"damage":17,"enemies":"2 Thieves","floor":18,"turns":5},{"damage":7,"enemies":"Chosen","floor":22,"turns":4},{"damage":63,"enemies":"Slavers","floor":24,"turns":5},{"damage":40,"enemies":"Book of Stabbing","floor":28,"turns":7},{"damage":23,"enemies":"Snake Plant","floor":30,"turns":4},{"damage":87,"enemies":"Champ","floor":33,"turns":12}],"seed_played":"-8771374016089182754","potions_obtained":[{"floor":5,"key":"Strength Potion"},{"floor":8,"key":"BloodPotion"},{"floor":14,"key":"Ancient Potion"},{"floor":28,"key":"Ancient Potion"},{"floor":30,"key":"Poison Potion"}],"is_trial":false,"path_per_floor":["M","M","M","$","M","E","R","M","T","?","R","?","$","E","R","B",null,"M","?","?","$","M","R","E","R","T","R","E","?","M","$","R","B"],"character_chosen":"IRONCLAD","items_purchased":["Impervious","Infernal Blade","Shrug It Off","Oddly Smooth Stone"],"campfire_rested":3,"item_purchase_floors":[4,13,21,31],"current_hp_per_floor":[80,80,80,80,78,56,56,57,57,57,57,54,54,75,75,32,87,76,60,60,60,65,65,29,55,55,81,47,47,35,35,61,0],"gold":5,"neow_bonus":"ONE_RANDOM_RARE_CARD","is_prod":false,"is_daily":false,"chose_seed":false,"campfire_upgraded":4,"win_rate":0,"timestamp":1562997792,"path_taken":["M","?","M","$","M","E","R","M","T","?","R","?","$","E","R","BOSS","M","?","?","?","M","R","E","R","T","R","E","?","M","$","R","BOSS"],"build_version":"2019-07-05","purchased_purges":0,"victory":false,"max_hp_per_floor":[80,80,80,80,80,87,87,87,87,87,87,87,87,87,87,87,87,87,87,87,87,87,87,87,87,87,87,87,87,87,87,87,87],"card_choices":[{"not_picked":["Anger","Second Wind"],"picked":"Headbutt","floor":1},{"not_picked":["Armaments","Thunderclap"],"picked":"Shrug It Off","floor":2},{"not_picked":["Fire Breathing","Feel No Pain"],"picked":"Armaments","floor":3},{"not_picked":["Pommel Strike","Twin Strike"],"picked":"Inflame","floor":5},{"not_picked":["Disarm","Rampage"],"picked":"Cleave","floor":6},{"not_picked":["Armaments","Thunderclap"],"picked":"Rampage","floor":8},{"not_picked":["Evolve","Barricade","Brutality"],"picked":"SKIP","floor":14},{"not_picked":["Offering","Berserk"],"picked":"Reaper","floor":16},{"not_picked":["Anger","Dual Wield"],"picked":"Heavy Blade+1","floor":18},{"not_picked":["Shrug It Off","Wild Strike"],"picked":"Perfected Strike","floor":22},{"not_picked":["Reckless Charge","Pommel Strike"],"picked":"Reaper","floor":24},{"not_picked":["Intimidate+1","Pummel"],"picked":"Sword Boomerang","floor":28},{"not_picked":["Flex","Warcry"],"picked":"Ghostly Armor","floor":30},{"not_picked":["Heavy Blade+1","Disarm"],"picked":"Shockwave","floor":30}],"player_experience":117292,"relics_obtained":[{"floor":6,"key":"Strawberry"},{"floor":9,"key":"Ginger"},{"floor":14,"key":"Mercury Hourglass"},{"floor":19,"key":"Enchiridion"},{"floor":24,"key":"Self Forming Clay"},{"floor":28,"key":"Prayer Wheel"}],"event_choices":[{"damage_healed":0,"gold_gain":0,"player_choice":"Grow","damage_taken":0,"max_hp_gain":0,"max_hp_loss":0,"event_name":"Living Wall","floor":10,"gold_loss":0,"cards_upgraded":["Bash"]},{"damage_healed":0,"gold_gain":0,"player_choice":"Success","damage_taken":3,"relics_obtained":["Ice Cream"],"max_hp_gain":0,"max_hp_loss":0,"event_name":"Scrap Ooze","floor":12,"gold_loss":0},{"damage_healed":0,"gold_gain":0,"player_choice":"Obtained Book","damage_taken":16,"max_hp_gain":0,"max_hp_loss":0,"event_name":"Cursed Tome","floor":19,"gold_loss":0},{"cards_removed":["Strike_R"],"damage_healed":0,"gold_gain":0,"player_choice":"Gave Gold","damage_taken":0,"max_hp_gain":0,"max_hp_loss":0,"event_name":"Beggar","floor":20,"gold_loss":75},{"damage_healed":0,"gold_gain":0,"player_choice":"Ignored","damage_taken":0,"max_hp_gain":0,"max_hp_loss":0,"event_name":"Ghosts","floor":29,"gold_loss":0}],"is_beta":false,"boss_relics":[{"not_picked":["Black Star","White Beast Statue"],"picked":"Runic Pyramid"}],"items_purged_floors":[],"is_endless":false,"potions_floor_spawned":[5,8,14,28,30],"killed_by":"Champ","ascension_level":2}