{"gold_per_floor":[110,120,134,19,35,35,52,71,120,120,120,132,145,158,158,261,261,250,210,26,26,46,78,92,92,92,92,92,92,92,103,103,103],"floor_reached":33,"playtime":2037,"items_purged":["Neutralize"],"score":261,"play_id":"0aa66ea6-a8b7-4b06-a645-da2c9d3953e8","local_time":"20190709212317","is_ascension_mode":false,"campfire_choices":[{"floor":6,"key":"REST"},{"floor":10,"key":"REST"},{"floor":15,"key":"REST"},{"floor":25,"key":"REST"},{"floor":28,"key":"REST"},{"floor":30,"key":"REST"},{"floor":32,"key":"REST"}],"neow_cost":"NONE","seed_source_timestamp":462862457157817,"circlet_count":0,"master_deck":["Strike_G","Strike_G","Strike_G","Strike_G","Strike_G","Defend_G","Defend_G","Defend_G","Defend_G","Defend_G","Survivor","Poisoned Stab","Bane","Dodge and Roll","Crippling Poison+1","Sucker Punch","Poisoned Stab+1","Blade Dance","PiercingWail","Bane","Outmaneuver","Doppelganger","PiercingWail","Crippling Poison","Poisoned Stab","Blur","Bullet Time","Prepared+1","Bouncing Flask"],"relics":["Ring of the Snake","Orichalcum","Fusion Hammer","Bottled Lightning","Ice Cream","Meat on the Bone","Enchiridion"],"potions_floor_usage":[16,18,18],"damage_taken":[{"damage":9,"enemies":"Cultist","floor":1,"turns":4},{"damage":0,"enemies":"2 Louse","floor":2,"turns":2},{"damage":12,"enemies":"Small Slimes","floor":3,"turns":3},{"damage":18,"enemies":"Exordium Thugs","floor":5,"turns":6},{"damage":27,"enemies":"Gremlin Gang","floor":7,"turns":4},{"damage":10,"enemies":"Exordium Wildlife","floor":8,"turns":2},{"damage":0,"enemies":"3 Louse","floor":12,"turns":3},{"damage":1,"enemies":"Blue Slaver","floor":13,"turns":3},{"damage":6,"enemies":"Gremlin Gang","floor":14,"turns":4},{"damage":11,"enemies":"Hexaghost","floor":16,"turns":10},{"damage":14,"enemies":"2 Thieves","floor":18,"turns":4},{"damage":3,"enemies":"3 Byrds","floor":22,"turns":3},{"damage":20,"enemies":"Book of Stabbing","floor":23,"turns":6},{"damage":11,"enemies":"Cultist and Chosen","floor":24,"turns":5},{"damage":5,"enemies":"Snake Plant","floor":31,"turns":4},{"damage":81,"enemies":"Champ","floor":33,"turns":12}],"seed_played":"-6214991941637815260","potions_obtained":[{"floor":2,"key":"Weak Potion"},{"floor":3,"key":"AttackPotion"},{"floor":7,"key":"Poison Potion"},{"floor":13,"key":"Explosive Potion"},{"floor":22,"key":"EssenceOfSteel"},{"floor":23,"key":"FearPotion"}],"is_trial":false,"path_per_floor":["M","M","M","$","M","R","M","M","T","R","?","M","M","M","R","B",null,"M","?","$","T","M","E","M","R","T","?","R","?","R","M","R","B"],"character_chosen":"THE_SILENT","items_purchased":["Crippling Poison","Crippling Poison","Poisoned Stab","Fire Potion","Fire Potion"],"campfire_rested":7,"item_purchase_floors":[4,20,20,20,20],"current_hp_per_floor":[68,68,56,56,38,61,34,24,24,47,47,47,46,40,63,52,77,63,63,63,63,60,40,29,52,52,52,75,59,77,72,77,0],"gold":103,"neow_bonus":"TEN_PERCENT_HP_BONUS","is_prod":false,"is_daily":false,"chose_seed":false,"campfire_upgraded":0,"win_rate":0.0,"timestamp":1562721797,"path_taken":["M","M","?","$","M","R","M","M","T","R","?","M","?","M","R","BOSS","M","?","$","?","?","E","M","R","T","?","R","?","R","M","R","BOSS"],"build_version":"2019-07-05","purchased_purges":1,"victory":false,"max_hp_per_floor":[77,77,77,77,77,77,77,77,77,77,77,77,77,77,77,77,77,77,77,77,77,77,77,77,77,77,77,77,77,77,77,77,77],"card_choices":[{"not_picked":["Sucker Punch","Blade Dance"],"picked":"Poisoned Stab","floor":1},{"not_picked":["Footwork","Riddle With Holes"],"picked":"Bane","floor":2},{"not_picked":["Flying Knee","Infinite Blades"],"picked":"Dodge and Roll","floor":3},{"not_picked":["Outmaneuver","Flechettes"],"picked":"Sucker Punch","floor":5},{"not_picked":["Backflip","Deflect"],"picked":"Poisoned Stab","floor":7},{"not_picked":["Flechettes","Footwork"],"picked":"Blade Dance","floor":8},{"not_picked":["Adrenaline","Well Laid Plans"],"picked":"PiercingWail","floor":12},{"not_picked":["Blade Dance","Quick Slash"],"picked":"Bane","floor":13},{"not_picked":["Tactician","Eviscerate"],"picked":"Outmaneuver","floor":14},{"not_picked":["Wraith Form v2","Phantasmal Killer"],"picked":"Doppelganger","floor":16},{"not_picked":["Well Laid Plans","Outmaneuver"],"picked":"PiercingWail","floor":18},{"not_picked":["Sucker Punch","Underhanded Strike"],"picked":"Blur","floor":22},{"not_picked":["Dagger Throw","Wraith Form v2"],"picked":"Bullet Time","floor":23},{"not_picked":["Dagger Spray","Flying Knee"],"picked":"Prepared+1","floor":24},{"not_picked":["PiercingWail","Terror"],"picked":"Bouncing Flask","floor":31}],"player_experience":19142,"relics_obtained":[{"floor":9,"key":"Orichalcum"},{"floor":21,"key":"Bottled Lightning"},{"floor":23,"key":"Ice Cream"},{"floor":26,"key":"Meat on the Bone"},{"floor":29,"key":"Enchiridion"}],"event_choices":[{"damage_healed":0,"gold_gain":0,"player_choice":"Forge","damage_taken":0,"max_hp_gain":0,"max_hp_loss":0,"event_name":"Accursed Blacksmith","floor":11,"gold_loss":0,"cards_upgraded":["Crippling Poison"]},{"damage_healed":0,"gold_gain":0,"player_choice":"Upgrade","damage_taken":0,"max_hp_gain":0,"max_hp_loss":0,"event_name":"Designer","floor":19,"gold_loss":40,"cards_upgraded":["Poisoned Stab"]},{"damage_healed":0,"gold_gain":0,"player_choice":"Ignored","damage_taken":0,"max_hp_gain":0,"max_hp_loss":0,"event_name":"Vampires","floor":27,"gold_loss":0},{"damage_healed":0,"gold_gain":0,"player_choice":"Obtained Book","damage_taken":16,"max_hp_gain":0,"max_hp_loss":0,"event_name":"Cursed Tome","floor":29,"gold_loss":0}],"is_beta":false,"boss_relics":[{"not_picked":["Empty Cage","Ectoplasm"],"picked":"Fusion Hammer"}],"items_purged_floors":[4],"is_endless":false,"potions_floor_spawned":[2,3,7,13,14,22,23,31],"killed_by":"Champ","ascension_level":0}