{"gold_per_floor":[109,126,145,163,173,205,205,231,231,231,246,246,72,83,83,162,162,182,162,174,17,17],"floor_reached":22,"playtime":1254,"items_purged":["Parasite"],"score":386,"play_id":"f7aadf2f-7e09-41a1-8442-281b7c942a75","local_time":"20190701113801","is_ascension_mode":true,"campfire_choices":[{"floor":7,"key":"REST"},{"floor":10,"key":"REST"},{"data":"Neutralize","floor":15,"key":"SMITH"}],"neow_cost":"NONE","seed_source_timestamp":245884605976514,"circlet_count":0,"master_deck":["AscendersBane","Defend_G","Defend_G","Defend_G","Defend_G","Defend_G","Strike_G","Strike_G+1","Strike_G","Strike_G","Strike_G","Survivor","Neutralize+1","Die Die Die","Flying Knee+1","Poisoned Stab","Deflect","Backflip","Masterful Stab","Leg Sweep","PiercingWail","Envenom","Cloak And Dagger","Well Laid Plans","Slice","Unload","Footwork"],"relics":["Ring of the Snake","Vajra","Whetstone","Calipers","Cursed Key","PreservedInsect"],"potions_floor_usage":[8,8,22],"damage_taken":[{"damage":0,"enemies":"Cultist","floor":1,"turns":3},{"damage":0,"enemies":"2 Louse","floor":2,"turns":2},{"damage":4,"enemies":"Jaw Worm","floor":3,"turns":5},{"damage":0,"enemies":"Gremlin Gang","floor":4,"turns":4},{"damage":11,"enemies":"Looter","floor":5,"turns":3},{"damage":36,"enemies":"Lagavulin","floor":6,"turns":9},{"damage":18,"enemies":"3 Sentries","floor":8,"turns":10},{"damage":1,"enemies":"Large Slime","floor":11,"turns":3},{"damage":0,"enemies":"Exordium Thugs","floor":14,"turns":6},{"damage":9,"enemies":"The Guardian","floor":16,"turns":13},{"damage":10,"enemies":"Spheric Guardian","floor":18,"turns":4},{"damage":12,"enemies":"3 Byrds","floor":20,"turns":7},{"damage":34,"enemies":"Sentry and Sphere","floor":22,"turns":7}],"seed_played":"-6109942574254227874","potions_obtained":[{"floor":3,"key":"GamblersBrew"},{"floor":6,"key":"SkillPotion"},{"floor":11,"key":"PowerPotion"},{"floor":19,"key":"Energy Potion"}],"is_trial":false,"path_per_floor":["M","M","M","M","M","E","R","E","T","R","M","?","$","M","R","B",null,"M","?","M","$","M"],"character_chosen":"THE_SILENT","items_purchased":["Cloak And Dagger","Well Laid Plans","PreservedInsect"],"campfire_rested":2,"item_purchase_floors":[13,13,21],"current_hp_per_floor":[59,59,55,55,44,8,27,9,9,28,27,43,43,43,43,34,56,46,46,34,34,0],"gold":17,"neow_bonus":"ONE_RANDOM_RARE_CARD","is_prod":false,"is_daily":false,"chose_seed":false,"campfire_upgraded":1,"win_rate":0,"timestamp":1561945081,"path_taken":["M","M","M","M","?","E","R","E","T","R","M","?","$","M","R","BOSS","M","?","M","$","M"],"build_version":"2019-01-23","purchased_purges":1,"victory":false,"max_hp_per_floor":[66,66,66,66,66,66,66,66,66,66,66,66,63,63,63,63,63,63,63,63,63,63],"card_choices":[{"not_picked":["Setup","Prepared"],"picked":"Flying Knee","floor":1},{"not_picked":["Dagger Spray","Catalyst"],"picked":"Poisoned Stab","floor":2},{"not_picked":["Slice","Dagger Spray"],"picked":"Deflect","floor":3},{"not_picked":["Bane","Flechettes"],"picked":"Backflip","floor":4},{"not_picked":["Backflip","Bane"],"picked":"Masterful Stab","floor":5},{"not_picked":["Escape Plan","Bane"],"picked":"Leg Sweep","floor":6},{"not_picked":["Eviscerate","Catalyst"],"picked":"PiercingWail","floor":8},{"not_picked":["Accuracy","Prepared"],"picked":"Envenom","floor":11},{"not_picked":["Flying Knee","Flechettes"],"picked":"Slice","floor":14},{"not_picked":["Phantasmal Killer","A Thousand Cuts"],"picked":"Unload","floor":16},{"not_picked":["Underhanded Strike","Slice","Bane"],"picked":"SKIP","floor":18},{"not_picked":["Bouncing Flask","Eviscerate"],"picked":"Footwork","floor":20}],"player_experience":589732,"relics_obtained":[{"floor":6,"key":"Vajra"},{"floor":8,"key":"Whetstone"},{"floor":9,"key":"Calipers"}],"event_choices":[{"damage_healed":16,"gold_gain":0,"player_choice":"Healed and dodged fight","damage_taken":0,"max_hp_gain":0,"max_hp_loss":0,"event_name":"Mushrooms","floor":12,"gold_loss":0,"cards_obtained":["Parasite"]},{"damage_healed":0,"gold_gain":0,"player_choice":"Bought 1 Potion","damage_taken":0,"max_hp_gain":0,"max_hp_loss":0,"event_name":"The Woman in Blue","floor":19,"gold_loss":0}],"is_beta":false,"boss_relics":[{"not_picked":["Empty Cage","Calling Bell"],"picked":"Cursed Key"}],"items_purged_floors":[13],"is_endless":false,"potions_floor_spawned":[3,6,11],"killed_by":"Sentry and Sphere","ascension_level":19}