{"gold_per_floor":[116,131,131,149,224,224,224,242,242,242,267,283,306,322,322,450,450,429,429,328,351,366,387,235,235,235,260,260,260,281,306,306,306],"floor_reached":33,"playtime":3855,"items_purged":["Strike_G"],"score":295,"play_id":"93e325fe-7467-4485-9164-1ab8cfb7a866","local_time":"20190709174947","is_ascension_mode":false,"campfire_choices":[{"data":"After Image","floor":6,"key":"SMITH"},{"floor":15,"key":"REST"},{"floor":25,"key":"REST"},{"floor":29,"key":"REST"},{"floor":32,"key":"REST"}],"neow_cost":"NONE","seed_source_timestamp":448232468969057,"circlet_count":0,"master_deck":["Strike_G","Strike_G","Strike_G","Strike_G","Defend_G","Defend_G","Defend_G","Defend_G","Defend_G","Survivor","Neutralize","After Image+1","Escape Plan","Poisoned Stab","Prepared","Terror","Underhanded Strike","Masterful Stab","After Image","Blade Dance","Unload","Deadly Poison","Masterful Stab","Expertise","Deflect","Poisoned Stab","Caltrops","After Image+1","Poisoned Stab","Acrobatics","Flechettes","Dagger Throw","Acrobatics","Noxious Fumes","Poisoned Stab+1","Noxious Fumes+1","Deadly Poison"],"relics":["Ring of the Snake","Golden Idol","Thread and Needle","Orrery","Pear","Shuriken"],"potions_floor_usage":[16,16,31,33],"damage_taken":[{"damage":0,"enemies":"Small Slimes","floor":1,"turns":5},{"damage":0,"enemies":"Jaw Worm","floor":2,"turns":6},{"damage":2,"enemies":"2 Louse","floor":4,"turns":4},{"damage":7,"enemies":"Exordium Wildlife","floor":8,"turns":5},{"damage":0,"enemies":"Red Slaver","floor":11,"turns":5},{"damage":3,"enemies":"Exordium Thugs","floor":12,"turns":7},{"damage":0,"enemies":"Looter","floor":13,"turns":3},{"damage":0,"enemies":"Lots of Slimes","floor":14,"turns":7},{"damage":12,"enemies":"The Guardian","floor":16,"turns":15},{"damage":14,"enemies":"2 Thieves","floor":18,"turns":5},{"damage":7,"enemies":"Chosen","floor":21,"turns":6},{"damage":27,"enemies":"Snake Plant","floor":22,"turns":7},{"damage":11,"enemies":"Snecko","floor":23,"turns":6},{"damage":0,"enemies":"Sentry and Sphere","floor":27,"turns":7},{"damage":7,"enemies":"Snake Plant","floor":30,"turns":5},{"damage":20,"enemies":"3 Cultists","floor":31,"turns":7},{"damage":78,"enemies":"Automaton","floor":33,"turns":8}],"seed_played":"-2141896187207998896","potions_obtained":[{"floor":1,"key":"Block Potion"},{"floor":2,"key":"Regen Potion"},{"floor":8,"key":"GamblersBrew"},{"floor":14,"key":"SpeedPotion"},{"floor":21,"key":"Regen Potion"},{"floor":22,"key":"SkillPotion"},{"floor":27,"key":"SpeedPotion"}],"is_trial":false,"path_per_floor":["M","M","?","M","?","R","?","M","T","?","M","M","M","M","R","B",null,"M","?","$","M","M","M","$","R","T","M","?","R","M","M","R","B"],"character_chosen":"THE_SILENT","items_purchased":["Poisoned Stab","Acrobatics","Noxious Fumes"],"campfire_rested":4,"item_purchase_floors":[20,20,24],"current_hp_per_floor":[70,70,63,61,50,50,33,26,26,26,26,23,23,23,44,32,70,56,56,56,49,22,11,11,32,42,42,42,66,59,48,72,0],"gold":306,"neow_bonus":"ONE_RANDOM_RARE_CARD","is_prod":false,"is_daily":false,"chose_seed":false,"campfire_upgraded":1,"win_rate":0.0,"timestamp":1562708987,"path_taken":["M","M","?","M","?","R","?","M","T","?","M","?","M","M","R","BOSS","M","?","?","M","M","M","$","R","T","M","?","R","M","M","R","BOSS"],"build_version":"2019-07-05","purchased_purges":1,"victory":false,"max_hp_per_floor":[70,70,70,70,70,70,70,70,70,70,70,70,70,70,70,70,70,70,70,70,70,70,70,70,70,80,80,80,80,80,80,80,80],"card_choices":[{"not_picked":["Prepared","Dagger Spray"],"picked":"Escape Plan","floor":1},{"not_picked":["Skewer","Flying Knee"],"picked":"Poisoned Stab","floor":2},{"not_picked":["Slice","Outmaneuver"],"picked":"Prepared","floor":4},{"not_picked":["Skewer","Dagger Spray"],"picked":"Terror","floor":8},{"not_picked":["Backstab","Dagger Throw"],"picked":"Underhanded Strike","floor":11},{"not_picked":["Slice","Finisher"],"picked":"Masterful Stab","floor":12},{"not_picked":["Deflect","Riddle With Holes"],"picked":"After Image","floor":13},{"not_picked":["Riddle With Holes","PiercingWail"],"picked":"Blade Dance","floor":14},{"not_picked":["Tools of the Trade","Glass Knife"],"picked":"Unload","floor":16},{"not_picked":["Dagger Throw","Dagger Spray"],"picked":"Deadly Poison","floor":17},{"not_picked":["Dagger Throw","Prepared"],"picked":"Masterful Stab","floor":17},{"not_picked":["Prepared","Outmaneuver"],"picked":"Expertise","floor":17},{"not_picked":["Quick Slash","All Out Attack"],"picked":"Deflect","floor":17},{"not_picked":["Tactician","A Thousand Cuts"],"picked":"Poisoned Stab","floor":17},{"not_picked":["Riddle With Holes","Deflect+1"],"picked":"Caltrops","floor":18},{"not_picked":["Blur","Backflip"],"picked":"Flechettes","floor":21},{"not_picked":["Well Laid Plans","Finisher"],"picked":"Dagger Throw","floor":22},{"not_picked":["Underhanded Strike","Expertise"],"picked":"Acrobatics","floor":23},{"not_picked":["Skewer","Slice"],"picked":"Poisoned Stab+1","floor":27},{"not_picked":["Dagger Throw","Slice"],"picked":"Noxious Fumes+1","floor":30},{"not_picked":["Quick Slash+1","Flying Knee+1"],"picked":"Deadly Poison","floor":31}],"player_experience":7625,"relics_obtained":[{"floor":9,"key":"Thread and Needle"},{"floor":26,"key":"Pear"}],"event_choices":[{"damage_healed":0,"gold_gain":0,"player_choice":"Fled","damage_taken":7,"max_hp_gain":0,"max_hp_loss":0,"event_name":"Scrap Ooze","floor":3,"gold_loss":0},{"damage_healed":0,"gold_gain":75,"player_choice":"Gather Gold","damage_taken":11,"max_hp_gain":0,"max_hp_loss":0,"event_name":"World of Goop","floor":5,"gold_loss":0},{"damage_healed":0,"gold_gain":0,"player_choice":"Take Damage","damage_taken":17,"relics_obtained":["Golden Idol"],"max_hp_gain":0,"max_hp_loss":0,"event_name":"Golden Idol","floor":7,"gold_loss":0},{"damage_healed":0,"gold_gain":0,"player_choice":"Ignored","damage_taken":0,"max_hp_gain":0,"max_hp_loss":0,"event_name":"Golden Wing","floor":10,"gold_loss":0},{"damage_healed":0,"gold_gain":0,"player_choice":"Copied","damage_taken":0,"max_hp_gain":0,"max_hp_loss":0,"event_name":"Duplicator","floor":19,"gold_loss":0,"cards_obtained":["After Image"]},{"damage_healed":0,"gold_gain":0,"player_choice":"Gave Potion","damage_taken":0,"relics_obtained":["Shuriken"],"max_hp_gain":0,"max_hp_loss":0,"event_name":"WeMeetAgain","floor":28,"gold_loss":0}],"is_beta":false,"boss_relics":[{"not_picked":["Snecko Eye","Ring of the Serpent"],"picked":"Orrery"}],"items_purged_floors":[24],"is_endless":false,"potions_floor_spawned":[1,2,8,14,21,22,27],"killed_by":"Automaton","ascension_level":0}