{"gold_per_floor":[20,31,31,45,45,70,70,100,100,28,28,28,55,55,55,178,178,192,233,7,27,27,27,68,86,86,104,29,50,69,82,82,82],"floor_reached":33,"playtime":2045,"items_purged":["Strike_R"],"score":356,"play_id":"dce1d9f1-95f1-4f0f-8582-899aafbad8b6","local_time":"20190717200146","is_ascension_mode":true,"campfire_choices":[{"data":"Twin Strike","floor":7,"key":"SMITH"},{"data":"Shockwave","floor":15,"key":"SMITH"},{"data":"Disarm","floor":23,"key":"SMITH"},{"floor":32,"key":"REST"}],"neow_cost":"NO_GOLD","seed_source_timestamp":637251576081356,"circlet_count":0,"master_deck":["Strike_R","Strike_R","Strike_R","Strike_R","Defend_R","Defend_R","Defend_R","Defend_R","Bash+1","Flame Barrier","Pommel Strike+1","Twin Strike+1","Shockwave+1","Pommel Strike","Corruption","True Grit","Fiend Fire","Disarm+1","Impervious","Immolate","Warcry+1","Shrug It Off","Warcry+1","Metallicize+1"],"relics":["Burning Blood","Gambling Chip","Ornamental Fan","Mummified Hand","Bag of Preparation","Golden Idol","Eternal Feather","Red Mask","Nilry\u0027s Codex","Lantern","Frozen Egg 2"],"potions_floor_usage":[13,19,31,31],"damage_taken":[{"damage":1,"enemies":"Cultist","floor":1,"turns":3},{"damage":0,"enemies":"Jaw Worm","floor":2,"turns":4},{"damage":1,"enemies":"Small Slimes","floor":4,"turns":3},{"damage":25,"enemies":"3 Sentries","floor":6,"turns":10},{"damage":16,"enemies":"Gremlin Nob","floor":8,"turns":3},{"damage":11,"enemies":"3 Sentries","floor":13,"turns":5},{"damage":31,"enemies":"The Guardian","floor":16,"turns":13},{"damage":0,"enemies":"3 Byrds","floor":18,"turns":3},{"damage":3,"enemies":"Masked Bandits","floor":19,"turns":3},{"damage":22,"enemies":"Spheric Guardian","floor":21,"turns":5},{"damage":21,"enemies":"Slavers","floor":24,"turns":6},{"damage":0,"enemies":"3 Cultists","floor":25,"turns":3},{"damage":7,"enemies":"Cultist and Chosen","floor":27,"turns":8},{"damage":6,"enemies":"Snake Plant","floor":29,"turns":4},{"damage":0,"enemies":"Shelled Parasite and Fungi","floor":30,"turns":3},{"damage":14,"enemies":"Centurion and Healer","floor":31,"turns":5},{"damage":85,"enemies":"Champ","floor":33,"turns":15}],"seed_played":"-718320761391168924","potions_obtained":[{"floor":6,"key":"Dexterity Potion"},{"floor":8,"key":"Strength Potion"},{"floor":16,"key":"Fire Potion"},{"floor":18,"key":"Strength Potion"},{"floor":29,"key":"SneckoOil"}],"is_trial":false,"path_per_floor":["M","M","?","M","?","E","R","E","T","$","?","$","E","?","R","B",null,"M","?","$","M","?","R","E","M","T","M","$","M","M","M","R","B"],"character_chosen":"IRONCLAD","items_purchased":["Corruption","Impervious","Immolate"],"campfire_rested":1,"item_purchase_floors":[10,20,20],"current_hp_per_floor":[80,80,80,80,80,61,61,51,51,51,56,56,51,51,51,26,66,72,75,75,59,43,55,40,46,46,45,45,45,51,43,78,0],"gold":82,"neow_bonus":"ONE_RARE_RELIC","is_prod":false,"is_daily":false,"chose_seed":false,"campfire_upgraded":3,"win_rate":0,"timestamp":1563408106,"path_taken":["M","M","?","?","?","E","R","E","T","$","?","?","E","?","R","BOSS","M","?","$","M","?","R","E","M","T","M","$","M","M","M","R","BOSS"],"build_version":"2019-07-05","purchased_purges":1,"victory":false,"max_hp_per_floor":[80,80,80,80,80,80,80,80,80,80,85,85,85,79,79,79,79,79,79,79,79,79,79,79,79,79,79,79,79,79,79,79,79],"card_choices":[{"not_picked":["Twin Strike","Heavy Blade"],"picked":"Flame Barrier","floor":1},{"not_picked":["Body Slam","Blood for Blood"],"picked":"Pommel Strike","floor":2},{"not_picked":["Pummel","Flame Barrier"],"picked":"Twin Strike","floor":4},{"not_picked":["Sentinel","Whirlwind"],"picked":"Shockwave","floor":6},{"not_picked":["Heavy Blade","Intimidate"],"picked":"Pommel Strike","floor":8},{"not_picked":["Dropkick","Cleave"],"picked":"True Grit","floor":13},{"not_picked":["Bludgeon","Double Tap"],"picked":"Fiend Fire","floor":16},{"not_picked":["Headbutt+1","Carnage"],"picked":"Disarm","floor":18},{"not_picked":["Body Slam","Rage","Rupture"],"picked":"SKIP","floor":21},{"not_picked":["Heavy Blade","Iron Wave+1"],"picked":"Warcry+1","floor":24},{"not_picked":["Sentinel+1","Armaments"],"picked":"Shrug It Off","floor":25},{"not_picked":["Blood for Blood","True Grit"],"picked":"Warcry+1","floor":27},{"not_picked":["Searing Blow+1","Carnage"],"picked":"Metallicize+1","floor":29},{"not_picked":["Cleave","Anger+1","Barricade+1"],"picked":"SKIP","floor":30},{"not_picked":["Headbutt+1","Cleave","Corruption+1"],"picked":"SKIP","floor":31}],"player_experience":199560,"relics_obtained":[{"floor":6,"key":"Ornamental Fan"},{"floor":8,"key":"Mummified Hand"},{"floor":13,"key":"Bag of Preparation"},{"floor":19,"key":"Red Mask"},{"floor":22,"key":"Nilry\u0027s Codex"},{"floor":24,"key":"Lantern"},{"floor":26,"key":"Frozen Egg 2"}],"event_choices":[{"damage_healed":0,"gold_gain":0,"player_choice":"Upgraded","damage_taken":0,"max_hp_gain":0,"max_hp_loss":0,"event_name":"Upgrade Shrine","floor":3,"gold_loss":0,"cards_upgraded":["Bash"]},{"damage_healed":0,"gold_gain":0,"player_choice":"Grow","damage_taken":0,"max_hp_gain":0,"max_hp_loss":0,"event_name":"Living Wall","floor":5,"gold_loss":0,"cards_upgraded":["Pommel Strike"]},{"damage_healed":0,"gold_gain":0,"player_choice":"Donut","damage_taken":0,"max_hp_gain":5,"max_hp_loss":0,"event_name":"Big Fish","floor":11,"gold_loss":0},{"damage_healed":0,"gold_gain":0,"player_choice":"Lose Max HP","damage_taken":0,"relics_obtained":["Golden Idol"],"max_hp_gain":0,"max_hp_loss":6,"event_name":"Golden Idol","floor":14,"gold_loss":0},{"damage_healed":0,"gold_gain":0,"player_choice":"Fought Bandits","damage_taken":0,"max_hp_gain":0,"max_hp_loss":0,"event_name":"Masked Bandits","floor":19,"gold_loss":0},{"damage_healed":0,"gold_gain":0,"player_choice":"Obtained Book","damage_taken":16,"max_hp_gain":0,"max_hp_loss":0,"event_name":"Cursed Tome","floor":22,"gold_loss":0}],"is_beta":false,"boss_relics":[{"not_picked":["Calling Bell","Philosopher\u0027s Stone"],"picked":"Eternal Feather"}],"items_purged_floors":[28],"is_endless":false,"potions_floor_spawned":[6,8,16,18,29],"killed_by":"Champ","ascension_level":5}