{"gold_per_floor":[111,122,135,150,100,100,130,100,100,24,53,68,68,80,80,183,183,199,114,114,124,135,135,163,176,176,176,193,79,99,99,99,204,204,217,217,18,1017,74,93,105,105,105,119,135,135,135,151,151,151],"floor_reached":51,"playtime":7463,"items_purged":["Strike_G","Defend_G"],"score":845,"play_id":"24ae08b6-c193-403d-b588-a59c0d2f7e97","local_time":"20190706144324","is_ascension_mode":true,"campfire_choices":[{"data":"Neutralize","floor":6,"key":"SMITH"},{"data":"Well Laid Plans","floor":13,"key":"SMITH"},{"data":"Catalyst","floor":15,"key":"SMITH"},{"floor":23,"key":"REST"},{"floor":27,"key":"REST"},{"floor":32,"key":"REST"},{"data":"Skewer","floor":42,"key":"SMITH"},{"data":"PiercingWail","floor":47,"key":"SMITH"},{"floor":49,"key":"REST"}],"neow_cost":"NONE","seed_source_timestamp":168560047205699,"circlet_count":0,"master_deck":["Strike_G","Strike_G","Strike_G","Defend_G","Defend_G","Defend_G","Defend_G","Survivor","Neutralize+1","Crippling Poison","Heel Hook","Backflip","Skewer+1","Flying Knee","Well Laid Plans+1","Corpse Explosion","Escape Plan","Catalyst+1","Tools of the Trade","Crippling Poison","Decay","Acrobatics+1","Poisoned Stab","Bane","Escape Plan","Predator","Eviscerate","Normality","Normality","PiercingWail+1","Bane+1"],"relics":["Ring of the Snake","Ancient Tea Set","Mercury Hourglass","Bird Faced Urn","HoveringKite","Paper Crane","Kunai","Ornamental Fan","Velvet Choker","Bottled Flame","TwistedFunnel","OrangePellets","Mango","Omamori","Bag of Preparation"],"potions_floor_usage":[4,16,24,28,30,40,50,50],"damage_taken":[{"damage":1,"enemies":"2 Louse","floor":1,"turns":3},{"damage":2,"enemies":"Cultist","floor":2,"turns":4},{"damage":0,"enemies":"Small Slimes","floor":3,"turns":5},{"damage":3,"enemies":"Looter","floor":4,"turns":4},{"damage":25,"enemies":"Lagavulin","floor":7,"turns":7},{"damage":16,"enemies":"3 Sentries","floor":11,"turns":7},{"damage":0,"enemies":"3 Louse","floor":12,"turns":1},{"damage":1,"enemies":"Red Slaver","floor":14,"turns":3},{"damage":6,"enemies":"Slime Boss","floor":16,"turns":6},{"damage":20,"enemies":"2 Thieves","floor":18,"turns":3},{"damage":15,"enemies":"Spheric Guardian","floor":21,"turns":4},{"damage":7,"enemies":"Snecko","floor":22,"turns":5},{"damage":31,"enemies":"Book of Stabbing","floor":24,"turns":7},{"damage":10,"enemies":"Shelled Parasite and Fungi","floor":25,"turns":7},{"damage":4,"enemies":"Sentry and Sphere","floor":28,"turns":3},{"damage":0,"enemies":"3 Cultists","floor":30,"turns":2},{"damage":47,"enemies":"Collector","floor":33,"turns":9},{"damage":1,"enemies":"Orb Walker","floor":35,"turns":4},{"damage":10,"enemies":"3 Darklings","floor":40,"turns":4},{"damage":0,"enemies":"Jaw Worm Horde","floor":41,"turns":2},{"damage":10,"enemies":"Spire Growth","floor":44,"turns":3},{"damage":1,"enemies":"Sphere and 2 Shapes","floor":45,"turns":3},{"damage":0,"enemies":"4 Shapes","floor":48,"turns":1},{"damage":69,"enemies":"Donu and Deca","floor":50,"turns":7}],"seed_played":"6425733132855775924","potions_obtained":[{"floor":3,"key":"Strength Potion"},{"floor":8,"key":"Poison Potion"},{"floor":8,"key":"Ancient Potion"},{"floor":11,"key":"LiquidBronze"},{"floor":14,"key":"Energy Potion"},{"floor":16,"key":"Energy Potion"},{"floor":22,"key":"Block Potion"},{"floor":30,"key":"Strength Potion"},{"floor":35,"key":"FearPotion"},{"floor":40,"key":"FearPotion"}],"is_trial":false,"path_per_floor":["M","M","M","M","?","R","E","?","T","$","E","M","R","M","R","B",null,"M","?","?","M","M","R","E","M","T","R","M","$","M","?","R","B",null,"M","T","$","?","$","M","M","R","T","M","M","?","R","M","R","B",null],"character_chosen":"THE_SILENT","items_purchased":["Well Laid Plans","Escape Plan","TwistedFunnel","OrangePellets","Mango","Regen Potion","Fire Potion","SpeedPotion","Omamori","PiercingWail"],"campfire_rested":4,"item_purchase_floors":[10,29,37,39,39,39,39,39,39,39],"current_hp_per_floor":[69,67,67,64,64,64,39,39,39,39,23,23,23,24,24,20,58,40,40,40,27,20,41,12,6,6,27,25,25,25,25,46,3,53,56,56,56,56,70,64,66,66,66,56,55,55,55,55,80,23],"gold":151,"neow_bonus":"RANDOM_COMMON_RELIC","is_prod":false,"is_daily":false,"chose_seed":false,"campfire_upgraded":5,"win_rate":0,"timestamp":1562395404,"path_taken":["M","M","M","M","?","R","E","?","T","$","E","M","R","?","R","BOSS","M","?","?","M","M","R","E","M","T","R","M","$","M","?","R","BOSS","M","?","$","?","$","M","M","R","T","M","?","?","R","M","R","BOSS"],"build_version":"2019-07-05","purchased_purges":2,"victory":true,"max_hp_per_floor":[70,70,70,70,70,70,70,70,70,70,70,70,70,70,70,70,70,70,70,70,70,70,70,70,70,70,70,70,70,70,70,70,70,70,70,70,70,70,84,84,84,84,84,84,84,84,84,84,84,84],"card_choices":[{"not_picked":["Poisoned Stab","Choke"],"picked":"Crippling Poison","floor":1},{"not_picked":["Acrobatics","Cloak And Dagger"],"picked":"Heel Hook","floor":2},{"not_picked":["Deflect","Outmaneuver"],"picked":"Backflip","floor":3},{"not_picked":["Prepared","Slice"],"picked":"Skewer","floor":4},{"not_picked":["Crippling Poison","Cloak And Dagger"],"picked":"Flying Knee","floor":7},{"not_picked":["Night Terror","Caltrops"],"picked":"Corpse Explosion","floor":11},{"not_picked":["Outmaneuver","Acrobatics"],"picked":"Escape Plan","floor":12},{"not_picked":["Outmaneuver","Accuracy"],"picked":"Catalyst","floor":14},{"not_picked":["Grand Finale","Corpse Explosion"],"picked":"Tools of the Trade","floor":16},{"not_picked":["Prepared","Flechettes+1"],"picked":"Crippling Poison","floor":18},{"not_picked":["Sucker Punch","Dagger Spray","Blade Dance"],"picked":"SKIP","floor":21},{"not_picked":["Choke","Prepared","Dodge and Roll"],"picked":"SKIP","floor":22},{"not_picked":["Accuracy","Concentrate"],"picked":"Acrobatics","floor":24},{"not_picked":["Riddle With Holes","Dagger Throw"],"picked":"Poisoned Stab","floor":25},{"not_picked":["Caltrops","Acrobatics"],"picked":"Bane","floor":28},{"not_picked":["Blur","Blade Dance"],"picked":"Predator","floor":30},{"not_picked":["Quick Slash+1","Underhanded Strike"],"picked":"Eviscerate","floor":35},{"not_picked":["Dagger Spray+1","Expertise+1","Predator+1"],"picked":"SKIP","floor":40},{"not_picked":["Acrobatics","Crippling Poison+1","Prepared"],"picked":"SKIP","floor":41},{"not_picked":["Masterful Stab","Prepared+1"],"picked":"Bane+1","floor":44},{"not_picked":["Flechettes+1","Underhanded Strike+1","Dagger Throw+1"],"picked":"SKIP","floor":45},{"not_picked":["Predator","Outmaneuver","Choke+1"],"picked":"SKIP","floor":48}],"player_experience":208677,"relics_obtained":[{"floor":7,"key":"Mercury Hourglass"},{"floor":11,"key":"Bird Faced Urn"},{"floor":24,"key":"Kunai"},{"floor":26,"key":"Ornamental Fan"},{"floor":36,"key":"Bottled Flame"},{"floor":43,"key":"Bag of Preparation"}],"event_choices":[{"cards_removed":["Strike_G"],"damage_healed":0,"gold_gain":0,"player_choice":"Card Removal","damage_taken":0,"max_hp_gain":0,"max_hp_loss":0,"event_name":"The Cleric","floor":5,"gold_loss":50},{"damage_healed":0,"gold_gain":0,"player_choice":"Bought 2 Potions","damage_taken":0,"max_hp_gain":0,"max_hp_loss":0,"event_name":"The Woman in Blue","floor":8,"gold_loss":0},{"damage_healed":0,"gold_gain":0,"player_choice":"Obtained Relic","damage_taken":0,"relics_obtained":["Paper Crane"],"max_hp_gain":0,"max_hp_loss":0,"event_name":"Addict","floor":19,"gold_loss":85},{"damage_healed":0,"gold_gain":0,"player_choice":"Smashed Altar","damage_taken":0,"max_hp_gain":0,"max_hp_loss":0,"event_name":"Forgotten Altar","floor":20,"gold_loss":0,"cards_obtained":["Decay"]},{"damage_healed":0,"gold_gain":0,"player_choice":"Upgraded","damage_taken":0,"max_hp_gain":0,"max_hp_loss":0,"event_name":"Upgrade Shrine","floor":31,"gold_loss":0,"cards_upgraded":["Acrobatics"]},{"damage_healed":0,"gold_gain":999,"player_choice":"Gold","damage_taken":0,"max_hp_gain":0,"max_hp_loss":0,"event_name":"MindBloom","floor":38,"gold_loss":0,"cards_obtained":["Normality","Normality"]},{"damage_healed":0,"gold_gain":0,"player_choice":"Memory 1","damage_taken":0,"max_hp_gain":0,"max_hp_loss":0,"event_name":"SensoryStone","floor":46,"gold_loss":0}],"is_beta":false,"boss_relics":[{"not_picked":["Astrolabe","Coffee Dripper"],"picked":"HoveringKite"},{"not_picked":["White Beast Statue","Runic Pyramid"],"picked":"Velvet Choker"}],"items_purged_floors":[29,39],"is_endless":false,"potions_floor_spawned":[3,11,14,16,22,30,35,40],"ascension_level":5}