{"gold_per_floor":[111,186,197,208,54,54,86,86,110,169,22,22,22,38,38,135,135,148,161,436,234,245,245,278,295,318,318,353,353,364,18,18,116,116,134,9,21,21,21,21,54,54,54,73,99,114,124,143,143,143],"floor_reached":51,"playtime":2536,"items_purged":["Strike_R","Defend_R","Regret"],"score":867,"play_id":"c4881554-ed04-4353-be93-09214750ca0c","local_time":"20190618205112","is_ascension_mode":true,"campfire_choices":[{"data":"Rampage","floor":6.0,"key":"SMITH"},{"data":"Shrug It Off","floor":8.0,"key":"SMITH"},{"data":"Shrug It Off","floor":12.0,"key":"SMITH"},{"data":"Juggernaut","floor":15.0,"key":"SMITH"},{"data":"Demon Form","floor":23.0,"key":"SMITH"},{"data":"Whirlwind","floor":27.0,"key":"SMITH"},{"floor":29.0,"key":"REST"},{"floor":32.0,"key":"REST"},{"data":"Evolve","floor":40,"key":"SMITH"},{"data":"Pommel Strike","floor":42,"key":"SMITH"},{"floor":49,"key":"REST"}],"neow_cost":"NONE","seed_source_timestamp":278030035567190,"circlet_count":0,"master_deck":["Strike_R","Strike_R","Defend_R+1","Defend_R+1","Shrug It Off+1","Sever Soul","Rampage+1","Juggernaut+1","Shrug It Off+1","Pommel Strike+1","Demon Form+1","Twin Strike+1","Whirlwind+1","Evolve+1","Uppercut+1","Rage+1","Heavy Blade+1","Power Through+1","True Grit+1","Double Tap+1","Sever Soul+1","Power Through+1","Limit Break+1","Blind+1","True Grit+1","Madness+1","Madness+1","Burning Pact+1","Battle Trance+1"],"special_seed":0,"relics":["Burning Blood","Happy Flower","Vajra","Sozu","Toxic Egg 2","Centennial Puzzle","Bird Faced Urn","Membership Card","Mummified Hand","Astrolabe","War Paint","Regal Pillow","The Courier","Bag of Preparation"],"potions_floor_usage":[],"damage_taken":[{"damage":5.0,"enemies":"Small Slimes","floor":1.0,"turns":3.0},{"damage":4.0,"enemies":"Jaw Worm","floor":3.0,"turns":5.0},{"damage":1.0,"enemies":"Cultist","floor":4.0,"turns":3.0},{"damage":23.0,"enemies":"3 Sentries","floor":7.0,"turns":10.0},{"damage":1.0,"enemies":"2 Fungi Beasts","floor":14.0,"turns":4.0},{"damage":46.0,"enemies":"Hexaghost","floor":16.0,"turns":9.0},{"damage":12.0,"enemies":"3 Byrds","floor":18.0,"turns":6.0},{"damage":2.0,"enemies":"Chosen","floor":19.0,"turns":4.0},{"damage":12.0,"enemies":"3 Cultists","floor":22.0,"turns":5.0},{"damage":36.0,"enemies":"Slavers","floor":24.0,"turns":5.0},{"damage":0.0,"enemies":"Snecko","floor":25.0,"turns":3.0},{"damage":53.0,"enemies":"Gremlin Leader","floor":28.0,"turns":6.0},{"damage":31.0,"enemies":"Snake Plant","floor":30.0,"turns":4.0},{"damage":42,"enemies":"Automaton","floor":33,"turns":7},{"damage":25,"enemies":"3 Darklings","floor":35,"turns":6},{"damage":1,"enemies":"3 Shapes","floor":37,"turns":4},{"damage":31,"enemies":"Reptomancer","floor":41,"turns":5},{"damage":1,"enemies":"Transient","floor":44,"turns":5},{"damage":47,"enemies":"Nemesis","floor":45,"turns":7},{"damage":9,"enemies":"Jaw Worm Horde","floor":46,"turns":4},{"damage":10,"enemies":"Sphere and 2 Shapes","floor":47,"turns":5},{"damage":0,"enemies":"3 Darklings","floor":48,"turns":1},{"damage":38,"enemies":"Awakened One","floor":50,"turns":8}],"seed_played":"-3837766286981076806","potions_obtained":[{"floor":7.0,"key":"BloodPotion"},{"floor":14.0,"key":"Block Potion"}],"is_trial":false,"path_per_floor":["M","?","M","M","$","R","E","R","T","?","$","R","?","M","R","B",null,"M","M","?","$","M","R","E","M","T","R","E","R","M","$","R","B",null,"M","$","M","?","?","R","E","R","T","M","E","M","M","M","R","B",null],"character_chosen":"IRONCLAD","items_purchased":["Rampage","Shrug It Off","Evolve","Membership Card","True Grit+1","Mummified Hand","War Paint","Blind+1"],"campfire_rested":3,"item_purchase_floors":[5,11,21,31,31,31,36,36],"current_hp_per_floor":[88,77,79,84,84,84,67,67,67,67,67,67,67,72,72,32,88,82,86,86,86,80,80,50,56,56,56,9,35,22,22,48,16,88,71,71,78,78,67,67,46,46,46,53,18,21,21,27,68,42],"gold":143,"neow_bonus":"TEN_PERCENT_HP_BONUS","is_prod":false,"is_daily":false,"chose_seed":false,"campfire_upgraded":8,"win_rate":0,"timestamp":1560855072,"path_taken":["M","?","M","M","$","R","E","R","T","?","$","R","?","M","R","BOSS","M","M","?","$","M","R","E","M","T","R","E","R","M","$","R","BOSS","M","$","M","?","?","R","E","R","T","M","E","M","?","M","R","BOSS"],"build_version":"2019-01-23","purchased_purges":3,"victory":true,"max_hp_per_floor":[88,88,88,88,88,88,88,88,88,88,88,88,88,88,88,88,88,88,88,88,88,88,88,88,88,88,88,88,88,88,88,88,88,88,88,88,88,88,88,88,88,88,88,88,88,88,88,88,88,88],"card_choices":[{"not_picked":["Iron Wave","Warcry"],"picked":"Shrug It Off","floor":1.0},{"not_picked":["Clothesline","Rage"],"picked":"Sever Soul","floor":3.0},{"not_picked":["Body Slam","Heavy Blade","Intimidate"],"picked":"SKIP","floor":4.0},{"not_picked":["Havoc","Hemokinesis"],"picked":"Juggernaut","floor":7.0},{"not_picked":["Searing Blow","Wild Strike"],"picked":"Pommel Strike","floor":14.0},{"not_picked":["Exhume","Double Tap"],"picked":"Demon Form","floor":16.0},{"not_picked":["Headbutt","Pommel Strike"],"picked":"Twin Strike+1","floor":18.0},{"not_picked":["Anger+1","Sword Boomerang"],"picked":"Whirlwind","floor":19.0},{"not_picked":["Anger","Metallicize"],"picked":"Uppercut+1","floor":22.0},{"not_picked":["Dual Wield","Shockwave+1"],"picked":"Rage","floor":24.0},{"not_picked":["Sentinel+1","Clothesline","Bloodletting+1"],"picked":"SKIP","floor":25.0},{"not_picked":["Feed","Clothesline"],"picked":"Heavy Blade+1","floor":28.0},{"not_picked":["Anger","Twin Strike+1"],"picked":"Power Through+1","floor":30.0},{"not_picked":["Offering+1","Berserk"],"picked":"Double Tap+1","floor":33},{"not_picked":["Wild Strike","Perfected Strike+1","Pommel Strike"],"picked":"SKIP","floor":35},{"not_picked":["Clothesline+1","Heavy Blade+1"],"picked":"True Grit+1","floor":37},{"not_picked":["Entrench+1","Carnage+1"],"picked":"Burning Pact+1","floor":41},{"not_picked":["Iron Wave+1","Headbutt","Body Slam+1"],"picked":"SKIP","floor":44},{"not_picked":["Carnage+1","Blood for Blood","Perfected Strike"],"picked":"SKIP","floor":45},{"not_picked":["Thunderclap","Warcry+1","Havoc+1"],"picked":"SKIP","floor":46},{"not_picked":["Power Through+1","Clash","Blood for Blood"],"picked":"SKIP","floor":47},{"not_picked":["Heavy Blade","Bloodletting+1"],"picked":"Battle Trance+1","floor":48}],"player_experience":580554,"relics_obtained":[{"floor":7.0,"key":"Happy Flower"},{"floor":9.0,"key":"Vajra"},{"floor":24.0,"key":"Toxic Egg 2"},{"floor":26.0,"key":"Centennial Puzzle"},{"floor":28.0,"key":"Bird Faced Urn"},{"floor":41,"key":"Regal Pillow"},{"floor":43,"key":"The Courier"},{"floor":45,"key":"Bag of Preparation"}],"event_choices":[{"damage_healed":0.0,"max_hp_gain":0.0,"max_hp_loss":0.0,"gold_gain":75.0,"event_name":"World of Goop","player_choice":"Gather Gold","floor":2.0,"gold_loss":0.0,"damage_taken":11.0},{"damage_healed":0.0,"max_hp_gain":0.0,"max_hp_loss":0.0,"gold_gain":59.0,"event_name":"Golden Wing","player_choice":"Gained Gold","floor":10.0,"gold_loss":0.0,"damage_taken":0.0},{"damage_healed":0.0,"max_hp_gain":0.0,"max_hp_loss":0.0,"gold_gain":0.0,"event_name":"The Cleric","player_choice":"Leave","floor":13.0,"gold_loss":0.0,"damage_taken":0.0},{"damage_healed":0.0,"max_hp_gain":0.0,"max_hp_loss":0.0,"gold_gain":275.0,"event_name":"Golden Shrine","player_choice":"Desecrate","floor":20.0,"gold_loss":0.0,"damage_taken":0.0,"cards_obtained":["Regret"]},{"cards_removed":["Bash"],"damage_healed":0,"gold_gain":0,"player_choice":"Removed Attack","damage_taken":0,"max_hp_gain":0,"max_hp_loss":0,"event_name":"Falling","floor":38,"gold_loss":0},{"damage_healed":0,"gold_gain":0,"player_choice":"Embrace Madness","damage_taken":11,"max_hp_gain":0,"max_hp_loss":0,"event_name":"Winding Halls","floor":39,"gold_loss":0,"cards_obtained":["Madness","Madness"]}],"is_beta":false,"boss_relics":[{"not_picked":["Black Blood","Runic Dome"],"picked":"Sozu"},{"not_picked":["Runic Pyramid","Eternal Feather"],"picked":"Astrolabe"}],"items_purged_floors":[5,11,21],"is_endless":false,"potions_floor_spawned":[7,14,18,22,30,33,41,47,48],"ascension_level":2}