{"gold_per_floor":[114,45,120,137,155,189,170,205,229,256,256,272,272,289,289,394,394,410,138,149,49,59,59,76,76,103,134,134,134,153,28,28,127,127,143,143,225,243,243,243,243,259,259,259,272,272,287,0,0,0],"floor_reached":50,"playtime":3076,"items_purged":["Hello World","Fusion","Decay"],"score":747,"play_id":"2b3c4e4b-e069-4419-a325-2bd9a433ceaa","local_time":"20190709165517","is_ascension_mode":true,"campfire_choices":[{"data":"Zap","floor":11.0,"key":"SMITH"},{"data":"Streamline","floor":13.0,"key":"SMITH"},{"floor":15.0,"key":"REST"},{"data":"Dualcast","floor":23.0,"key":"SMITH"},{"floor":25.0,"key":"REST"},{"floor":29.0,"key":"REST"},{"floor":32.0,"key":"REST"},{"floor":40,"key":"REST"},{"data":"Echo Form","floor":49,"key":"SMITH"}],"neow_cost":"NONE","seed_source_timestamp":21858846853470,"circlet_count":0,"master_deck":["AscendersBane","Zap+1","Dualcast+1","Conserve Battery+1","FTL+1","Streamline+1","Cold Snap+1","Compile Driver+1","Sweeping Beam+1","Undo+1","Electrodynamics+1","Capacitor+1","Machine Learning+1","Force Field+1","Heatsinks+1","Skim+1","Coolheaded+1","Seek+1","Go for the Eyes+1","Stack+1","Ball Lightning+1","Fission+1","Auto Shields+1","Steam+1","Meteor Strike+1","Defragment+1","Jack Of All Trades+1","Loop+1","Stack+1","Madness","Madness","Echo Form+1"],"special_seed":0,"relics":["Cracked Core","WingedGreaves","Strawberry","Happy Flower","Whetstone","Pandora\u0027s Box","Medical Kit","Dream Catcher","Art of War","Astrolabe","Bottled Tornado","Mark of the Bloom","Letter Opener","Dodecahedron","Nunchaku"],"potions_floor_usage":[],"damage_taken":[{"damage":0.0,"enemies":"Small Slimes","floor":1.0,"turns":3.0},{"damage":0.0,"enemies":"Cultist","floor":4.0,"turns":3.0},{"damage":1.0,"enemies":"2 Louse","floor":5.0,"turns":3.0},{"damage":27.0,"enemies":"3 Sentries","floor":6.0,"turns":9.0},{"damage":0.0,"enemies":"Exordium Thugs","floor":7.0,"turns":4.0},{"damage":8.0,"enemies":"Gremlin Nob","floor":8.0,"turns":3.0},{"damage":17.0,"enemies":"Lagavulin","floor":10.0,"turns":6.0},{"damage":0.0,"enemies":"3 Louse","floor":12.0,"turns":3.0},{"damage":11.0,"enemies":"Lots of Slimes","floor":14.0,"turns":3.0},{"damage":7.0,"enemies":"Slime Boss","floor":16.0,"turns":11.0},{"damage":6.0,"enemies":"3 Byrds","floor":18.0,"turns":3.0},{"damage":12.0,"enemies":"Chosen","floor":20.0,"turns":4.0},{"damage":26.0,"enemies":"Snake Plant","floor":22.0,"turns":4.0},{"damage":1.0,"enemies":"Centurion and Healer","floor":24.0,"turns":8.0},{"damage":48.0,"enemies":"Slavers","floor":27.0,"turns":3.0},{"damage":13.0,"enemies":"Shelled Parasite and Fungi","floor":30.0,"turns":8.0},{"damage":20.0,"enemies":"Champ","floor":33.0,"turns":17.0},{"damage":1.0,"enemies":"Orb Walker","floor":35.0,"turns":4.0},{"damage":29,"enemies":"3 Darklings","floor":38,"turns":4},{"damage":0,"enemies":"Maw","floor":42,"turns":5},{"damage":5,"enemies":"Spire Growth","floor":45,"turns":5},{"damage":0,"enemies":"Sphere and 2 Shapes","floor":47,"turns":2},{"damage":32,"enemies":"Time Eater","floor":50,"turns":1}],"seed_played":"-9117237039766434729","potions_obtained":[{"floor":4.0,"key":"Poison Potion"},{"floor":7.0,"key":"AttackPotion"},{"floor":10.0,"key":"FairyPotion"},{"floor":12.0,"key":"Weak Potion"},{"floor":18.0,"key":"Ancient Potion"},{"floor":22.0,"key":"SkillPotion"},{"floor":30.0,"key":"Weak Potion"},{"floor":33.0,"key":"Regen Potion"}],"is_trial":false,"path_per_floor":["M","$","?","M","M","E","M","E","T","E","R","M","R","M","R","B",null,"M","$","M","$","M","R","M","R","T","E","?","R","M","$","R","B",null,"M","?","T","M","?","R","?","M","T","$","M","?","M","$","R","B"],"character_chosen":"DEFECT","items_purchased":["FTL","Medical Kit","Nunchaku"],"campfire_rested":5,"item_purchase_floors":[2,19,48],"current_hp_per_floor":[75,75,67,67,66,39,39,38,38,21,21,21,21,10,36,29,74,68,68,56,56,30,30,29,55,55,7,7,33,20,20,46,26,73,72,72,72,43,43,43,43,43,43,43,38,27,27,27,27,0],"gold":0,"neow_bonus":"TEN_PERCENT_HP_BONUS","is_prod":false,"is_daily":false,"chose_seed":false,"campfire_upgraded":4,"win_rate":0,"timestamp":1562655317,"path_taken":["M","$","?","M","M","E","?","E","T","E","R","M","R","M","R","BOSS","M","$","M","$","M","R","M","R","T","E","?","R","M","?","R","BOSS","M","?","?","M","?","R","?","?","T","?","M","?","M","$","R","BOSS"],"build_version":"2019-07-05","purchased_purges":3,"victory":false,"max_hp_per_floor":[82,82,82,82,82,82,82,89,89,89,89,89,89,89,89,89,89,89,89,89,89,89,89,89,89,89,89,89,89,89,89,89,89,89,89,89,89,89,89,89,89,89,89,89,89,89,89,89,89,89],"card_choices":[{"not_picked":["Recycle","Fusion"],"picked":"Conserve Battery","floor":1.0},{"not_picked":["Fusion","Self Repair"],"picked":"Streamline","floor":4.0},{"not_picked":["Go for the Eyes","Reinforced Body"],"picked":"Cold Snap","floor":5.0},{"not_picked":["Reinforced Body","Heatsinks"],"picked":"Compile Driver","floor":6.0},{"not_picked":["Go for the Eyes","Hologram"],"picked":"Cold Snap","floor":7.0},{"not_picked":["Rebound","Streamline","Barrage"],"picked":"SKIP","floor":8.0},{"not_picked":["Scrape","Chaos"],"picked":"Sweeping Beam","floor":10.0},{"not_picked":["Lockon","Cold Snap","Barrage"],"picked":"SKIP","floor":12.0},{"not_picked":["Rebound","Beam Cell"],"picked":"Undo","floor":14.0},{"not_picked":["Buffer","Hyperbeam"],"picked":"Electrodynamics","floor":16.0},{"not_picked":["Ball Lightning","Recycle"],"picked":"Skim+1","floor":18.0},{"not_picked":["Redo","Leap","Capacitor"],"picked":"SKIP","floor":20.0},{"not_picked":["Stack","Hello World"],"picked":"Coolheaded+1","floor":22.0},{"not_picked":["Recycle","Hello World","Compile Driver"],"picked":"SKIP","floor":24.0},{"not_picked":["Leap","Redo"],"picked":"Seek","floor":27.0},{"not_picked":["Static Discharge","Turbo"],"picked":"Go for the Eyes+1","floor":29.0},{"not_picked":["Undo","Coolheaded"],"picked":"Stack+1","floor":30.0},{"not_picked":["Loop","Sweeping Beam"],"picked":"Ball Lightning","floor":32.0},{"not_picked":["Reboot","All For One"],"picked":"Fission","floor":33.0},{"not_picked":["Redo","Hello World+1"],"picked":"Defragment","floor":35.0},{"not_picked":["Swift Strike","Purity"],"picked":"Jack Of All Trades","floor":36.0},{"not_picked":["Stack","Aggregate"],"picked":"Loop+1","floor":38},{"not_picked":["Sweeping Beam+1","Cold Snap"],"picked":"Stack+1","floor":40},{"not_picked":["Cold Snap","Tempest","Gash+1"],"picked":"SKIP","floor":42},{"not_picked":["Streamline+1","Cold Snap","Sweeping Beam"],"picked":"SKIP","floor":45},{"not_picked":["Rip and Tear+1","Compile Driver"],"picked":"Echo Form","floor":47}],"player_experience":613634,"relics_obtained":[{"floor":6.0,"key":"WingedGreaves"},{"floor":8.0,"key":"Strawberry"},{"floor":9.0,"key":"Happy Flower"},{"floor":10.0,"key":"Whetstone"},{"floor":26.0,"key":"Dream Catcher"},{"floor":27.0,"key":"Art of War"},{"floor":37,"key":"Bottled Tornado"},{"floor":43,"key":"Dodecahedron"}],"event_choices":[{"damage_healed":0.0,"max_hp_gain":0.0,"max_hp_loss":0.0,"gold_gain":75.0,"event_name":"FaceTrader","player_choice":"Touch","floor":3.0,"gold_loss":0.0,"damage_taken":8.0},{"damage_healed":0.0,"max_hp_gain":0.0,"max_hp_loss":0.0,"gold_gain":0.0,"event_name":"Wheel of Change","player_choice":"Cursed","floor":28.0,"gold_loss":0.0,"damage_taken":0.0,"cards_obtained":["Decay"]},{"damage_healed":0.0,"max_hp_gain":0.0,"max_hp_loss":0.0,"gold_gain":0.0,"event_name":"SensoryStone","player_choice":"Memory 1","floor":36.0,"gold_loss":0.0,"damage_taken":0.0},{"damage_healed":0,"gold_gain":0,"player_choice":"Upgrade","damage_taken":0,"relics_obtained":["Mark of the Bloom"],"max_hp_gain":0,"max_hp_loss":0,"event_name":"MindBloom","floor":39,"gold_loss":0,"cards_upgraded":["Conserve Battery","FTL","Compile Driver","Sweeping Beam","Undo","Electrodynamics","Capacitor","Machine Learning","Force Field","Heatsinks","Seek","Ball Lightning","Fission","Defragment","Jack Of All Trades"]},{"damage_healed":0,"gold_gain":0,"player_choice":"Gave Potion","damage_taken":0,"relics_obtained":["Letter Opener"],"max_hp_gain":0,"max_hp_loss":0,"event_name":"WeMeetAgain","floor":41,"gold_loss":0},{"damage_healed":0,"gold_gain":0,"player_choice":"Embrace Madness","damage_taken":11,"max_hp_gain":0,"max_hp_loss":0,"event_name":"Winding Halls","floor":46,"gold_loss":0,"cards_obtained":["Madness","Madness"]}],"is_beta":false,"boss_relics":[{"not_picked":["Runic Dome","Philosopher\u0027s Stone"],"picked":"Pandora\u0027s Box"},{"not_picked":["White Beast Statue","Fusion Hammer"],"picked":"Astrolabe"}],"items_purged_floors":[19,21,31],"is_endless":false,"potions_floor_spawned":[4,7,10,12,16,18,22,30,33,35,38],"killed_by":"Time Eater","ascension_level":11}