{"gold_per_floor":[114,134,59,71,31,31,44,44,69,85,85,110,129,148,148,244,244,264,292,71,71],"floor_reached":21,"playtime":3202,"items_purged":["Strike_B"],"score":181,"play_id":"75bcda29-1f6a-430d-9d7d-97342527c7e7","local_time":"20190716234410","is_ascension_mode":false,"campfire_choices":[{"data":"Double Energy","floor":6,"key":"SMITH"},{"data":"Loop","floor":8,"key":"SMITH"},{"data":"Blizzard","floor":11,"key":"SMITH"},{"data":"Seek","floor":15,"key":"SMITH"}],"neow_cost":"NONE","seed_source_timestamp":607113698589904,"circlet_count":0,"master_deck":["Strike_B","Strike_B","Strike_B","Defend_B","Defend_B","Defend_B","Defend_B","Zap","Dualcast","BootSequence","Streamline","Glacier","Double Energy+1","Storm","Loop+1","Blizzard+1","Streamline","Fusion","Seek+1","Multi-Cast","Melter","Barrage","Hello World","Amplify","Sweeping Beam+1"],"relics":["Cracked Core","Oddly Smooth Stone","Orichalcum","Orrery","Red Mask","Regal Pillow"],"potions_floor_usage":[],"damage_taken":[{"damage":1,"enemies":"Cultist","floor":1,"turns":3},{"damage":2,"enemies":"Small Slimes","floor":2,"turns":3},{"damage":0,"enemies":"2 Louse","floor":4,"turns":2},{"damage":0,"enemies":"Exordium Wildlife","floor":7,"turns":3},{"damage":1,"enemies":"Blue Slaver","floor":10,"turns":3},{"damage":11,"enemies":"3 Sentries","floor":12,"turns":8},{"damage":0,"enemies":"Red Slaver","floor":13,"turns":3},{"damage":0,"enemies":"Exordium Wildlife","floor":14,"turns":4},{"damage":20,"enemies":"Hexaghost","floor":16,"turns":11},{"damage":23,"enemies":"2 Thieves","floor":18,"turns":4},{"damage":54,"enemies":"Masked Bandits","floor":19,"turns":5},{"damage":5,"enemies":"3 Byrds","floor":21,"turns":2}],"seed_played":"-39990597637624450","potions_obtained":[{"floor":7,"key":"GamblersBrew"},{"floor":13,"key":"Dexterity Potion"},{"floor":14,"key":"SkillPotion"},{"floor":16,"key":"SkillPotion"}],"is_trial":false,"path_per_floor":["M","M","$","M","$","R","M","R","T","M","R","E","M","M","R","B",null,"M","?","$","M"],"character_chosen":"DEFECT","items_purchased":["Glacier","Storm","Regal Pillow"],"campfire_rested":0,"item_purchase_floors":[3,5,20],"current_hp_per_floor":[81,79,79,79,79,79,79,79,79,78,78,67,67,67,67,47,82,59,5,5,0],"gold":71,"neow_bonus":"TEN_PERCENT_HP_BONUS","is_prod":false,"is_daily":false,"chose_seed":false,"campfire_upgraded":4,"win_rate":0.0,"timestamp":1563335050,"path_taken":["M","M","$","M","$","R","M","R","T","M","R","E","M","M","R","BOSS","M","?","$","M"],"build_version":"2019-06-28","purchased_purges":1,"victory":false,"max_hp_per_floor":[82,82,82,82,82,82,82,82,82,82,82,82,82,82,82,82,82,82,82,82,82],"card_choices":[{"not_picked":["Cold Snap","Auto Shields"],"picked":"BootSequence","floor":1},{"not_picked":["Sweeping Beam","Steam"],"picked":"Streamline","floor":2},{"not_picked":["Redo","Go for the Eyes"],"picked":"Double Energy","floor":4},{"not_picked":["Genetic Algorithm","Ball Lightning"],"picked":"Loop","floor":7},{"not_picked":["Chill","Ball Lightning"],"picked":"Blizzard","floor":10},{"not_picked":["Glacier","Redo"],"picked":"Streamline","floor":12},{"not_picked":["Heatsinks","Steam"],"picked":"Fusion","floor":13},{"not_picked":["Steam Power","Sweeping Beam"],"picked":"Seek","floor":14},{"not_picked":["Rainbow","Amplify"],"picked":"Multi-Cast","floor":16},{"not_picked":["Cold Snap","Conserve Battery"],"picked":"Melter","floor":17},{"not_picked":["Fusion","Stack"],"picked":"Barrage","floor":17},{"not_picked":["Steam","Sweeping Beam"],"picked":"Hello World","floor":17},{"not_picked":["Loop+1","Streamline"],"picked":"Amplify","floor":18},{"not_picked":["Cold Snap","Barrage"],"picked":"Sweeping Beam+1","floor":19}],"player_experience":14201,"relics_obtained":[{"floor":9,"key":"Oddly Smooth Stone"},{"floor":12,"key":"Orichalcum"},{"floor":19,"key":"Red Mask"}],"event_choices":[{"damage_healed":0,"gold_gain":0,"player_choice":"Fought Bandits","damage_taken":0,"max_hp_gain":0,"max_hp_loss":0,"event_name":"Masked Bandits","floor":19,"gold_loss":0}],"is_beta":true,"boss_relics":[{"not_picked":["Fusion Hammer","White Beast Statue"],"picked":"Orrery"}],"items_purged_floors":[20],"is_endless":false,"potions_floor_spawned":[7,13,14,16],"killed_by":"3 Byrds","ascension_level":0}