{"gold_per_floor":[116,116,128,94,112,112,112,112,112,112,127,145,145,145,145,250,250,262,24,41,41,57,57,70,30,76,96,96,96,112,125,125,226,226,238,238,126,145,145,145,245,259,327,344,344,344,364,27,27,27],"floor_reached":51,"playtime":3225,"items_purged":[],"score":689,"play_id":"2e994533-f19b-45b9-8e7e-b55dfbef9c90","local_time":"20190711024100","is_ascension_mode":false,"campfire_choices":[{"floor":6.0,"key":"REST"},{"floor":8.0,"key":"REST"},{"data":"Inflame","floor":10.0,"key":"SMITH"},{"data":"Limit Break","floor":13.0,"key":"SMITH"},{"data":"Rupture","floor":15.0,"key":"SMITH"},{"floor":23.0,"key":"REST"},{"floor":32.0,"key":"REST"},{"floor":40.0,"key":"REST"},{"floor":46,"key":"REST"},{"data":"Heavy Blade","floor":49,"key":"SMITH"}],"neow_cost":"NONE","seed_source_timestamp":0,"circlet_count":0,"master_deck":["Strike_R","Strike_R","Strike_R","Strike_R","Defend_R","Defend_R","Defend_R+1","Defend_R","Bash","Rupture+1","Twin Strike","Inflame+1","Flex+1","Rupture","Limit Break+1","Brutality","Bloodletting","Seeing Red","Metallicize","Shrug It Off","Shockwave","Seeing Red","Infernal Blade","Necronomicurse","Iron Wave+1","Shockwave","Impervious","Combust","Inflame","Ghostly Armor","Power Through","Armaments+1","Heavy Blade+1","Blind","Clash"],"special_seed":0,"relics":["White Beast Statue","Meat on the Bone","Runic Cube","Toy Ornithopter","Strawberry","Necronomicon","Eternal Feather","Pear","Paper Frog"],"potions_floor_usage":[44,47,50,50],"damage_taken":[{"damage":7.0,"enemies":"Small Slimes","floor":1.0,"turns":3.0},{"damage":6.0,"enemies":"Jaw Worm","floor":3.0,"turns":3.0},{"damage":6.0,"enemies":"Cultist","floor":5.0,"turns":3.0},{"damage":0.0,"enemies":"2 Fungi Beasts","floor":11.0,"turns":2.0},{"damage":0.0,"enemies":"Large Slime","floor":12.0,"turns":4.0},{"damage":62.0,"enemies":"Hexaghost","floor":16.0,"turns":8.0},{"damage":33.0,"enemies":"Spheric Guardian","floor":18.0,"turns":4.0},{"damage":16.0,"enemies":"3 Byrds","floor":20.0,"turns":5.0},{"damage":24.0,"enemies":"Centurion and Healer","floor":22.0,"turns":5.0},{"damage":10.0,"enemies":"Snecko","floor":24.0,"turns":5.0},{"damage":26.0,"enemies":"Snake Plant","floor":27.0,"turns":4.0},{"damage":38.0,"enemies":"Centurion and Healer","floor":30.0,"turns":5.0},{"damage":13.0,"enemies":"Shelled Parasite and Fungi","floor":31.0,"turns":4.0},{"damage":36.0,"enemies":"Champ","floor":33.0,"turns":9.0},{"damage":49.0,"enemies":"3 Darklings","floor":35.0,"turns":6.0},{"damage":27.0,"enemies":"3 Shapes","floor":38.0,"turns":7.0},{"damage":48.0,"enemies":"3 Darklings","floor":42.0,"turns":6.0},{"damage":22,"enemies":"Transient","floor":44,"turns":5},{"damage":14,"enemies":"Writhing Mass","floor":47,"turns":5},{"damage":62,"enemies":"Donu and Deca","floor":50,"turns":6}],"seed_played":"-5726195325978295094","potions_obtained":[{"floor":1.0,"key":"Fire Potion"},{"floor":3.0,"key":"SpeedPotion"},{"floor":5.0,"key":"Ancient Potion"},{"floor":11.0,"key":"EssenceOfSteel"},{"floor":12.0,"key":"SteroidPotion"},{"floor":16.0,"key":"FearPotion"},{"floor":18.0,"key":"Block Potion"},{"floor":20.0,"key":"SkillPotion"},{"floor":22.0,"key":"BloodPotion"},{"floor":24.0,"key":"SpeedPotion"},{"floor":27.0,"key":"LiquidBronze"},{"floor":30.0,"key":"FearPotion"},{"floor":31.0,"key":"Explosive Potion"},{"floor":33.0,"key":"SkillPotion"},{"floor":35.0,"key":"SkillPotion"},{"floor":38.0,"key":"Swift Potion"},{"floor":42.0,"key":"Fire Potion"},{"floor":44,"key":"Block Potion"},{"floor":47,"key":"PowerPotion"}],"is_trial":false,"path_per_floor":["M","?","M","$","M","R","?","R","T","R","M","M","R","?","R","B",null,"M","$","M","?","M","R","M","$","T","M","?","?","M","M","R","B",null,"M","?","$","M","?","R","?","M","T","M","?","R","M","$","R","B",null],"character_chosen":"IRONCLAD","items_purchased":["Inflame","Toy Ornithopter","Seeing Red","Seeing Red","Inflame","Ghostly Armor","Paper Frog","SteroidPotion","AttackPotion"],"campfire_rested":6,"item_purchase_floors":[4,19,19,25,37,37,48,48,48],"current_hp_per_floor":[73,73,67,67,61,80,64,80,80,80,80,80,80,80,80,30,80,47,47,48,48,46,70,60,60,67,72,56,85,47,51,77,46,87,55,55,55,50,50,87,87,44,54,49,49,96,83,83,97,55],"gold":27,"neow_bonus":"BOSS_RELIC","is_prod":false,"is_daily":false,"chose_seed":false,"campfire_upgraded":4,"win_rate":0,"timestamp":1562827260,"path_taken":["M","?","M","$","M","R","?","R","T","R","M","M","R","?","R","BOSS","M","$","M","?","M","R","?","$","T","M","?","?","M","M","R","BOSS","M","?","$","M","?","R","?","M","T","?","?","R","M","$","R","BOSS"],"build_version":"2019-07-05","purchased_purges":0,"victory":true,"max_hp_per_floor":[80,80,80,80,80,80,80,80,80,80,80,80,80,80,80,80,80,80,80,80,80,80,80,80,80,87,87,87,87,87,87,87,87,87,87,87,87,87,87,87,87,87,97,97,97,97,97,97,97,97],"card_choices":[{"not_picked":["Pommel Strike","Iron Wave"],"picked":"Rupture","floor":1.0},{"not_picked":["Armaments","Warcry"],"picked":"Twin Strike","floor":3.0},{"not_picked":["Uppercut","True Grit"],"picked":"Flex","floor":5.0},{"not_picked":["Wild Strike","Body Slam"],"picked":"Rupture","floor":11.0},{"not_picked":["Sword Boomerang","Power Through"],"picked":"Limit Break","floor":12.0},{"not_picked":["Limit Break","Barricade"],"picked":"Brutality","floor":16.0},{"not_picked":["Thunderclap","Flex+1"],"picked":"Bloodletting","floor":18.0},{"not_picked":["Second Wind","Sword Boomerang"],"picked":"Metallicize","floor":20.0},{"not_picked":["Flex","Warcry"],"picked":"Shrug It Off","floor":22.0},{"not_picked":["Corruption","Body Slam"],"picked":"Shockwave","floor":24.0},{"not_picked":["Intimidate","Carnage"],"picked":"Infernal Blade","floor":27.0},{"not_picked":["Heavy Blade","Corruption"],"picked":"Iron Wave+1","floor":30.0},{"not_picked":["Intimidate","Clothesline"],"picked":"Shockwave","floor":31.0},{"not_picked":["Brutality","Limit Break"],"picked":"Impervious","floor":33.0},{"not_picked":["Body Slam+1","Infernal Blade+1"],"picked":"Combust","floor":35.0},{"not_picked":["Sever Soul","Heavy Blade"],"picked":"Power Through","floor":38.0},{"not_picked":["True Grit+1","Disarm+1"],"picked":"Armaments+1","floor":42.0},{"not_picked":["Body Slam+1","Intimidate"],"picked":"Heavy Blade","floor":44},{"not_picked":["Panacea","Mayhem"],"picked":"Blind","floor":45},{"not_picked":["Clothesline","Battle Trance"],"picked":"Clash","floor":47}],"player_experience":61791,"relics_obtained":[{"floor":9.0,"key":"Meat on the Bone"},{"floor":26.0,"key":"Strawberry"},{"floor":28.0,"key":"Necronomicon"},{"floor":43.0,"key":"Pear"}],"event_choices":[{"damage_healed":0.0,"max_hp_gain":0.0,"max_hp_loss":0.0,"gold_gain":0.0,"event_name":"Golden Idol","player_choice":"Ignored","floor":2.0,"gold_loss":0.0,"damage_taken":0.0},{"damage_healed":0.0,"max_hp_gain":0.0,"max_hp_loss":0.0,"gold_gain":0.0,"event_name":"Shining Light","player_choice":"Entered Light","floor":7.0,"gold_loss":0.0,"damage_taken":16.0,"cards_upgraded":["Defend_R","Flex"]},{"damage_healed":0.0,"max_hp_gain":0.0,"max_hp_loss":0.0,"gold_gain":0.0,"event_name":"Golden Wing","player_choice":"Ignored","floor":14.0,"gold_loss":0.0,"damage_taken":0.0},{"damage_healed":0.0,"max_hp_gain":0.0,"max_hp_loss":0.0,"gold_gain":0.0,"event_name":"WeMeetAgain","player_choice":"Ignored","floor":21.0,"gold_loss":0.0,"damage_taken":0.0},{"damage_healed":0.0,"max_hp_gain":0.0,"max_hp_loss":0.0,"gold_gain":0.0,"event_name":"Cursed Tome","player_choice":"Obtained Book","floor":28.0,"gold_loss":0.0,"damage_taken":16.0},{"damage_healed":29.0,"max_hp_gain":0.0,"max_hp_loss":0.0,"gold_gain":0.0,"event_name":"The Library","player_choice":"Heal","floor":29.0,"gold_loss":0.0,"damage_taken":0.0},{"cards_removed":["Strike_R"],"damage_healed":0.0,"max_hp_gain":0.0,"max_hp_loss":0.0,"gold_gain":0.0,"event_name":"Falling","player_choice":"Removed Attack","floor":36.0,"gold_loss":0.0,"damage_taken":0.0},{"damage_healed":0.0,"max_hp_gain":0.0,"max_hp_loss":0.0,"gold_gain":0.0,"event_name":"Mysterious Sphere","player_choice":"Ignored","floor":39.0,"gold_loss":0.0,"damage_taken":0.0},{"damage_healed":0.0,"max_hp_gain":0.0,"max_hp_loss":0.0,"gold_gain":100.0,"event_name":"Golden Shrine","player_choice":"Pray","floor":41.0,"gold_loss":0.0,"damage_taken":0.0},{"damage_healed":0,"gold_gain":0,"player_choice":"Memory 1","damage_taken":0,"max_hp_gain":0,"max_hp_loss":0,"event_name":"SensoryStone","floor":45,"gold_loss":0}],"is_beta":false,"boss_relics":[{"not_picked":["Calling Bell","Astrolabe"],"picked":"Runic Cube"},{"not_picked":["Fusion Hammer","Empty Cage"],"picked":"Eternal Feather"}],"items_purged_floors":[],"is_endless":false,"potions_floor_spawned":[1,3,5,11,12,16,18,20,22,24,27,30,31,33,35,38,42,44,47],"ascension_level":0}