{"gold_per_floor":[109,59,9,23,23,48,59,94,94,169,198,198,198,213,213,315,315,331,343,360,360,391,425,524,10,10,62,62,74,91,116,116,212,212,229,245,263,263,61,61,89,89,89,89,89,89,89,109,109,109,109,109,28,55,55],"floor_reached":55,"playtime":4869,"items_purged":["Strike_B"],"score":851,"play_id":"524aebd9-c3ee-470f-830d-168c6c8cb224","local_time":"20190720002314","is_ascension_mode":true,"campfire_choices":[{"data":"Redo","floor":13.0,"key":"SMITH"},{"floor":15.0,"key":"REST"},{"floor":28.0,"key":"REST"},{"floor":32.0,"key":"REST"},{"floor":40.0,"key":"REST"},{"floor":44.0,"key":"DIG"},{"floor":46.0,"key":"DIG"},{"floor":49.0,"key":"RECALL"},{"data":"Amplify","floor":52.0,"key":"SMITH"}],"neow_cost":"NONE","seed_source_timestamp":3878982135300,"circlet_count":0,"master_deck":["Strike_B","Strike_B","Defend_B","Defend_B","Defend_B","Defend_B","Zap+1","Dualcast+1","FTL","Stack","Leap","Redo+1","Compile Driver","Ball Lightning","Static Discharge+1","Doom and Gloom","Reboot","Chaos+1","Skim+1","Loop+1","Beam Cell","Tempest+1","Buffer+1","Darkness+1","Defragment+1","Go for the Eyes","Electrodynamics+1","Hello World+1","Loop+1","Amplify+1","Hologram+1","Defragment+1"],"special_seed":0,"relics":["Cracked Core","NeowsBlessing","Frozen Egg 2","Du-Vu Doll","Ginger","Blue Candle","Philosopher\u0027s Stone","Bag of Marbles","Red Mask","PreservedInsect","Shovel","Happy Flower","Ornamental Fan","Calling Bell","Omamori","Gremlin Horn","Unceasing Top","Toy Ornithopter","Pantograph","Bird Faced Urn","Pen Nib","Dodecahedron","Lantern"],"potions_floor_usage":[54,55],"damage_taken":[{"damage":0.0,"enemies":"Jaw Worm","floor":1.0,"turns":1.0},{"damage":0.0,"enemies":"2 Louse","floor":4.0,"turns":1.0},{"damage":0.0,"enemies":"Lagavulin","floor":6.0,"turns":1.0},{"damage":3.0,"enemies":"Small Slimes","floor":7.0,"turns":2.0},{"damage":15.0,"enemies":"3 Sentries","floor":8.0,"turns":7.0},{"damage":13.0,"enemies":"Gremlin Nob","floor":11.0,"turns":4.0},{"damage":5.0,"enemies":"Red Slaver","floor":14.0,"turns":2.0},{"damage":27.0,"enemies":"The Guardian","floor":16.0,"turns":7.0},{"damage":3.0,"enemies":"Spheric Guardian","floor":18.0,"turns":3.0},{"damage":12.0,"enemies":"3 Byrds","floor":19.0,"turns":1.0},{"damage":2.0,"enemies":"Cultist and Chosen","floor":20.0,"turns":5.0},{"damage":10.0,"enemies":"Masked Bandits","floor":22.0,"turns":3.0},{"damage":22.0,"enemies":"Book of Stabbing","floor":23.0,"turns":3.0},{"damage":14.0,"enemies":"Centurion and Healer","floor":29.0,"turns":5.0},{"damage":13.0,"enemies":"Sentry and Sphere","floor":30.0,"turns":4.0},{"damage":0.0,"enemies":"Gremlin Leader","floor":31.0,"turns":3.0},{"damage":24.0,"enemies":"Automaton","floor":33.0,"turns":7.0},{"damage":11.0,"enemies":"3 Shapes","floor":35.0,"turns":2.0},{"damage":44.0,"enemies":"3 Darklings","floor":36.0,"turns":3.0},{"damage":3.0,"enemies":"4 Shapes","floor":37.0,"turns":3.0},{"damage":20.0,"enemies":"Nemesis","floor":41.0,"turns":5.0},{"damage":4.0,"enemies":"Jaw Worm Horde","floor":48.0,"turns":3.0},{"damage":71.0,"enemies":"Time Eater","floor":50.0,"turns":7.0},{"damage":36,"enemies":"Shield and Spear","floor":54,"turns":3},{"damage":91,"enemies":"The Heart","floor":55,"turns":3}],"seed_played":"-2123061368424991225","potions_obtained":[{"floor":6.0,"key":"Swift Potion"},{"floor":7.0,"key":"Dexterity Potion"},{"floor":11.0,"key":"Weak Potion"},{"floor":14.0,"key":"GamblersBrew"},{"floor":22.0,"key":"SkillPotion"},{"floor":29.0,"key":"Regen Potion"},{"floor":31.0,"key":"Strength Potion"},{"floor":36.0,"key":"SteroidPotion"},{"floor":37.0,"key":"Ancient Potion"},{"floor":48.0,"key":"Explosive Potion"},{"floor":54,"key":"Regen Potion"}],"is_trial":false,"path_per_floor":["M","$","?","M","?","E","M","E","T","?","E","?","R","M","R","B",null,"M","M","M","?","?","E","?","$","T","T","R","M","M","E","R","B",null,"M","M","M","?","$","R","E","$","T","R","?","R","?","M","R","B",null,"R","$","E","B"],"character_chosen":"DEFECT","items_purchased":["Stack","Shovel","Buffer+1","Toy Ornithopter","Defragment+1"],"campfire_rested":4,"item_purchase_floors":[2,25,25,39,53],"current_hp_per_floor":[75,75,75,75,75,75,72,57,57,46,33,33,33,28,50,23,75,72,60,58,58,48,26,26,26,26,26,48,34,33,33,55,31,75,64,20,17,17,17,39,24,24,24,24,43,43,43,49,49,10,75,75,75,46,0],"gold":55,"neow_bonus":"THREE_ENEMY_KILL","is_prod":false,"is_daily":false,"chose_seed":false,"campfire_upgraded":2,"win_rate":0,"timestamp":1563574994,"path_taken":["M","$","?","M","?","E","?","E","T","?","E","?","R","?","R","BOSS","M","M","M","?","?","E","?","$","T","?","R","M","?","E","R","BOSS","M","M","M","?","$","R","E","?","T","R","?","R","?","M","R","BOSS","R","$","E","BOSS"],"build_version":"2019-07-17","purchased_purges":1,"victory":false,"max_hp_per_floor":[75,75,75,75,75,75,75,75,75,75,75,75,75,75,75,75,75,75,75,75,75,75,75,75,75,75,75,75,75,75,75,75,75,75,75,75,75,75,75,75,75,75,75,75,75,75,75,75,75,75,75,75,75,75,75],"card_choices":[{"not_picked":["Leap","Compile Driver"],"picked":"FTL","floor":1.0},{"not_picked":["Turbo","Hologram"],"picked":"Leap","floor":4.0},{"not_picked":["Sweeping Beam","Rainbow"],"picked":"Redo","floor":6.0},{"not_picked":["Double Energy","Cold Snap"],"picked":"Compile Driver","floor":7.0},{"not_picked":["Barrage","BootSequence"],"picked":"Ball Lightning","floor":8.0},{"not_picked":["Ball Lightning","Sunder"],"picked":"Static Discharge+1","floor":11.0},{"not_picked":["Sweeping Beam","Rebound"],"picked":"Doom and Gloom","floor":14.0},{"not_picked":["Core Surge","All For One"],"picked":"Reboot","floor":16.0},{"not_picked":["Stack","Heatsinks+1"],"picked":"Chaos+1","floor":18.0},{"not_picked":["Go for the Eyes","Rebound"],"picked":"Skim+1","floor":19.0},{"not_picked":["Beam Cell","Leap"],"picked":"Loop+1","floor":20.0},{"not_picked":["Sunder","Coolheaded+1"],"picked":"Beam Cell","floor":22.0},{"not_picked":["Redo","Steam"],"picked":"Tempest+1","floor":23.0},{"not_picked":["Rip and Tear","Leap"],"picked":"Darkness+1","floor":29.0},{"not_picked":["Double Energy","Gash+1"],"picked":"Defragment+1","floor":30.0},{"not_picked":["Fusion","Steam"],"picked":"Go for the Eyes","floor":31.0},{"not_picked":["Hyperbeam","Meteor Strike"],"picked":"Electrodynamics+1","floor":33.0},{"not_picked":["Ball Lightning","Chaos"],"picked":"Hello World+1","floor":35.0},{"not_picked":["Blizzard","Steam"],"picked":"Loop+1","floor":36.0},{"not_picked":["Cold Snap","Go for the Eyes","Loop+1"],"picked":"SKIP","floor":37.0},{"not_picked":["Redo+1","Leap"],"picked":"Amplify","floor":41.0},{"not_picked":["Coolheaded","Loop+1"],"picked":"Hologram+1","floor":48.0},{"not_picked":["Conserve Battery","Streamline","Hello World+1"],"picked":"SKIP","floor":54}],"player_experience":151400,"relics_obtained":[{"floor":6.0,"key":"Frozen Egg 2"},{"floor":8.0,"key":"Du-Vu Doll"},{"floor":9.0,"key":"Ginger"},{"floor":11.0,"key":"Blue Candle"},{"floor":22.0,"key":"Red Mask"},{"floor":23.0,"key":"PreservedInsect"},{"floor":27.0,"key":"Happy Flower"},{"floor":31.0,"key":"Ornamental Fan"},{"floor":34.0,"key":"Omamori"},{"floor":34.0,"key":"Gremlin Horn"},{"floor":34.0,"key":"Unceasing Top"},{"floor":41.0,"key":"Pantograph"},{"floor":43.0,"key":"Bird Faced Urn"},{"floor":44.0,"key":"Pen Nib"},{"floor":46.0,"key":"Dodecahedron"},{"floor":54,"key":"Lantern"}],"event_choices":[{"cards_removed":["Strike_B"],"damage_healed":0.0,"max_hp_gain":0.0,"max_hp_loss":0.0,"gold_gain":0.0,"event_name":"The Cleric","player_choice":"Card Removal","floor":3.0,"gold_loss":50.0,"damage_taken":0.0},{"damage_healed":0.0,"max_hp_gain":0.0,"max_hp_loss":0.0,"gold_gain":0.0,"event_name":"Living Wall","player_choice":"Grow","floor":5.0,"gold_loss":0.0,"damage_taken":0.0,"cards_upgraded":["Zap"]},{"damage_healed":0.0,"max_hp_gain":0.0,"max_hp_loss":0.0,"gold_gain":75.0,"event_name":"World of Goop","player_choice":"Gather Gold","floor":10.0,"gold_loss":0.0,"damage_taken":11.0},{"damage_healed":0.0,"max_hp_gain":0.0,"max_hp_loss":0.0,"gold_gain":0.0,"event_name":"Match and Keep!","player_choice":"1 cards matched","floor":12.0,"gold_loss":0.0,"damage_taken":0.0,"cards_obtained":["Shame"]},{"damage_healed":0.0,"max_hp_gain":0.0,"max_hp_loss":0.0,"gold_gain":0.0,"event_name":"Addict","player_choice":"Stole Relic","floor":21.0,"gold_loss":0.0,"damage_taken":0.0,"relics_obtained":["Bag of Marbles"],"cards_obtained":["Shame"]},{"damage_healed":0.0,"max_hp_gain":0.0,"max_hp_loss":0.0,"gold_gain":0.0,"event_name":"Masked Bandits","player_choice":"Fought Bandits","floor":22.0,"gold_loss":0.0,"damage_taken":0.0},{"damage_healed":0.0,"max_hp_gain":0.0,"max_hp_loss":0.0,"gold_gain":99.0,"event_name":"Nest","player_choice":"Stole From Cult","floor":24.0,"gold_loss":0.0,"damage_taken":0.0},{"damage_healed":0.0,"max_hp_gain":0.0,"max_hp_loss":0.0,"gold_gain":0.0,"event_name":"Upgrade Shrine","player_choice":"Upgraded","floor":38.0,"gold_loss":0.0,"damage_taken":0.0,"cards_upgraded":["Dualcast"]},{"damage_healed":19.0,"max_hp_gain":0.0,"max_hp_loss":0.0,"gold_gain":0.0,"event_name":"Winding Halls","player_choice":"Writhe","floor":45.0,"gold_loss":0.0,"damage_taken":0.0,"cards_obtained":["Writhe"]},{"cards_removed":["Writhe","Doubt","Clumsy","Shame","Shame"],"damage_healed":0.0,"max_hp_gain":0.0,"max_hp_loss":0.0,"gold_gain":0.0,"event_name":"Fountain of Cleansing","player_choice":"Removed Curses","floor":47.0,"gold_loss":0.0,"damage_taken":0.0}],"is_beta":false,"boss_relics":[{"not_picked":["Eternal Feather","Black Star"],"picked":"Philosopher\u0027s Stone"},{"not_picked":["Busted Crown","Inserter"],"picked":"Calling Bell"}],"items_purged_floors":[25],"is_endless":false,"potions_floor_spawned":[6,7,11,14,22,29,31,36,37,48,54],"killed_by":"The Heart","ascension_level":2}