{"gold_per_floor":[147,14,14,89,169,169,169,197,197,230,240,35,35,70,70,143,193,213,213,154,165,165,165,165,165,217,217,251,280,280,308,308,380,380,399,418,418,338,373,141,141,168,168,200,200,200,200,216,216,216],"floor_reached":50,"playtime":1648,"items_purged":["Predator","Backflip","Quick Slash"],"score":1688,"play_id":"a151b3c1-daae-4914-8dca-cdb563f3e02b","local_time":"20181107191957","daily_mods":["SealedDeck","Vintage","Allstar","Colorless Cards","Heirloom","Flight","DeadlyEvents","Elite Swarm","Lethality","Terminal"],"is_ascension_mode":true,"campfire_choices":[{"data":"Cloak And Dagger","floor":6,"key":"SMITH"},{"data":"Sucker Punch","floor":7,"key":"SMITH"},{"data":"Cloak And Dagger","floor":13,"key":"SMITH"},{"data":"Slice","floor":15,"key":"SMITH"},{"data":"Envenom","floor":23,"key":"SMITH"},{"data":"Sadistic Nature","floor":24,"key":"SMITH"},{"data":"Deflect","floor":25,"key":"SMITH"},{"data":"Deflect","floor":27,"key":"SMITH"},{"data":"Deflect","floor":32,"key":"SMITH"},{"data":"Master of Strategy","floor":45,"key":"SMITH"},{"data":"Deflect","floor":47,"key":"SMITH"},{"data":"Master of Strategy","floor":49,"key":"SMITH"}],"neow_cost":"","seed_source_timestamp":0,"circlet_count":0,"master_deck":["AscendersBane","Dagger Spray","Sucker Punch+1","Cloak And Dagger+1","Slice+1","Dark Shackles","Good Instincts+1","Deflect+1","Sadistic Nature+1","Master of Strategy+1","Deflect+1","Cloak And Dagger+1","Bandage Up","Envenom+1","Deflect+1","Deflect+1","After Image+1","Panache+1","Master of Strategy+1","Sadistic Nature+1","Envenom+1"],"relics":["Unceasing Top","The Specimen","Tiny Chest","Pantograph","Bottled Flame","Omamori","Centennial Puzzle","Happy Flower","Boot","Tiny House","Question Card","CultistMask","Strawberry","Potion Belt","Frozen Egg 2","Vajra","Pen Nib","The Courier","WristBlade","Bag of Preparation","Thread and Needle","Lantern","PreservedInsect","Shuriken","Toxic Egg 2","Bottled Lightning","Ornamental Fan","Gremlin Horn"],"potions_floor_usage":[31,39,50],"damage_taken":[{"damage":0,"enemies":"2 Louse","floor":1,"turns":1},{"damage":3,"enemies":"3 Sentries","floor":8,"turns":4},{"damage":0,"enemies":"Gremlin Nob","floor":10,"turns":3},{"damage":0,"enemies":"Jaw Worm","floor":11,"turns":1},{"damage":0,"enemies":"Lagavulin","floor":14,"turns":3},{"damage":15,"enemies":"Hexaghost","floor":16,"turns":6},{"damage":5,"enemies":"2 Thieves","floor":18,"turns":3},{"damage":0,"enemies":"Spheric Guardian","floor":21,"turns":3},{"damage":0,"enemies":"Gremlin Leader","floor":28,"turns":5},{"damage":0,"enemies":"Book of Stabbing","floor":29,"turns":4},{"damage":0,"enemies":"Gremlin Leader","floor":31,"turns":5},{"damage":0,"enemies":"Collector","floor":33,"turns":4},{"damage":25,"enemies":"3 Shapes","floor":35,"turns":2},{"damage":0,"enemies":"Orb Walker","floor":36,"turns":2},{"damage":2,"enemies":"Nemesis","floor":39,"turns":5},{"damage":7,"enemies":"Reptomancer","floor":42,"turns":3},{"damage":0,"enemies":"Giant Head","floor":44,"turns":3},{"damage":0,"enemies":"3 Darklings","floor":48,"turns":2},{"damage":43,"enemies":"Time Eater","floor":50,"turns":6}],"seed_played":"-1901010391299107239","potions_obtained":[{"floor":10,"key":"FearPotion"},{"floor":11,"key":"Explosive Potion"},{"floor":14,"key":"GhostInAJar"},{"floor":16,"key":"Regen Potion"},{"floor":28,"key":"Explosive Potion"},{"floor":29,"key":"Energy Potion"},{"floor":35,"key":"Block Potion"},{"floor":36,"key":"Regen Potion"},{"floor":37,"key":"Fire Potion"},{"floor":48,"key":"Fire Potion"}],"is_trial":true,"path_per_floor":["M","$","?","?","T","R","R","E","T","E","M","$","R","E","R","B",null,"M","?","$","M","$","R","R","R","T","R","E","E","?","E","R","B",null,"M","M","?","$","E","$","$","E","T","E","R","T","R","M","R","B"],"character_chosen":"THE_SILENT","items_purchased":["Deflect","Deflect","Cloak And Dagger","Bandage Up","Deflect","PreservedInsect"],"campfire_rested":0,"item_purchase_floors":[2,12,12,12,20,40],"current_hp_per_floor":[59,59,52,41,41,41,41,38,38,38,38,38,38,42,42,35,51,48,48,48,56,55,54,53,52,51,50,49,48,47,46,45,44,43,22,26,26,26,28,28,28,25,25,29,29,29,29,29,28,0],"gold":216,"neow_bonus":"","is_prod":false,"is_daily":false,"chose_seed":false,"campfire_upgraded":12,"win_rate":0,"timestamp":1541578797,"path_taken":["M","$","?","?","?","R","R","E","T","E","?","?","R","?","R","BOSS","M","?","$","?","$","R","R","R","T","R","E","?","?","E","R","BOSS","M","?","?","$","?","$","$","?","T","E","R","?","R","?","R","BOSS"],"build_version":"2018-11-05","purchased_purges":3,"victory":false,"max_hp_per_floor":[64,63,62,61,60,59,58,57,56,55,54,53,52,51,50,49,53,52,51,50,56,55,54,53,52,51,50,49,48,47,46,45,44,43,42,41,40,39,38,37,36,35,34,33,32,31,30,29,28,28],"card_choices":[{"not_picked":["The Bomb","Secret Weapon"],"picked":"Sadistic Nature","floor":8},{"not_picked":["Metamorphosis","Grand Finale"],"picked":"Master of Strategy","floor":10},{"not_picked":["Grand Finale","Apotheosis","Malaise"],"picked":"SKIP","floor":14},{"not_picked":["Unload","Night Terror"],"picked":"Envenom","floor":16},{"not_picked":["Sucker Punch","Dagger Spray"],"picked":"Deflect","floor":17},{"not_picked":["Thinking Ahead","Die Die Die","Wraith Form v2"],"picked":"After Image","floor":28},{"not_picked":["Storm of Steel","HandOfGreed","Secret Technique","Wraith Form v2+1"],"picked":"SKIP","floor":29},{"not_picked":["A Thousand Cuts+1","Adrenaline","Glass Knife"],"picked":"Panache+1","floor":31},{"not_picked":["Bullet Time","Mayhem+1","Wraith Form v2+1"],"picked":"Master of Strategy","floor":33},{"not_picked":["Metamorphosis","Secret Technique","Corpse Explosion"],"picked":"Sadistic Nature+1","floor":39},{"not_picked":["Magnetism+1","Secret Weapon","Apotheosis","Night Terror"],"picked":"SKIP","floor":42},{"not_picked":["Master of Strategy+1","Transmutation+1","Wraith Form v2+1","Envenom+1"],"picked":"SKIP","floor":44},{"not_picked":["Master of Strategy+1","Transmutation+1","Wraith Form v2+1"],"picked":"Envenom+1","floor":44}],"player_experience":439434,"relics_obtained":[{"floor":1,"key":"Tiny Chest"},{"floor":5,"key":"Pantograph"},{"floor":8,"key":"Bottled Flame"},{"floor":9,"key":"Omamori"},{"floor":10,"key":"Centennial Puzzle"},{"floor":11,"key":"Happy Flower"},{"floor":14,"key":"Boot"},{"floor":18,"key":"Question Card"},{"floor":21,"key":"Strawberry"},{"floor":26,"key":"Potion Belt"},{"floor":28,"key":"Frozen Egg 2"},{"floor":29,"key":"Vajra"},{"floor":31,"key":"The Courier"},{"floor":35,"key":"Bag of Preparation"},{"floor":36,"key":"Thread and Needle"},{"floor":39,"key":"Lantern"},{"floor":42,"key":"Shuriken"},{"floor":43,"key":"Toxic Egg 2"},{"floor":44,"key":"Bottled Lightning"},{"floor":46,"key":"Ornamental Fan"},{"floor":48,"key":"Gremlin Horn"}],"event_choices":[{"cards_removed":["Terror"],"damage_healed":0,"gold_gain":0,"player_choice":"Card Removal","damage_taken":7,"max_hp_gain":0,"max_hp_loss":0,"event_name":"Golden Wing","floor":3,"gold_loss":0},{"damage_healed":0,"gold_gain":75,"player_choice":"Gather Gold","damage_taken":11,"max_hp_gain":0,"max_hp_loss":0,"event_name":"World of Goop","floor":4,"gold_loss":0},{"damage_healed":0,"gold_gain":0,"player_choice":"Trade","damage_taken":0,"relics_obtained":["CultistMask"],"max_hp_gain":0,"max_hp_loss":0,"event_name":"FaceTrader","floor":19,"gold_loss":0},{"damage_healed":0,"gold_gain":0,"player_choice":"Gave Potion","damage_taken":0,"relics_obtained":["Pen Nib"],"max_hp_gain":0,"max_hp_loss":0,"event_name":"WeMeetAgain","floor":30,"gold_loss":0},{"damage_healed":0,"gold_gain":0,"player_choice":"Got Potions","damage_taken":0,"max_hp_gain":0,"max_hp_loss":0,"event_name":"Lab","floor":37,"gold_loss":0}],"is_beta":true,"boss_relics":[{"not_picked":["HoveringKite","Fusion Hammer"],"picked":"Tiny House"},{"not_picked":["Calling Bell","Sozu"],"picked":"WristBlade"}],"items_purged_floors":[2,38,40],"is_endless":true,"potions_floor_spawned":[10,11,14,16,21,28,29,35,36,48],"killed_by":"Time Eater","ascension_level":20}