{"gold_per_floor":[118,118,43,57,73,73,84,84,152,152,169,169,188,219,219,294,344,364,364,364],"floor_reached":20,"playtime":901,"items_purged":[],"score":348,"play_id":"6542b846-8e87-4e15-98f3-40d226f0b6b1","local_time":"20190707150600","is_ascension_mode":true,"campfire_choices":[{"data":"Noxious Fumes","floor":6,"key":"SMITH"},{"data":"Neutralize","floor":8,"key":"SMITH"},{"data":"Outmaneuver","floor":10,"key":"PURGE"},{"data":"Burst","floor":12,"key":"SMITH"},{"floor":15,"key":"REST"}],"neow_cost":"TEN_PERCENT_HP_LOSS","seed_source_timestamp":272466701036136,"circlet_count":0,"master_deck":["AscendersBane","Strike_G","Strike_G","Strike_G","Strike_G","Strike_G","Defend_G","Defend_G","Defend_G+1","Defend_G","Defend_G","Survivor","Neutralize+1","Dagger Spray","Venomology","Noxious Fumes+1","Dagger Throw","Dodge and Roll","Deadly Poison","Burst+1","All Out Attack","Catalyst","After Image+1","Bouncing Flask","Dash"],"relics":["Ring of the Snake","Peace Pipe","Frozen Egg 2","Blood Vial","Tiny House"],"potions_floor_usage":[5,7,11,14,16,18,20,20],"damage_taken":[{"damage":0,"enemies":"2 Louse","floor":1,"turns":4},{"damage":13,"enemies":"Cultist","floor":4,"turns":5},{"damage":8,"enemies":"Jaw Worm","floor":5,"turns":5},{"damage":0,"enemies":"Looter","floor":7,"turns":4},{"damage":1,"enemies":"Exordium Thugs","floor":11,"turns":4},{"damage":3,"enemies":"2 Fungi Beasts","floor":13,"turns":4},{"damage":9,"enemies":"Gremlin Nob","floor":14,"turns":4},{"damage":16,"enemies":"The Guardian","floor":16,"turns":9},{"damage":8,"enemies":"3 Byrds","floor":18,"turns":5},{"damage":61,"enemies":"Masked Bandits","floor":20,"turns":4}],"seed_played":"-3533392496183305604","potions_obtained":[{"floor":4,"key":"SpeedPotion"},{"floor":5,"key":"GamblersBrew"},{"floor":7,"key":"Explosive Potion"},{"floor":14,"key":"PowerPotion"}],"is_trial":false,"path_per_floor":["M","?","$","M","M","R","M","R","T","R","M","R","M","E","R","B",null,"M","$","?"],"character_chosen":"THE_SILENT","items_purchased":["Noxious Fumes"],"campfire_rested":1,"item_purchase_floors":[3],"current_hp_per_floor":[59,59,59,46,38,38,38,38,38,38,37,37,34,25,43,29,57,51,51,0],"gold":364,"neow_bonus":"ONE_RARE_RELIC","is_prod":false,"is_daily":false,"chose_seed":false,"campfire_upgraded":3,"win_rate":0,"timestamp":1562475960,"path_taken":["M","?","$","M","M","R","M","R","T","R","M","R","M","E","R","BOSS","M","$","?"],"build_version":"2019-07-05","purchased_purges":0,"victory":false,"max_hp_per_floor":[60,60,60,60,60,60,60,60,60,60,60,60,60,60,60,60,65,65,65,65],"card_choices":[{"not_picked":["Dagger Throw","Underhanded Strike"],"picked":"Dagger Spray","floor":1},{"not_picked":["Reflex","Heel Hook"],"picked":"Dagger Throw","floor":4},{"not_picked":["Tactician","Quick Slash"],"picked":"Dodge and Roll","floor":5},{"not_picked":["Acrobatics","Flying Knee"],"picked":"Deadly Poison","floor":7},{"not_picked":["Dagger Spray","Deadly Poison"],"picked":"Burst","floor":11},{"not_picked":["Cloak And Dagger","PiercingWail"],"picked":"All Out Attack","floor":13},{"not_picked":["Prepared","Outmaneuver"],"picked":"Catalyst","floor":14},{"not_picked":["Night Terror","Doppelganger"],"picked":"After Image+1","floor":16},{"not_picked":["Noxious Fumes+1","Outmaneuver"],"picked":"Bouncing Flask","floor":17},{"not_picked":["Flying Knee","Blade Dance"],"picked":"Dash","floor":18}],"player_experience":608942,"relics_obtained":[{"floor":9,"key":"Frozen Egg 2"},{"floor":14,"key":"Blood Vial"}],"event_choices":[{"damage_healed":0,"gold_gain":0,"player_choice":"2 cards matched","damage_taken":0,"max_hp_gain":0,"max_hp_loss":0,"event_name":"Match and Keep!","floor":2,"gold_loss":0,"cards_obtained":["Outmaneuver","Venomology"]},{"damage_healed":0,"gold_gain":0,"player_choice":"Fought Bandits","damage_taken":0,"max_hp_gain":0,"max_hp_loss":0,"event_name":"Masked Bandits","floor":20,"gold_loss":0}],"is_beta":false,"boss_relics":[{"not_picked":["HoveringKite","Philosopher\u0027s Stone"],"picked":"Tiny House"}],"items_purged_floors":[],"is_endless":false,"potions_floor_spawned":[4,5,7,14],"killed_by":"Masked Bandits","ascension_level":20}