{"gold_per_floor":[362,46,46,62,77,77,102,102,102,116,116,127,97,372,372,372],"floor_reached":16,"playtime":672,"items_purged":[],"score":170,"play_id":"373a555c-c4f8-4bc5-bb57-af9d4546ee1f","local_time":"20181212185247","is_ascension_mode":true,"campfire_choices":[{"data":"Neutralize","floor":6,"key":"SMITH"},{"data":"Footwork","floor":8,"key":"SMITH"},{"floor":11,"key":"REST"},{"data":"Cloak And Dagger","floor":15,"key":"SMITH"}],"neow_cost":"PERCENT_DAMAGE","seed_source_timestamp":388086496408293,"circlet_count":0,"master_deck":["AscendersBane","Defend_G","Defend_G+1","Defend_G","Defend_G+1","Defend_G","Strike_G","Strike_G","Strike_G","Strike_G","Strike_G","Survivor","Neutralize+1","Quick Slash","Footwork+1","Cloak And Dagger+1","Dash","Regret"],"relics":["Ring of the Snake","War Paint","Ornamental Fan","Gambling Chip","Matryoshka"],"potions_floor_usage":[2],"damage_taken":[{"damage":0,"enemies":"Cultist","floor":1,"turns":5},{"damage":1,"enemies":"2 Louse","floor":4,"turns":5},{"damage":0,"enemies":"Jaw Worm","floor":5,"turns":5},{"damage":27,"enemies":"3 Sentries","floor":7,"turns":15},{"damage":0,"enemies":"2 Fungi Beasts","floor":10,"turns":4},{"damage":6,"enemies":"3 Louse","floor":12,"turns":5},{"damage":0,"enemies":"Looter","floor":13,"turns":4},{"damage":0,"enemies":"Slime Boss","floor":16,"turns":1}],"seed_played":"1276402751444239500","potions_obtained":[{"floor":10,"key":"Strength Potion"},{"floor":12,"key":"Regen Potion"}],"is_trial":false,"path_per_floor":["M","$","T","M","M","R","E","R","T","M","R","M","M","?","R","B"],"character_chosen":"THE_SILENT","items_purchased":["Footwork","War Paint","Fruit Juice"],"campfire_rested":1,"item_purchase_floors":[2,2,2],"current_hp_per_floor":[44,49,49,48,48,48,21,21,21,21,42,36,36,36,36,36],"gold":372,"neow_bonus":"TWO_FIFTY_GOLD","is_prod":false,"is_daily":false,"chose_seed":false,"campfire_upgraded":3,"win_rate":0,"timestamp":1544601167,"path_taken":["M","$","?","M","?","R","E","R","T","M","R","?","M","?","R","BOSS"],"build_version":"2018-12-11","purchased_purges":0,"victory":false,"max_hp_per_floor":[66,71,71,71,71,71,71,71,71,71,71,71,71,71,71,71],"card_choices":[{"not_picked":["Dodge and Roll","Prepared"],"picked":"Quick Slash","floor":1},{"not_picked":["Outmaneuver","Deadly Poison"],"picked":"Cloak And Dagger","floor":4},{"not_picked":["Deadly Poison","Masterful Stab","Poisoned Stab"],"picked":"SKIP","floor":5},{"not_picked":["Dagger Spray","Slice","Envenom"],"picked":"SKIP","floor":7},{"not_picked":["Underhanded Strike","Concentrate","Heel Hook"],"picked":"SKIP","floor":10},{"not_picked":["Poisoned Stab","Flying Knee","Acrobatics"],"picked":"SKIP","floor":12},{"not_picked":["Dodge and Roll","Flying Knee"],"picked":"Dash","floor":13}],"player_experience":468229,"relics_obtained":[{"floor":3,"key":"Ornamental Fan"},{"floor":7,"key":"Gambling Chip"},{"floor":9,"key":"Matryoshka"}],"event_choices":[{"damage_healed":0,"gold_gain":275,"player_choice":"Desecrate","damage_taken":0,"max_hp_gain":0,"max_hp_loss":0,"event_name":"Golden Shrine","floor":14,"gold_loss":0,"cards_obtained":["Regret"]}],"is_beta":true,"boss_relics":[],"items_purged_floors":[],"is_endless":false,"potions_floor_spawned":[10,12],"killed_by":"Slime Boss","ascension_level":14}