{"gold_per_floor":[117,137,137,137,155,155,184,204,258,270,297,323,310,354,366,378],"floor_reached":16,"playtime":549,"items_purged":[],"score":168,"play_id":"404161d6-70a6-4d1a-a9ad-6334c3a48855","local_time":"20181104185353","is_ascension_mode":true,"campfire_choices":[{"data":"Neutralize","floor":6,"key":"SMITH"},{"data":"Setup","floor":10,"key":"SMITH"},{"floor":15,"key":"REST"}],"neow_cost":"NONE","seed_source_timestamp":107910061267256,"circlet_count":0,"master_deck":["AscendersBane","Defend_G","Defend_G","Defend_G","Defend_G","Defend_G","Strike_G","Strike_G","Strike_G","Strike_G","Strike_G","Survivor","Neutralize+1","Quick Slash","Blur","Bullet Time","Poisoned Stab","Die Die Die","Setup+1","Backflip","Backstab"],"relics":["WristBlade","Dodecahedron","MawBank","Lantern"],"potions_floor_usage":[14,14],"damage_taken":[{"damage":0,"enemies":"Jaw Worm","floor":1,"turns":3},{"damage":5,"enemies":"Cultist","floor":2,"turns":4},{"damage":0,"enemies":"Small Slimes","floor":5,"turns":5},{"damage":34,"enemies":"Gremlin Nob","floor":7,"turns":5},{"damage":0,"enemies":"Exordium Thugs","floor":8,"turns":4},{"damage":5,"enemies":"2 Fungi Beasts","floor":11,"turns":3},{"damage":0,"enemies":"Large Slime","floor":12,"turns":6},{"damage":6,"enemies":"3 Sentries","floor":14,"turns":5},{"damage":43,"enemies":"Slime Boss","floor":16,"turns":6}],"seed_played":"-5371698666030767947","potions_obtained":[{"floor":2,"key":"EssenceOfSteel"},{"floor":5,"key":"PowerPotion"},{"floor":11,"key":"EssenceOfSteel"}],"is_trial":false,"path_per_floor":["M","M","?","?","M","R","E","M","T","R","M","M","?","E","R","B"],"character_chosen":"THE_SILENT","items_purchased":[],"campfire_rested":1,"item_purchase_floors":[],"current_hp_per_floor":[63,58,63,63,63,63,29,29,29,29,24,24,24,18,40,0],"gold":378,"neow_bonus":"BOSS_RELIC","is_prod":false,"is_daily":false,"chose_seed":false,"campfire_upgraded":2,"win_rate":0,"timestamp":1541318033,"path_taken":["M","M","?","?","M","R","E","M","T","R","?","M","?","E","R","BOSS"],"build_version":"2018-11-02","purchased_purges":0,"victory":false,"max_hp_per_floor":[70,70,75,75,75,75,75,75,75,75,75,75,75,75,75,75],"card_choices":[{"not_picked":["Dodge and Roll","PiercingWail"],"picked":"Quick Slash","floor":1},{"not_picked":["PiercingWail","Bane"],"picked":"Blur","floor":2},{"not_picked":["Dagger Spray","Underhanded Strike"],"picked":"Poisoned Stab","floor":5},{"not_picked":["Flying Knee","Crippling Poison"],"picked":"Die Die Die","floor":7},{"not_picked":["Predator","Deflect"],"picked":"Setup","floor":8},{"not_picked":["PiercingWail","Poisoned Stab","Slice"],"picked":"SKIP","floor":11},{"not_picked":["PiercingWail","Poisoned Stab","Slice"],"picked":"SKIP","floor":11},{"not_picked":["Sucker Punch","Noxious Fumes"],"picked":"Backflip","floor":12},{"not_picked":["Deadly Poison","Bane"],"picked":"Backstab","floor":14}],"player_experience":419522,"relics_obtained":[{"floor":7,"key":"Dodecahedron"},{"floor":9,"key":"MawBank"},{"floor":14,"key":"Lantern"}],"event_choices":[{"damage_healed":0,"gold_gain":0,"player_choice":"Donut","damage_taken":0,"max_hp_gain":5,"max_hp_loss":0,"event_name":"Big Fish","floor":3,"gold_loss":0},{"damage_healed":0,"gold_gain":0,"player_choice":"1 cards matched","damage_taken":0,"max_hp_gain":0,"max_hp_loss":0,"event_name":"Match and Keep!","floor":4,"gold_loss":0,"cards_obtained":["Bullet Time"]},{"damage_healed":0,"gold_gain":0,"player_choice":"Left Gold","damage_taken":0,"max_hp_gain":0,"max_hp_loss":0,"event_name":"World of Goop","floor":13,"gold_loss":25}],"is_beta":true,"boss_relics":[],"items_purged_floors":[],"is_endless":false,"potions_floor_spawned":[2,5,11],"killed_by":"Slime Boss","ascension_level":10}