{"gold_per_floor":[118,193,205,205,221,221,68,18,42,72,83,12,12,46,46,148,148,160,21,35,55,68,68,68,78,78,111,11,11,11,111,111,111],"floor_reached":33,"playtime":1704,"items_purged":["Strike_G","Strike_G"],"score":410,"play_id":"dc532cca-878f-4cb4-a96c-bd2f20f1d736","local_time":"20181104183154","is_ascension_mode":true,"campfire_choices":[{"data":"Cloak And Dagger","floor":6.0,"key":"SMITH"},{"data":"Phantasmal Killer","floor":13.0,"key":"SMITH"},{"data":"Noxious Fumes","floor":15.0,"key":"SMITH"},{"data":"Footwork","floor":23.0,"key":"SMITH"},{"data":"Malaise","floor":29.0,"key":"SMITH"},{"floor":32.0,"key":"REST"}],"neow_cost":"NONE","seed_source_timestamp":105218005790780,"circlet_count":0,"master_deck":["AscendersBane","Defend_G","Defend_G","Defend_G","Defend_G","Strike_G","Survivor","Neutralize+1","Quick Slash","Cloak And Dagger+1","Noxious Fumes+1","Phantasmal Killer+1","Backstab","Footwork+1","Malaise+1","Poisoned Stab","Night Terror","Well Laid Plans+1","Setup+1"],"special_seed":0,"relics":["Ring of the Snake","NeowsBlessing","Blood Vial","Vajra","Bronze Scales","Empty Cage","Singing Bowl","Sundial","MutagenicStrength"],"potions_floor_usage":[33],"damage_taken":[{"damage":0.0,"enemies":"2 Louse","floor":1.0,"turns":1.0},{"damage":0.0,"enemies":"Jaw Worm","floor":3.0,"turns":1.0},{"damage":0.0,"enemies":"Cultist","floor":5.0,"turns":1.0},{"damage":24.0,"enemies":"Gremlin Nob","floor":10.0,"turns":5.0},{"damage":0.0,"enemies":"2 Fungi Beasts","floor":11.0,"turns":3.0},{"damage":17.0,"enemies":"3 Sentries","floor":14.0,"turns":7.0},{"damage":4.0,"enemies":"Slime Boss","floor":16.0,"turns":10.0},{"damage":2.0,"enemies":"3 Byrds","floor":18.0,"turns":3.0},{"damage":4.0,"enemies":"Chosen","floor":20.0,"turns":5.0},{"damage":11.0,"enemies":"Snake Plant","floor":21.0,"turns":4.0},{"damage":15.0,"enemies":"Snecko","floor":22.0,"turns":6.0},{"damage":6.0,"enemies":"Cultist and Chosen","floor":25.0,"turns":7.0},{"damage":21.0,"enemies":"Book of Stabbing","floor":27.0,"turns":6.0},{"damage":38,"enemies":"Collector","floor":33,"turns":6}],"seed_played":"-4140266481090097486","potions_obtained":[{"floor":3.0,"key":"Strength Potion"},{"floor":5.0,"key":"SteroidPotion"},{"floor":10.0,"key":"GhostInAJar"},{"floor":16.0,"key":"AttackPotion"},{"floor":20.0,"key":"Ancient Potion"},{"floor":21.0,"key":"Weak Potion"},{"floor":25.0,"key":"SneckoOil"}],"is_trial":false,"path_per_floor":["M","?","M","?","M","R","$","?","T","E","M","$","R","E","R","B",null,"M","$","M","M","M","R","?","M","T","E","$","R","?","?","R","B"],"character_chosen":"THE_SILENT","items_purchased":["Noxious Fumes","Footwork","Night Terror"],"campfire_rested":1,"item_purchase_floors":[7,12,19],"current_hp_per_floor":[63,52,52,52,52,52,52,52,52,30,32,32,32,17,17,15,56,56,56,54,45,32,32,32,28,28,11,11,11,11,11,32,0],"gold":111,"neow_bonus":"THREE_ENEMY_KILL","is_prod":false,"is_daily":false,"chose_seed":false,"campfire_upgraded":5,"win_rate":0,"timestamp":1541316714,"path_taken":["M","?","M","?","?","R","$","?","T","E","M","$","R","E","R","BOSS","M","$","M","M","M","R","?","M","T","E","?","R","?","?","R","BOSS"],"build_version":"2018-11-02","purchased_purges":2,"victory":false,"max_hp_per_floor":[70,70,70,70,70,70,70,70,70,70,70,70,70,70,70,70,70,70,70,70,70,70,70,70,70,70,72,72,72,72,72,72,72],"card_choices":[{"not_picked":["Dodge and Roll","Calculated Gamble"],"picked":"Quick Slash","floor":1.0},{"not_picked":["Slice","Underhanded Strike","Bane"],"picked":"SKIP","floor":3.0},{"not_picked":["Escape Plan","PiercingWail"],"picked":"Cloak And Dagger","floor":5.0},{"not_picked":["PiercingWail","Escape Plan"],"picked":"Phantasmal Killer","floor":10.0},{"not_picked":["Poisoned Stab","Dash"],"picked":"Backstab","floor":11.0},{"not_picked":["Escape Plan","Flechettes","Predator"],"picked":"SKIP","floor":14.0},{"not_picked":["Burst","Unload"],"picked":"Malaise","floor":16.0},{"not_picked":["Bane","Flechettes+1"],"picked":"Poisoned Stab","floor":18.0},{"not_picked":["Blade Dance","Dash"],"picked":"Well Laid Plans+1","floor":20.0},{"not_picked":["Bouncing Flask","Prepared"],"picked":"Setup+1","floor":21.0},{"not_picked":["Choke","Concentrate","Eviscerate"],"picked":"SKIP","floor":22.0},{"not_picked":["Skewer","Acrobatics","Malaise"],"picked":"SKIP","floor":25.0},{"not_picked":["Deflect","Acrobatics+1","Outmaneuver+1"],"picked":"Singing Bowl","floor":27.0}],"player_experience":417193,"relics_obtained":[{"floor":9.0,"key":"Blood Vial"},{"floor":10.0,"key":"Vajra"},{"floor":14.0,"key":"Bronze Scales"},{"floor":26.0,"key":"Singing Bowl"},{"floor":27.0,"key":"Sundial"}],"event_choices":[{"damage_healed":0.0,"max_hp_gain":0.0,"max_hp_loss":0.0,"gold_gain":75.0,"event_name":"World of Goop","player_choice":"Gather Gold","floor":2.0,"gold_loss":0.0,"damage_taken":11.0},{"damage_healed":0.0,"max_hp_gain":0.0,"max_hp_loss":0.0,"gold_gain":0.0,"event_name":"Upgrade Shrine","player_choice":"Upgraded","floor":4.0,"gold_loss":0.0,"damage_taken":0.0,"cards_upgraded":["Neutralize"]},{"cards_removed":["Strike_G"],"damage_healed":0.0,"max_hp_gain":0.0,"max_hp_loss":0.0,"gold_gain":0.0,"event_name":"The Cleric","player_choice":"Card Removal","floor":8.0,"gold_loss":50.0,"damage_taken":0.0},{"damage_healed":0.0,"max_hp_gain":0.0,"max_hp_loss":0.0,"gold_gain":0.0,"event_name":"Match and Keep!","player_choice":"0 cards matched","floor":24.0,"gold_loss":0.0,"damage_taken":0.0,"cards_obtained":[]},{"damage_healed":0.0,"max_hp_gain":0.0,"max_hp_loss":0.0,"gold_gain":0.0,"event_name":"Drug Dealer","player_choice":"Inject Mutagens","floor":30.0,"gold_loss":0.0,"damage_taken":0.0,"relics_obtained":["MutagenicStrength"]},{"damage_healed":0.0,"max_hp_gain":0.0,"max_hp_loss":0.0,"gold_gain":100.0,"event_name":"Golden Shrine","player_choice":"Pray","floor":31.0,"gold_loss":0.0,"damage_taken":0.0}],"is_beta":true,"boss_relics":[{"not_picked":["Orrery","Busted Crown"],"picked":"Empty Cage"}],"items_purged_floors":[7,28],"is_endless":false,"potions_floor_spawned":[3,5,10,16,20,21,25],"killed_by":"Collector","ascension_level":10}