{"gold_per_floor":[115,40,50,69,89,123,30,30,30,44,59,59,107,120,120,120],"floor_reached":16,"playtime":872,"items_purged":[],"score":182,"play_id":"e5df95da-34f3-4520-b5bb-161dfe5184c1","local_time":"20181218161517","is_ascension_mode":true,"campfire_choices":[{"floor":12,"key":"REST"},{"data":"Footwork","floor":15,"key":"SMITH"}],"neow_cost":"NONE","seed_source_timestamp":236159032961445,"circlet_count":0,"master_deck":["AscendersBane","Defend_G","Defend_G","Defend_G+1","Defend_G","Defend_G","Strike_G","Strike_G","Strike_G","Strike_G","Strike_G","Survivor","Neutralize","Dash","After Image","Dagger Throw+1","PiercingWail","Quick Slash","Well Laid Plans","Dagger Spray","Footwork+1"],"special_seed":0,"relics":["Ring of the Snake","Pantograph","Matryoshka","Blue Candle","Orichalcum"],"potions_floor_usage":[6,6],"damage_taken":[{"damage":1.0,"enemies":"Cultist","floor":1.0,"turns":4.0},{"damage":0.0,"enemies":"Jaw Worm","floor":3.0,"turns":6.0},{"damage":2.0,"enemies":"2 Louse","floor":4.0,"turns":3.0},{"damage":0.0,"enemies":"Blue Slaver","floor":5.0,"turns":6.0},{"damage":23,"enemies":"Lagavulin","floor":6,"turns":13},{"damage":12,"enemies":"3 Louse","floor":10,"turns":4},{"damage":0,"enemies":"Large Slime","floor":11,"turns":8},{"damage":0,"enemies":"2 Fungi Beasts","floor":14,"turns":4},{"damage":54,"enemies":"Hexaghost","floor":16,"turns":16}],"seed_played":"-9149676453460961865","potions_obtained":[{"floor":1.0,"key":"Weak Potion"},{"floor":4.0,"key":"GamblersBrew"}],"is_trial":false,"path_per_floor":["M","$","M","M","M","E","$","?","T","M","M","R","T","M","R","B"],"character_chosen":"THE_SILENT","items_purchased":["After Image","Well Laid Plans","Dagger Spray"],"campfire_rested":1,"item_purchase_floors":[2,7,7],"current_hp_per_floor":[64,64,64,62,62,39,39,17,17,5,5,26,26,26,26,0],"gold":120,"neow_bonus":"TEN_PERCENT_HP_BONUS","is_prod":false,"is_daily":false,"chose_seed":false,"campfire_upgraded":1,"win_rate":0,"timestamp":1545110117,"path_taken":["M","$","?","M","M","E","$","?","T","M","M","R","?","?","R","BOSS"],"build_version":"2018-12-13","purchased_purges":0,"victory":false,"max_hp_per_floor":[72,72,72,72,72,72,72,72,72,72,72,72,72,72,72,72],"card_choices":[{"not_picked":["Backflip","Deadly Poison"],"picked":"Dash","floor":1.0},{"not_picked":["Prepared","Slice"],"picked":"Dagger Throw","floor":3.0},{"not_picked":["Distraction","Endless Agony"],"picked":"PiercingWail","floor":4.0},{"not_picked":["Bane","Terror","Distraction"],"picked":"SKIP","floor":5.0},{"not_picked":["Bane","Terror","Distraction"],"picked":"SKIP","floor":5.0},{"not_picked":["Acrobatics","Escape Plan"],"picked":"Quick Slash","floor":6},{"not_picked":["Finisher","Deflect"],"picked":"Footwork","floor":10},{"not_picked":["Dodge and Roll","Poisoned Stab","Blur"],"picked":"SKIP","floor":11},{"not_picked":["Wraith Form v2","Bane","All Out Attack"],"picked":"SKIP","floor":14}],"player_experience":490460,"relics_obtained":[{"floor":6,"key":"Pantograph"},{"floor":9,"key":"Matryoshka"},{"floor":13,"key":"Blue Candle"},{"floor":13,"key":"Orichalcum"}],"event_choices":[{"damage_healed":0,"gold_gain":0,"player_choice":"Entered Light","damage_taken":22,"max_hp_gain":0,"max_hp_loss":0,"event_name":"Shining Light","floor":8,"gold_loss":0,"cards_upgraded":["Defend_G","Dagger Throw"]}],"is_beta":true,"boss_relics":[],"items_purged_floors":[],"is_endless":false,"potions_floor_spawned":[1,4],"killed_by":"Hexaghost","ascension_level":15}