{"gold_per_floor":[119,39,39,39,54,54,68,68,92,111,111,123,123,136,136,240,290,304,324,338,338,338,338,353,272,272,291,291,291,241,98,98,197,197,213,226,72,72],"floor_reached":38,"playtime":1871,"items_purged":[],"score":366,"play_id":"b17e6986-3c11-4a01-9ccf-a1a5bd78caf4","local_time":"20190710223333","is_ascension_mode":false,"campfire_choices":[{"data":"Rampage","floor":6,"key":"SMITH"},{"data":"Heavy Blade","floor":11,"key":"SMITH"},{"floor":13,"key":"REST"},{"data":"Heavy Blade","floor":15,"key":"SMITH"},{"floor":23,"key":"REST"},{"floor":29,"key":"REST"},{"floor":32,"key":"REST"}],"neow_cost":"NONE","seed_source_timestamp":41718659923172,"circlet_count":0,"master_deck":["Strike_R","Strike_R","Strike_R","Strike_R+1","Strike_R","Defend_R","Defend_R","Defend_R","Defend_R","Bash","Inflame+1","Rampage+1","Twin Strike","Cleave","Warcry","Heavy Blade+1","Dropkick","Heavy Blade+1","Limit Break","Anger","Thunderclap","Uppercut+1","Cleave","Pommel Strike","Dual Wield","Evolve","Clash+1","Offering","Dual Wield","Flex+1"],"relics":["Mark of Pain","Bronze Scales","Tiny House","Meat on the Bone","Dream Catcher","Cursed Key","Vajra"],"potions_floor_usage":[17,20,27,33,38],"damage_taken":[{"damage":1,"enemies":"Jaw Worm","floor":1,"turns":3},{"damage":0,"enemies":"Small Slimes","floor":5,"turns":2},{"damage":5,"enemies":"2 Louse","floor":7,"turns":3},{"damage":0,"enemies":"Gremlin Gang","floor":10,"turns":3},{"damage":15,"enemies":"Exordium Wildlife","floor":12,"turns":4},{"damage":6,"enemies":"3 Louse","floor":14,"turns":2},{"damage":48,"enemies":"The Guardian","floor":16,"turns":7},{"damage":19,"enemies":"Shell Parasite","floor":18,"turns":4},{"damage":20,"enemies":"2 Thieves","floor":19,"turns":3},{"damage":45,"enemies":"Centurion and Healer","floor":20,"turns":4},{"damage":11,"enemies":"Snecko","floor":24,"turns":4},{"damage":27,"enemies":"Chosen and Byrds","floor":27,"turns":5},{"damage":65,"enemies":"Automaton","floor":33,"turns":8},{"damage":24,"enemies":"Orb Walker","floor":35,"turns":2},{"damage":52,"enemies":"3 Darklings","floor":36,"turns":4},{"damage":27,"enemies":"Writhing Mass","floor":38,"turns":3}],"seed_played":"6423696642987454700","potions_obtained":[{"floor":7,"key":"FairyPotion"},{"floor":16,"key":"Poison Potion"},{"floor":17,"key":"Fruit Juice"},{"floor":18,"key":"Energy Potion"},{"floor":19,"key":"GamblersBrew"},{"floor":24,"key":"Block Potion"},{"floor":36,"key":"Weak Potion"}],"is_trial":false,"path_per_floor":["M","$","?","?","M","R","M","?","T","M","R","M","R","M","R","B",null,"M","M","M","?","?","R","M","$","T","M","?","R","?","$","R","B",null,"M","M","$","M"],"character_chosen":"IRONCLAD","items_purchased":["Rampage","Dual Wield","Dream Catcher","Vajra"],"campfire_rested":4,"item_purchase_floors":[2,25,31,37],"current_hp_per_floor":[79,79,79,79,79,79,74,74,74,74,74,59,80,74,74,26,90,71,51,6,6,6,33,22,22,22,21,21,48,48,48,75,22,90,66,26,26,0],"gold":72,"neow_bonus":"BOSS_RELIC","is_prod":false,"is_daily":false,"chose_seed":false,"campfire_upgraded":3,"win_rate":0,"timestamp":1562812413,"path_taken":["M","$","?","?","M","R","M","?","T","M","R","M","R","M","R","BOSS","M","M","?","?","?","R","M","$","T","M","?","R","?","$","R","BOSS","M","?","$","M"],"build_version":"2019-07-05","purchased_purges":0,"victory":false,"max_hp_per_floor":[80,80,80,80,80,80,80,80,80,80,80,80,80,80,80,80,90,90,90,90,90,90,90,90,90,90,90,90,90,90,90,90,90,90,90,90,90,90],"card_choices":[{"not_picked":["Sword Boomerang","Burning Pact"],"picked":"Inflame","floor":1},{"not_picked":["Intimidate","Armaments"],"picked":"Twin Strike","floor":5},{"not_picked":["Body Slam","Brutality"],"picked":"Cleave","floor":7},{"not_picked":["Combust","Uppercut"],"picked":"Heavy Blade","floor":10},{"not_picked":["Armaments","Headbutt"],"picked":"Dropkick","floor":12},{"not_picked":["Shrug It Off","Warcry"],"picked":"Heavy Blade","floor":14},{"not_picked":["Berserk","Feed"],"picked":"Limit Break","floor":16},{"not_picked":["Headbutt","Dual Wield"],"picked":"Anger","floor":17},{"not_picked":["Wild Strike","Armaments"],"picked":"Thunderclap","floor":18},{"not_picked":["Anger","Warcry"],"picked":"Uppercut+1","floor":19},{"not_picked":["Clothesline","Bloodletting"],"picked":"Cleave","floor":20},{"not_picked":["Sever Soul+1","Corruption"],"picked":"Pommel Strike","floor":24},{"not_picked":["Twin Strike+1","Brutality"],"picked":"Evolve","floor":27},{"not_picked":["Anger","Iron Wave"],"picked":"Clash+1","floor":32},{"not_picked":["Berserk","Feed"],"picked":"Offering","floor":33},{"not_picked":["Thunderclap","Feel No Pain+1"],"picked":"Dual Wield","floor":35},{"not_picked":["Warcry+1","Pommel Strike+1"],"picked":"Flex+1","floor":36}],"player_experience":56163,"relics_obtained":[{"floor":9,"key":"Bronze Scales"},{"floor":26,"key":"Meat on the Bone"}],"event_choices":[{"damage_healed":0,"gold_gain":0,"player_choice":"Ignored","damage_taken":0,"max_hp_gain":0,"max_hp_loss":0,"event_name":"Liars Game","floor":3,"gold_loss":0},{"damage_healed":0,"gold_gain":0,"player_choice":"Grow","damage_taken":0,"max_hp_gain":0,"max_hp_loss":0,"event_name":"Living Wall","floor":4,"gold_loss":0,"cards_upgraded":["Inflame"]},{"damage_healed":0,"gold_gain":0,"player_choice":"1 cards matched","damage_taken":0,"max_hp_gain":0,"max_hp_loss":0,"event_name":"Match and Keep!","floor":8,"gold_loss":0,"cards_obtained":["Warcry"]},{"damage_healed":0,"gold_gain":0,"player_choice":"Ignored","damage_taken":0,"max_hp_gain":0,"max_hp_loss":0,"event_name":"The Mausoleum","floor":21,"gold_loss":0},{"damage_healed":0,"gold_gain":0,"player_choice":"Ignored","damage_taken":0,"max_hp_gain":0,"max_hp_loss":0,"event_name":"Beggar","floor":22,"gold_loss":0},{"damage_healed":0,"gold_gain":0,"player_choice":"Ignored","damage_taken":0,"max_hp_gain":0,"max_hp_loss":0,"event_name":"Cursed Tome","floor":28,"gold_loss":0},{"damage_healed":0,"gold_gain":0,"player_choice":"Bet on Owner","damage_taken":0,"max_hp_gain":0,"max_hp_loss":0,"event_name":"The Joust","floor":30,"gold_loss":50}],"is_beta":false,"boss_relics":[{"not_picked":["Lizard Tail","Calling Bell"],"picked":"Tiny House"},{"not_picked":["Runic Pyramid","Empty Cage"],"picked":"Cursed Key"}],"items_purged_floors":[],"is_endless":false,"potions_floor_spawned":[7,16,18,19,24,36],"killed_by":"Writhing Mass","ascension_level":0}