{"gold_per_floor":[113,113,133,145,145,179,179,195,195,195,226,241,253,131,131,131],"floor_reached":16,"playtime":1547,"items_purged":["Strike_G"],"score":112,"play_id":"dad22614-c99e-4891-a3e9-5712ee85fa3d","local_time":"20190628222511","is_ascension_mode":false,"campfire_choices":[{"floor":7,"key":"REST"},{"floor":10,"key":"REST"},{"floor":15,"key":"REST"}],"neow_cost":"NONE","seed_source_timestamp":468524405336078,"circlet_count":0,"master_deck":["Defend_G","Defend_G","Defend_G","Defend_G","Defend_G+1","Strike_G","Strike_G","Strike_G","Survivor+1","Neutralize","Blur","Deflect","Caltrops","Iron Wave","PiercingWail","Masterful Stab","Blur","Dodge and Roll","Dagger Throw","Backflip"],"relics":["Ring of the Snake","Omamori","Darkstone Periapt","Gambling Chip"],"potions_floor_usage":[11,16,16],"damage_taken":[{"damage":2,"enemies":"Jaw Worm","floor":1,"turns":5},{"damage":3,"enemies":"2 Louse","floor":3,"turns":4},{"damage":4,"enemies":"Cultist","floor":4,"turns":6},{"damage":35,"enemies":"Lagavulin","floor":6,"turns":14},{"damage":0,"enemies":"Blue Slaver","floor":8,"turns":4},{"damage":16,"enemies":"Gremlin Nob","floor":11,"turns":5},{"damage":1,"enemies":"3 Louse","floor":12,"turns":4},{"damage":4,"enemies":"Exordium Thugs","floor":13,"turns":7},{"damage":81,"enemies":"Slime Boss","floor":16,"turns":16}],"seed_played":"7668284279998427430","potions_obtained":[{"floor":1,"key":"GamblersBrew"},{"floor":4,"key":"LiquidBronze"},{"floor":8,"key":"Regen Potion"}],"is_trial":false,"path_per_floor":["M","?","M","M","?","E","R","M","T","R","E","M","M","$","R","B"],"character_chosen":"THE_SILENT","items_purchased":["Backflip"],"campfire_rested":3,"item_purchase_floors":[14],"current_hp_per_floor":[75,60,57,53,53,18,41,41,41,64,48,47,43,43,66,0],"gold":131,"neow_bonus":"TEN_PERCENT_HP_BONUS","is_prod":false,"is_daily":false,"chose_seed":false,"campfire_upgraded":0,"win_rate":0.0,"timestamp":1561731911,"path_taken":["M","?","M","M","?","E","R","M","T","R","E","M","M","$","R","BOSS"],"build_version":"2019-01-23","purchased_purges":1,"victory":false,"max_hp_per_floor":[77,77,77,77,77,77,77,77,77,77,77,77,77,77,77,77],"card_choices":[{"not_picked":["Escape Plan","Sucker Punch"],"picked":"Blur","floor":1},{"not_picked":["Sucker Punch","Poisoned Stab"],"picked":"Deflect","floor":3},{"not_picked":["Dagger Throw","Predator"],"picked":"Caltrops","floor":4},{"not_picked":["Poisoned Stab","Underhanded Strike"],"picked":"PiercingWail","floor":6},{"not_picked":["Distraction","Backflip"],"picked":"Masterful Stab","floor":8},{"not_picked":["Acrobatics","Underhanded Strike"],"picked":"Blur","floor":11},{"not_picked":["Riddle With Holes","Outmaneuver"],"picked":"Dodge and Roll","floor":12},{"not_picked":["Finisher","Riddle With Holes"],"picked":"Dagger Throw","floor":13}],"player_experience":47236,"relics_obtained":[{"floor":6,"key":"Omamori"},{"floor":9,"key":"Darkstone Periapt"},{"floor":11,"key":"Gambling Chip"}],"event_choices":[{"damage_healed":0,"gold_gain":0,"player_choice":"Entered Light","damage_taken":15,"max_hp_gain":0,"max_hp_loss":0,"event_name":"Shining Light","floor":2,"gold_loss":0,"cards_upgraded":["Survivor","Defend_G"]},{"cards_removed":["Strike_G"],"damage_healed":0,"gold_gain":0,"player_choice":"Took Card","damage_taken":0,"max_hp_gain":0,"max_hp_loss":0,"event_name":"NoteForYourself","floor":5,"gold_loss":0,"cards_obtained":["Iron Wave"]}],"is_beta":false,"boss_relics":[],"items_purged_floors":[14],"is_endless":false,"potions_floor_spawned":[1,4,8],"killed_by":"Slime Boss","ascension_level":0}