{"gold_per_floor":[109,109,109,127,151,164,164,164,189,189,264,279,303,326,326,445,445,458,233,253,276,276,276,191,191,191,191,115,133,258,272,272,397,397,411,0,0,18,39,39,39,58,127,142,69,93,93,112,112,112],"floor_reached":50,"playtime":3757,"items_purged":[],"score":438,"play_id":"858a70fb-7baa-4647-9d3d-5e941feb5b54","local_time":"20190710233622","is_ascension_mode":false,"campfire_choices":[{"data":"Power Through","floor":7,"key":"SMITH"},{"data":"Thunderclap","floor":10,"key":"SMITH"},{"floor":15,"key":"REST"},{"data":"Brutality","floor":23,"key":"SMITH"},{"data":"Shockwave","floor":25,"key":"SMITH"},{"data":"Power Through","floor":27,"key":"SMITH"},{"floor":32,"key":"REST"},{"data":"Perfected Strike","floor":40,"key":"SMITH"},{"data":"Infernal Blade","floor":47,"key":"SMITH"},{"data":"Perfected Strike","floor":49,"key":"SMITH"}],"neow_cost":"NONE","seed_source_timestamp":43602411369548,"circlet_count":0,"master_deck":["Strike_R","Strike_R","Strike_R","Strike_R","Strike_R","Defend_R","Defend_R","Defend_R","Bash","Perfected Strike+1","Power Through+1","Wild Strike","Thunderclap+1","Perfected Strike+1","Perfected Strike+1","Iron Wave","Brutality+1","Power Through+1","Immolate","Twin Strike+1","Shockwave+1","Evolve+1","Dropkick","Disarm","Reaper","Flex+1","Shrug It Off","Thunderclap","Pommel Strike","Ghostly Armor+1","Infernal Blade+1","Ghostly Armor+1"],"relics":["Burning Blood","Omamori","Golden Idol","Mummified Hand","Smiling Mask","Lizard Tail","Ornamental Fan","PreservedInsect","Magic Flower","Mercury Hourglass","Coffee Dripper","Red Mask","Letter Opener"],"potions_floor_usage":[16,29,30,33,35,42,46,50,50,50],"damage_taken":[{"damage":5,"enemies":"2 Louse","floor":1,"turns":3},{"damage":3,"enemies":"Jaw Worm","floor":4,"turns":3},{"damage":0,"enemies":"Cultist","floor":5,"turns":3},{"damage":10,"enemies":"Looter","floor":6,"turns":2},{"damage":7,"enemies":"Blue Slaver","floor":12,"turns":2},{"damage":0,"enemies":"2 Fungi Beasts","floor":13,"turns":2},{"damage":9,"enemies":"Exordium Thugs","floor":14,"turns":3},{"damage":76,"enemies":"Hexaghost","floor":16,"turns":9},{"damage":6,"enemies":"2 Thieves","floor":18,"turns":4},{"damage":42,"enemies":"3 Byrds","floor":20,"turns":6},{"damage":13,"enemies":"Centurion and Healer","floor":21,"turns":4},{"damage":19,"enemies":"Shelled Parasite and Fungi","floor":29,"turns":4},{"damage":3,"enemies":"Colosseum Slavers","floor":30,"turns":4},{"damage":26,"enemies":"Colosseum Nobs","floor":30,"turns":4},{"damage":2,"enemies":"Snecko","floor":31,"turns":3},{"damage":151,"enemies":"Champ","floor":33,"turns":15},{"damage":12,"enemies":"3 Darklings","floor":35,"turns":5},{"damage":15,"enemies":"3 Shapes","floor":38,"turns":3},{"damage":16,"enemies":"Transient","floor":39,"turns":5},{"damage":8,"enemies":"Jaw Worm Horde","floor":42,"turns":5},{"damage":19,"enemies":"Sphere and 2 Shapes","floor":44,"turns":4},{"damage":27,"enemies":"Spire Growth","floor":46,"turns":3},{"damage":15,"enemies":"3 Darklings","floor":48,"turns":3},{"damage":84,"enemies":"Awakened One","floor":50,"turns":14}],"seed_played":"-8930368526892395210","potions_obtained":[{"floor":1,"key":"PowerPotion"},{"floor":12,"key":"PowerPotion"},{"floor":13,"key":"Weak Potion"},{"floor":16,"key":"Fire Potion"},{"floor":29,"key":"LiquidBronze"},{"floor":31,"key":"Swift Potion"},{"floor":33,"key":"SkillPotion"},{"floor":35,"key":"Block Potion"},{"floor":44,"key":"Energy Potion"},{"floor":46,"key":"EssenceOfSteel"}],"is_trial":false,"path_per_floor":["M","?","?","M","M","M","R","T","T","R","?","M","M","M","R","B",null,"M","$","M","M","?","R","?","R","T","R","$","M","?","M","R","B",null,"M","?","?","M","M","R","?","M","T","M","$","M","R","M","R","B"],"character_chosen":"IRONCLAD","items_purchased":["Immolate","BloodPotion","Regen Potion","BloodPotion"],"campfire_rested":2,"item_purchase_floors":[19,19,28,45],"current_hp_per_floor":[80,60,60,63,69,65,65,65,65,65,57,56,62,59,80,10,80,80,80,44,37,63,63,63,63,63,63,63,62,45,52,76,30,80,77,77,77,71,70,70,70,80,80,73,73,80,80,74,74,0],"gold":112,"neow_bonus":"RANDOM_COMMON_RELIC","is_prod":false,"is_daily":false,"chose_seed":false,"campfire_upgraded":8,"win_rate":0,"timestamp":1562816182,"path_taken":["M","?","?","M","M","M","R","?","T","R","?","M","?","M","R","BOSS","M","$","M","M","?","R","?","R","T","R","$","M","?","M","R","BOSS","M","?","?","M","M","R","?","?","T","M","?","?","R","M","R","BOSS"],"build_version":"2019-07-05","purchased_purges":0,"victory":false,"max_hp_per_floor":[80,80,80,80,80,80,80,80,80,80,80,80,80,80,80,80,80,80,80,80,80,80,80,80,80,80,80,80,80,80,80,80,80,80,80,80,80,80,80,80,80,80,80,80,80,80,80,80,80,80],"card_choices":[{"not_picked":["Whirlwind","Armaments"],"picked":"Perfected Strike","floor":1},{"not_picked":["Armaments","Sever Soul"],"picked":"Power Through","floor":4},{"not_picked":["Armaments","Bloodletting"],"picked":"Wild Strike","floor":5},{"not_picked":["Anger","Armaments"],"picked":"Thunderclap","floor":6},{"not_picked":["Warcry","Evolve"],"picked":"Perfected Strike","floor":12},{"not_picked":["Hemokinesis","Blood for Blood"],"picked":"Perfected Strike","floor":13},{"not_picked":["Clash","Second Wind"],"picked":"Iron Wave","floor":14},{"not_picked":["Limit Break","Bludgeon"],"picked":"Brutality","floor":16},{"not_picked":["Clash","Iron Wave+1"],"picked":"Power Through","floor":18},{"not_picked":["Carnage","Thunderclap"],"picked":"Twin Strike+1","floor":20},{"not_picked":["Flex+1","Heavy Blade"],"picked":"Shockwave","floor":21},{"not_picked":["Feel No Pain","Sword Boomerang"],"picked":"Evolve+1","floor":29},{"not_picked":["Anger","Sword Boomerang"],"picked":"Dropkick","floor":30},{"not_picked":["Corruption","Burning Pact+1"],"picked":"Disarm","floor":31},{"not_picked":["Brutality","Feed"],"picked":"Reaper","floor":33},{"not_picked":["True Grit","Heavy Blade"],"picked":"Flex+1","floor":35},{"not_picked":["Sword Boomerang","Heavy Blade"],"picked":"Shrug It Off","floor":38},{"not_picked":["Warcry+1","Iron Wave"],"picked":"Thunderclap","floor":39},{"not_picked":["Bloodletting","Sword Boomerang+1"],"picked":"Pommel Strike","floor":42},{"not_picked":["Fire Breathing","Headbutt+1"],"picked":"Ghostly Armor+1","floor":44},{"not_picked":["Barricade","Flame Barrier"],"picked":"Infernal Blade","floor":46},{"not_picked":["Sever Soul+1","Sword Boomerang+1"],"picked":"Ghostly Armor+1","floor":48}],"player_experience":58034,"relics_obtained":[{"floor":8,"key":"Mummified Hand"},{"floor":9,"key":"Smiling Mask"},{"floor":26,"key":"PreservedInsect"},{"floor":30,"key":"Magic Flower"},{"floor":30,"key":"Mercury Hourglass"},{"floor":43,"key":"Letter Opener"}],"event_choices":[{"damage_healed":0,"gold_gain":0,"player_choice":"Take Damage","damage_taken":20,"relics_obtained":["Golden Idol"],"max_hp_gain":0,"max_hp_loss":0,"event_name":"Golden Idol","floor":2,"gold_loss":0},{"damage_healed":0,"gold_gain":0,"player_choice":"Grow","damage_taken":0,"max_hp_gain":0,"max_hp_loss":0,"event_name":"Living Wall","floor":3,"gold_loss":0,"cards_upgraded":["Perfected Strike"]},{"damage_healed":0,"gold_gain":75,"player_choice":"Touch","damage_taken":8,"max_hp_gain":0,"max_hp_loss":0,"event_name":"FaceTrader","floor":11,"gold_loss":0},{"damage_healed":26,"gold_gain":0,"player_choice":"Heal","damage_taken":0,"max_hp_gain":0,"max_hp_loss":0,"event_name":"The Library","floor":22,"gold_loss":0},{"damage_healed":0,"gold_gain":0,"player_choice":"Obtained Relic","damage_taken":0,"relics_obtained":["Ornamental Fan"],"max_hp_gain":0,"max_hp_loss":0,"event_name":"Addict","floor":24,"gold_loss":85},{"damage_healed":0,"gold_gain":0,"player_choice":"Fight","damage_taken":0,"max_hp_gain":0,"max_hp_loss":0,"event_name":"Colosseum","floor":30,"gold_loss":0},{"damage_healed":0,"gold_gain":0,"player_choice":"Fought Nobs","damage_taken":0,"max_hp_gain":0,"max_hp_loss":0,"event_name":"Colosseum","floor":30,"gold_loss":0},{"damage_healed":0,"gold_gain":0,"player_choice":"Paid","damage_taken":0,"relics_obtained":["Red Mask"],"max_hp_gain":0,"max_hp_loss":0,"event_name":"Tomb of Lord Red Mask","floor":36,"gold_loss":411},{"damage_healed":0,"gold_gain":0,"player_choice":"Ignored","damage_taken":0,"max_hp_gain":0,"max_hp_loss":0,"event_name":"Mysterious Sphere","floor":37,"gold_loss":0},{"cards_removed":["Defend_R"],"damage_healed":0,"gold_gain":0,"player_choice":"Removed Skill","damage_taken":0,"max_hp_gain":0,"max_hp_loss":0,"event_name":"Falling","floor":41,"gold_loss":0}],"is_beta":false,"boss_relics":[{"not_picked":["Empty Cage","Astrolabe"],"picked":"Lizard Tail"},{"not_picked":["Calling Bell","Busted Crown"],"picked":"Coffee Dripper"}],"items_purged_floors":[],"is_endless":false,"potions_floor_spawned":[1,12,13,16,29,30,31,33,35,44,46],"killed_by":"Awakened One","ascension_level":0}