{"gold_per_floor":[119,96,96,21,35,65,65,94,143,169,189,223,72,104,104,199,199,216,226,141,160,259,284,284,314,314,97,22,35,35,45,45,147,147,162,181,141,158,11,11,41,41,41,70,84,101,101,134,134,134,134,134,15,49,49],"floor_reached":55,"playtime":7011,"items_purged":["Strike_R","Strike_R","Strike_R"],"score":964,"play_id":"a7a63623-54ce-4d30-93c8-cfb514c43897","local_time":"20190713235302","is_ascension_mode":true,"campfire_choices":[{"data":"Rampage","floor":7.0,"key":"SMITH"},{"data":"Armaments","floor":15.0,"key":"SMITH"},{"data":"Seeing Red","floor":24.0,"key":"SMITH"},{"data":"Immolate","floor":30.0,"key":"SMITH"},{"data":"Heavy Blade","floor":32.0,"key":"SMITH"},{"data":"Apotheosis","floor":40.0,"key":"SMITH"},{"data":"Demon Form","floor":42.0,"key":"SMITH"},{"floor":47.0,"key":"RECALL"},{"floor":49.0,"key":"REST"},{"data":"Impervious","floor":52.0,"key":"SMITH"}],"neow_cost":"NONE","seed_source_timestamp":0,"circlet_count":0,"master_deck":["Defend_R","Defend_R+1","Defend_R+1","Defend_R","Bash","Cleave","Clothesline","Demon Form+1","Infernal Blade","Rampage+1","Heavy Blade+1","Carnage","Armaments+1","Inflame+1","Flex+1","Thunderclap","Immolate+1","Seeing Red+1","Dropkick+1","Inflame+1","Shrug It Off+1","Feed","Carnage+1","Body Slam+1","Combust","Apotheosis+1","Impervious+1","Shockwave+1","Seeing Red+1","Warcry+1","Limit Break","Spot Weakness+1"],"special_seed":0,"relics":["Burning Blood","NeowsBlessing","Red Skull","StoneCalendar","Lantern","Oddly Smooth Stone","Dream Catcher","Meat on the Bone","Runic Pyramid","The Courier","Matryoshka","War Paint","Vajra","Bottled Flame","Bronze Scales","Velvet Choker","Torii","Omamori","Pear","Ornamental Fan","Charon\u0027s Ashes"],"potions_floor_usage":[55,55],"damage_taken":[{"damage":0.0,"enemies":"Cultist","floor":1.0,"turns":1.0},{"damage":0.0,"enemies":"Jaw Worm","floor":5.0,"turns":1.0},{"damage":0.0,"enemies":"Lagavulin","floor":6.0,"turns":1.0},{"damage":7.0,"enemies":"Gremlin Nob","floor":8.0,"turns":4.0},{"damage":13.0,"enemies":"Lagavulin","floor":10.0,"turns":4.0},{"damage":0.0,"enemies":"2 Louse","floor":11.0,"turns":3.0},{"damage":24.0,"enemies":"3 Sentries","floor":12.0,"turns":5.0},{"damage":36.0,"enemies":"Lagavulin","floor":14.0,"turns":6.0},{"damage":8.0,"enemies":"Slime Boss","floor":16.0,"turns":6.0},{"damage":32.0,"enemies":"Spheric Guardian","floor":18.0,"turns":5.0},{"damage":6.0,"enemies":"3 Byrds","floor":19.0,"turns":3.0},{"damage":5.0,"enemies":"Sentry and Sphere","floor":21.0,"turns":3.0},{"damage":36.0,"enemies":"Slavers","floor":23.0,"turns":4.0},{"damage":55.0,"enemies":"Gremlin Leader","floor":25.0,"turns":6.0},{"damage":12.0,"enemies":"Cultist and Chosen","floor":29.0,"turns":3.0},{"damage":0.0,"enemies":"3 Cultists","floor":31.0,"turns":3.0},{"damage":6.0,"enemies":"Champ","floor":33.0,"turns":6.0},{"damage":0.0,"enemies":"3 Shapes","floor":35.0,"turns":1.0},{"damage":0.0,"enemies":"Orb Walker","floor":36.0,"turns":2.0},{"damage":9.0,"enemies":"4 Shapes","floor":38.0,"turns":3.0},{"damage":27.0,"enemies":"Nemesis","floor":41.0,"turns":3.0},{"damage":19.0,"enemies":"Reptomancer","floor":44.0,"turns":4.0},{"damage":17.0,"enemies":"Sphere and 2 Shapes","floor":45.0,"turns":4.0},{"damage":23.0,"enemies":"Maw","floor":46.0,"turns":6.0},{"damage":15.0,"enemies":"Nemesis","floor":48.0,"turns":5.0},{"damage":42.0,"enemies":"Time Eater","floor":50.0,"turns":6.0},{"damage":37.0,"enemies":"Shield and Spear","floor":54.0,"turns":4.0},{"damage":82,"enemies":"The Heart","floor":55,"turns":8}],"seed_played":"3543356570536760507","potions_obtained":[{"floor":1.0,"key":"Block Potion"},{"floor":6.0,"key":"FearPotion"},{"floor":11.0,"key":"LiquidBronze"},{"floor":12.0,"key":"BloodPotion"},{"floor":21.0,"key":"GamblersBrew"},{"floor":25.0,"key":"Fire Potion"},{"floor":35.0,"key":"Swift Potion"},{"floor":41.0,"key":"GamblersBrew"},{"floor":45.0,"key":"Fire Potion"},{"floor":54.0,"key":"Fire Potion"}],"is_trial":false,"path_per_floor":["M","$","?","$","M","E","R","E","T","E","M","E","$","E","R","B",null,"M","M","?","M","?","E","R","E","T","$","?","M","R","M","R","B",null,"M","M","?","M","$","R","E","R","T","E","M","M","R","E","R","B",null,"R","$","E","B"],"character_chosen":"IRONCLAD","items_purchased":["Clothesline","Flex","Bronze Scales","Apotheosis","Limit Break"],"campfire_rested":1,"item_purchase_floors":[2,13,27,39,53],"current_hp_per_floor":[80,80,80,80,80,80,80,79,79,72,78,60,60,30,30,40,80,54,54,54,55,55,37,37,20,20,20,20,26,26,44,44,56,80,83,83,83,83,83,83,62,62,62,62,66,61,61,68,99,67,110,110,110,82,0],"gold":49,"neow_bonus":"THREE_ENEMY_KILL","is_prod":false,"is_daily":false,"chose_seed":false,"campfire_upgraded":8,"win_rate":0,"timestamp":1563054782,"path_taken":["M","?","?","$","?","E","R","E","T","E","M","E","$","E","R","BOSS","M","M","?","M","?","E","R","E","T","$","?","?","R","M","R","BOSS","M","M","?","M","?","R","E","R","T","E","M","M","R","E","R","BOSS","R","$","E","BOSS"],"build_version":"2019-07-05","purchased_purges":3,"victory":false,"max_hp_per_floor":[80,80,80,80,80,80,80,80,80,80,80,80,80,80,80,80,80,80,80,80,80,80,80,80,80,80,80,80,80,80,80,80,80,80,83,83,83,86,86,86,86,86,86,99,102,102,102,106,106,110,110,110,110,113,113],"card_choices":[{"not_picked":["Uppercut","Clash"],"picked":"Cleave","floor":1.0},{"not_picked":["Burning Pact","Wild Strike"],"picked":"Infernal Blade","floor":5.0},{"not_picked":["True Grit","Fiend Fire"],"picked":"Rampage","floor":6.0},{"not_picked":["Body Slam","Clash"],"picked":"Heavy Blade","floor":8.0},{"not_picked":["Fire Breathing","Perfected Strike"],"picked":"Carnage","floor":10.0},{"not_picked":["Iron Wave","Perfected Strike"],"picked":"Armaments","floor":11.0},{"not_picked":["Thunderclap","Havoc"],"picked":"Inflame","floor":12.0},{"not_picked":["Pommel Strike","True Grit"],"picked":"Thunderclap","floor":14.0},{"not_picked":["Barricade","Dark Embrace"],"picked":"Immolate","floor":16.0},{"not_picked":["Rampage","Clash"],"picked":"Seeing Red","floor":18.0},{"not_picked":["Pommel Strike+1","Warcry"],"picked":"Dropkick+1","floor":19.0},{"not_picked":["Pommel Strike","Burning Pact","Havoc+1"],"picked":"SKIP","floor":21.0},{"not_picked":["Fire Breathing","Blood for Blood+1"],"picked":"Inflame+1","floor":23.0},{"not_picked":["Anger","Armaments"],"picked":"Shrug It Off+1","floor":25.0},{"not_picked":["Wild Strike","True Grit","Thunderclap"],"picked":"SKIP","floor":29.0},{"not_picked":["Shockwave","Warcry","Pommel Strike"],"picked":"SKIP","floor":31.0},{"not_picked":["Reaper","Exhume"],"picked":"Feed","floor":33.0},{"not_picked":["Clash","Feel No Pain+1"],"picked":"Carnage+1","floor":35.0},{"not_picked":["Shrug It Off+1","Battle Trance"],"picked":"Body Slam+1","floor":36.0},{"not_picked":["Rupture","Dual Wield"],"picked":"Combust","floor":38.0},{"not_picked":["Clash","Burning Pact+1","Demon Form"],"picked":"SKIP","floor":41.0},{"not_picked":["Entrench","Searing Blow+1"],"picked":"Impervious","floor":44.0},{"not_picked":["Body Slam+1","Shrug It Off"],"picked":"Shockwave+1","floor":45.0},{"not_picked":["Hemokinesis+1","Burning Pact+1","Carnage"],"picked":"SKIP","floor":46.0},{"not_picked":["Armaments+1","Battle Trance+1"],"picked":"Seeing Red+1","floor":48.0},{"not_picked":["Searing Blow","Wild Strike"],"picked":"Warcry+1","floor":49.0},{"not_picked":["Sever Soul+1","Armaments"],"picked":"Spot Weakness+1","floor":54.0}],"player_experience":131330,"relics_obtained":[{"floor":6.0,"key":"Red Skull"},{"floor":8.0,"key":"StoneCalendar"},{"floor":9.0,"key":"Lantern"},{"floor":10.0,"key":"Oddly Smooth Stone"},{"floor":12.0,"key":"Dream Catcher"},{"floor":14.0,"key":"Meat on the Bone"},{"floor":23.0,"key":"Matryoshka"},{"floor":25.0,"key":"War Paint"},{"floor":26.0,"key":"Vajra"},{"floor":26.0,"key":"Bottled Flame"},{"floor":41.0,"key":"Torii"},{"floor":43.0,"key":"Omamori"},{"floor":44.0,"key":"Pear"},{"floor":48.0,"key":"Ornamental Fan"},{"floor":54.0,"key":"Charon\u0027s Ashes"}],"event_choices":[{"damage_healed":0.0,"max_hp_gain":0.0,"max_hp_loss":0.0,"gold_gain":0.0,"cards_transformed":["Strike_R"],"event_name":"Living Wall","player_choice":"Change","floor":3.0,"gold_loss":0.0,"damage_taken":0.0,"cards_obtained":["Demon Form"]},{"damage_healed":0.0,"max_hp_gain":0.0,"max_hp_loss":0.0,"gold_gain":0.0,"event_name":"Addict","player_choice":"Obtained Relic","floor":20.0,"gold_loss":85.0,"damage_taken":0.0,"relics_obtained":["The Courier"]},{"damage_healed":0.0,"max_hp_gain":0.0,"max_hp_loss":0.0,"gold_gain":99.0,"event_name":"Nest","player_choice":"Stole From Cult","floor":22.0,"gold_loss":0.0,"damage_taken":0.0},{"cards_removed":["Strike_R"],"damage_healed":0.0,"max_hp_gain":0.0,"max_hp_loss":0.0,"gold_gain":0.0,"event_name":"Beggar","player_choice":"Gave Gold","floor":28.0,"gold_loss":75.0,"damage_taken":0.0},{"damage_healed":0.0,"max_hp_gain":0.0,"max_hp_loss":0.0,"gold_gain":0.0,"event_name":"Designer","player_choice":"Upgraded Two","floor":37.0,"gold_loss":40.0,"damage_taken":0.0,"cards_upgraded":["Inflame","Defend_R"]}],"is_beta":false,"boss_relics":[{"not_picked":["Tiny House","Black Star"],"picked":"Runic Pyramid"},{"not_picked":["Fusion Hammer","Lizard Tail"],"picked":"Velvet Choker"}],"items_purged_floors":[4,13,27],"is_endless":false,"potions_floor_spawned":[1,6,11,12,21,25,35,41,45,46,54],"killed_by":"The Heart","ascension_level":2}