{"gold_per_floor":[112,112,125,49,3,3,34,34,84,84,33,64,64,91,91,188,188,202,301,29,29,29,29,54,54,54,54,79,79,79,95,95,190,190,201,216,216,72,72,102,0,0,79,89,89,89,189,204,204,204,204,204,133,160,160],"floor_reached":55,"playtime":4382,"items_purged":[],"score":802,"play_id":"06945a05-d6bb-4d9f-9b8d-d34a96a29982","local_time":"20190713133430","is_ascension_mode":true,"campfire_choices":[{"data":"Go for the Eyes","floor":6.0,"key":"SMITH"},{"data":"Rainbow","floor":8.0,"key":"SMITH"},{"floor":10.0,"key":"REST"},{"floor":13.0,"key":"REST"},{"data":"Go for the Eyes","floor":15.0,"key":"SMITH"},{"data":"Glacier","floor":23.0,"key":"SMITH"},{"data":"Scrape","floor":25.0,"key":"SMITH"},{"floor":27.0,"key":"REST"},{"floor":32.0,"key":"REST"},{"floor":46,"key":"RECALL"},{"data":"Stack","floor":49,"key":"SMITH"},{"data":"Glacier","floor":52,"key":"SMITH"}],"neow_cost":"NONE","seed_source_timestamp":265973056786988,"circlet_count":0,"master_deck":["Defend_B","Defend_B","Zap","Dualcast","Rainbow+1","Go for the Eyes+1","FTL","Compile Driver","Streamline","Go for the Eyes+1","Ball Lightning","All For One","Stack+1","Glacier+1","Dark Shackles","Streamline","Machine Learning","Scrape+1","Bite","Bite","Bite","Bite","Bite","Conserve Battery","Creative AI","Multi-Cast+1","Chill+1","Leap+1","Leap+1","Zap","Cold Snap","Sunder","Master of Strategy","Glacier+1","BootSequence","Cold Snap+1","Glacier+1","Defragment","Thunder Strike"],"special_seed":0,"relics":["Cracked Core","FossilizedHelix","Juzu Bracelet","Velvet Choker","Pantograph","Thread and Needle","Mummified Hand","Oddly Smooth Stone","Enchiridion","Astrolabe","Orichalcum","Mango","Red Mask","Cables","StoneCalendar","Bottled Tornado"],"potions_floor_usage":[54,55,55],"damage_taken":[{"damage":5.0,"enemies":"2 Louse","floor":1.0,"turns":3.0},{"damage":6.0,"enemies":"Jaw Worm","floor":3.0,"turns":3.0},{"damage":11.0,"enemies":"Lagavulin","floor":7.0,"turns":5.0},{"damage":30.0,"enemies":"Gremlin Nob","floor":12.0,"turns":4.0},{"damage":6.0,"enemies":"Lagavulin","floor":14.0,"turns":6.0},{"damage":17.0,"enemies":"The Guardian","floor":16.0,"turns":10.0},{"damage":6.0,"enemies":"Shell Parasite","floor":18.0,"turns":4.0},{"damage":19.0,"enemies":"Slavers","floor":24.0,"turns":5.0},{"damage":25.0,"enemies":"Gremlin Leader","floor":28.0,"turns":8.0},{"damage":0.0,"enemies":"2 Thieves","floor":31.0,"turns":5.0},{"damage":30.0,"enemies":"Automaton","floor":33.0,"turns":10.0},{"damage":20.0,"enemies":"3 Darklings","floor":35.0,"turns":4.0},{"damage":0,"enemies":"Orb Walker","floor":36,"turns":4},{"damage":0,"enemies":"Nemesis","floor":40,"turns":5},{"damage":0,"enemies":"Jaw Worm Horde","floor":44,"turns":6},{"damage":0,"enemies":"Mind Bloom Boss Battle","floor":47,"turns":5},{"damage":0,"enemies":"3 Darklings","floor":48,"turns":6},{"damage":17,"enemies":"Time Eater","floor":50,"turns":17},{"damage":9,"enemies":"Shield and Spear","floor":54,"turns":8},{"damage":104,"enemies":"The Heart","floor":55,"turns":6}],"seed_played":"-3512187310895445514","potions_obtained":[{"floor":1.0,"key":"Weak Potion"},{"floor":7.0,"key":"Ancient Potion"},{"floor":14.0,"key":"FocusPotion"},{"floor":18.0,"key":"EssenceOfSteel"},{"floor":24.0,"key":"SkillPotion"},{"floor":31.0,"key":"SneckoOil"},{"floor":36,"key":"AttackPotion"},{"floor":40,"key":"Explosive Potion"},{"floor":47,"key":"Strength Potion"},{"floor":54,"key":"SmokeBomb"}],"is_trial":false,"path_per_floor":["M","?","M","$","?","R","E","R","T","R","$","E","R","E","R","B",null,"M","?","$","?","?","R","E","R","T","R","E","?","?","M","R","B",null,"M","M","?","$","?","E","?","$","T","M","?","R","?","M","R","B",null,"R","$","E","B"],"character_chosen":"DEFECT","items_purchased":["FTL","Streamline","Pantograph","Go for the Eyes","Orichalcum","Defragment"],"campfire_rested":4,"item_purchase_floors":[4,11,20,20,38,53],"current_hp_per_floor":[70,70,64,64,64,64,53,53,53,75,75,45,67,61,61,46,75,69,69,69,69,69,69,52,52,52,74,50,34,34,46,68,49,75,55,63,63,63,63,87,87,87,87,89,89,89,89,89,89,76,89,89,89,86,0],"gold":160,"neow_bonus":"ONE_RANDOM_RARE_CARD","is_prod":false,"is_daily":false,"chose_seed":false,"campfire_upgraded":7,"win_rate":0,"timestamp":1563039270,"path_taken":["M","?","M","$","?","R","E","R","T","R","?","E","R","E","R","BOSS","M","?","$","?","?","R","E","R","T","R","E","?","?","M","R","BOSS","M","M","?","$","?","E","?","?","T","M","?","R","?","M","R","BOSS","R","$","E","BOSS"],"build_version":"2019-07-05","purchased_purges":0,"victory":false,"max_hp_per_floor":[75,75,75,75,75,75,75,75,75,75,75,75,75,75,75,75,75,75,75,75,75,75,75,75,75,75,75,75,75,75,75,75,75,75,75,75,75,75,75,89,89,89,89,89,89,89,89,89,89,89,89,89,89,89,89],"card_choices":[{"not_picked":["Sunder","Darkness","Force Field"],"picked":"SKIP","floor":1.0},{"not_picked":["Conserve Battery","Redo"],"picked":"Go for the Eyes","floor":3.0},{"not_picked":["Static Discharge","FTL"],"picked":"Compile Driver","floor":7.0},{"not_picked":["Tempest","Fusion"],"picked":"Go for the Eyes","floor":12.0},{"not_picked":["Barrage","White Noise"],"picked":"Ball Lightning","floor":14.0},{"not_picked":["Meteor Strike","Buffer"],"picked":"All For One","floor":16.0},{"not_picked":["Static Discharge","Go for the Eyes"],"picked":"Stack","floor":18.0},{"not_picked":["Steam","Reprogram+1"],"picked":"Scrape","floor":24.0},{"not_picked":["Gash","Darkness","Storm"],"picked":"SKIP","floor":28.0},{"not_picked":["Steam Power","BootSequence"],"picked":"Conserve Battery","floor":31.0},{"not_picked":["Rainbow","Biased Cognition"],"picked":"Creative AI","floor":33.0},{"not_picked":["Lockon+1","Gash"],"picked":"Leap+1","floor":35.0},{"not_picked":["Aggregate+1","Barrage+1"],"picked":"Leap+1","floor":36},{"not_picked":["Panacea","Flash of Steel"],"picked":"Master of Strategy","floor":39},{"not_picked":["Machine Learning","Tempest"],"picked":"Glacier","floor":40},{"not_picked":["Barrage","Darkness"],"picked":"BootSequence","floor":44},{"not_picked":["Sweeping Beam+1","Gash"],"picked":"Cold Snap+1","floor":47},{"not_picked":["Genetic Algorithm+1","Self Repair+1"],"picked":"Glacier+1","floor":48},{"not_picked":["Turbo+1","Rip and Tear+1"],"picked":"Thunder Strike","floor":54}],"player_experience":119280,"relics_obtained":[{"floor":7.0,"key":"FossilizedHelix"},{"floor":12.0,"key":"Juzu Bracelet"},{"floor":14.0,"key":"Blood Vial"},{"floor":24.0,"key":"Thread and Needle"},{"floor":26.0,"key":"Mummified Hand"},{"floor":28.0,"key":"Oddly Smooth Stone"},{"floor":29.0,"key":"Enchiridion"},{"floor":40,"key":"Mango"},{"floor":43,"key":"Cables"},{"floor":47,"key":"StoneCalendar"},{"floor":54,"key":"Bottled Tornado"}],"event_choices":[{"damage_healed":0.0,"max_hp_gain":0.0,"max_hp_loss":0.0,"gold_gain":0.0,"event_name":"Golden Wing","player_choice":"Ignored","floor":2.0,"gold_loss":0.0,"damage_taken":0.0},{"damage_healed":0.0,"max_hp_gain":0.0,"max_hp_loss":0.0,"gold_gain":0.0,"event_name":"World of Goop","player_choice":"Left Gold","floor":5.0,"gold_loss":46.0,"damage_taken":0.0},{"damage_healed":0.0,"max_hp_gain":0.0,"max_hp_loss":0.0,"gold_gain":99.0,"event_name":"Nest","player_choice":"Stole From Cult","floor":19.0,"gold_loss":0.0,"damage_taken":0.0},{"damage_healed":0.0,"max_hp_gain":0.0,"max_hp_loss":0.0,"gold_gain":0.0,"event_name":"The Library","player_choice":"Read","floor":21.0,"gold_loss":0.0,"damage_taken":0.0,"cards_obtained":["Glacier"]},{"damage_healed":0.0,"max_hp_gain":0.0,"max_hp_loss":0.0,"gold_gain":0.0,"event_name":"Match and Keep!","player_choice":"3 cards matched","floor":22.0,"gold_loss":0.0,"damage_taken":0.0,"cards_obtained":["Dark Shackles","Streamline","Machine Learning"]},{"damage_healed":0.0,"max_hp_gain":0.0,"max_hp_loss":0.0,"gold_gain":0.0,"event_name":"Cursed Tome","player_choice":"Obtained Book","floor":29.0,"gold_loss":0.0,"damage_taken":16.0},{"damage_healed":0.0,"max_hp_gain":0.0,"max_hp_loss":0.0,"gold_gain":0.0,"event_name":"Vampires","player_choice":"Became a vampire (Vial)","floor":30.0,"relics_lost":["Blood Vial"],"gold_loss":0.0,"damage_taken":0.0,"cards_obtained":["Bite","Bite","Bite","Bite","Bite"]},{"damage_healed":0,"gold_gain":0,"player_choice":"3 cards matched","damage_taken":0,"max_hp_gain":0,"max_hp_loss":0,"event_name":"Match and Keep!","floor":37,"gold_loss":0,"cards_obtained":["Zap","Cold Snap","Sunder"]},{"damage_healed":0,"gold_gain":0,"player_choice":"Memory 1","damage_taken":0,"max_hp_gain":0,"max_hp_loss":0,"event_name":"SensoryStone","floor":39,"gold_loss":0},{"damage_healed":0,"gold_gain":0,"player_choice":"Paid","damage_taken":0,"relics_obtained":["Red Mask"],"max_hp_gain":0,"max_hp_loss":0,"event_name":"Tomb of Lord Red Mask","floor":41,"gold_loss":102},{"cards_removed":["Steam"],"damage_healed":0,"gold_gain":0,"player_choice":"Card Removal","damage_taken":0,"max_hp_gain":0,"max_hp_loss":0,"event_name":"Wheel of Change","floor":45,"gold_loss":0},{"damage_healed":0,"gold_gain":0,"player_choice":"Fight","damage_taken":0,"max_hp_gain":0,"max_hp_loss":0,"event_name":"MindBloom","floor":47,"gold_loss":0}],"is_beta":false,"boss_relics":[{"not_picked":["Coffee Dripper","Runic Dome"],"picked":"Velvet Choker"},{"not_picked":["Empty Cage","Fusion Hammer"],"picked":"Astrolabe"}],"items_purged_floors":[],"is_endless":false,"potions_floor_spawned":[1,7,14,18,24,31,36,40,47,54],"killed_by":"The Heart","ascension_level":1}