{"gold_per_floor":[109,109,121,121,121,149,149,5,5,19,35,35,53,72,72,168,168,182,182,182,59,76,76,93,93,93,118,134,134,149,159,159,261,261,276,20,32,47,12,12,38,38,38,38,67,81,110,127,127,127],"floor_reached":51,"playtime":4214,"items_purged":["Strike_G"],"score":844,"play_id":"c6cb1e33-56fa-452c-b67b-7a822f119463","local_time":"20190715204916","is_ascension_mode":true,"campfire_choices":[{"floor":7.0,"key":"REST"},{"floor":12.0,"key":"REST"},{"data":"Leg Sweep","floor":15.0,"key":"SMITH"},{"data":"Backstab","floor":23.0,"key":"SMITH"},{"data":"Cloak And Dagger","floor":25.0,"key":"SMITH"},{"floor":32.0,"key":"REST"},{"data":"Blade Dance","floor":40.0,"key":"SMITH"},{"floor":42.0,"key":"REST"},{"floor":49,"key":"REST"}],"neow_cost":"NONE","seed_source_timestamp":464842327579210,"circlet_count":0,"master_deck":["Strike_G+1","Strike_G","Strike_G+1","Strike_G","Defend_G","Defend_G+1","Defend_G+1","Defend_G","Defend_G","Survivor","Neutralize+1","Skewer+1","Cloak And Dagger+1","Leg Sweep+1","Quick Slash","Deadly Poison","Dagger Spray+1","Wraith Form v2+1","Backstab+1","Blade Dance+1","Deadly Poison","Dagger Throw","Blur+1","Dagger Spray","Distraction+1","Corpse Explosion","Well Laid Plans+1","Footwork+1","Backflip+1","Footwork+1","Leg Sweep","Burst"],"special_seed":0,"relics":["Ring of the Snake","Mercury Hourglass","Bottled Flame","Vajra","Frozen Egg 2","Black Star","Whetstone","Blood Vial","Cursed Key","Singing Bowl","Darkstone Periapt","Bag of Preparation","Ginger","Sundial","Tingsha","The Specimen","Art of War"],"potions_floor_usage":[46,47,50],"damage_taken":[{"damage":0.0,"enemies":"Small Slimes","floor":1.0,"turns":4.0},{"damage":0.0,"enemies":"2 Louse","floor":3.0,"turns":3.0},{"damage":21.0,"enemies":"Gremlin Nob","floor":6.0,"turns":4.0},{"damage":0.0,"enemies":"Cultist","floor":10.0,"turns":3.0},{"damage":0.0,"enemies":"Large Slime","floor":11.0,"turns":4.0},{"damage":8.0,"enemies":"Lots of Slimes","floor":13.0,"turns":2.0},{"damage":0.0,"enemies":"Blue Slaver","floor":14.0,"turns":3.0},{"damage":30.0,"enemies":"Hexaghost","floor":16.0,"turns":11.0},{"damage":0.0,"enemies":"Spheric Guardian","floor":18.0,"turns":3.0},{"damage":1.0,"enemies":"Shell Parasite","floor":22.0,"turns":7.0},{"damage":13.0,"enemies":"Snecko","floor":24.0,"turns":4.0},{"damage":17.0,"enemies":"Slavers","floor":27.0,"turns":8.0},{"damage":11.0,"enemies":"Snake Plant","floor":28.0,"turns":4.0},{"damage":0.0,"enemies":"Centurion and Healer","floor":30.0,"turns":4.0},{"damage":1.0,"enemies":"Chosen and Byrds","floor":31.0,"turns":7.0},{"damage":40.0,"enemies":"Collector","floor":33.0,"turns":12.0},{"damage":0.0,"enemies":"Orb Walker","floor":35.0,"turns":4.0},{"damage":4.0,"enemies":"3 Shapes","floor":37.0,"turns":3.0},{"damage":16.0,"enemies":"Jaw Worm Horde","floor":38.0,"turns":3.0},{"damage":21.0,"enemies":"Reptomancer","floor":41.0,"turns":8.0},{"damage":0,"enemies":"Nemesis","floor":45,"turns":8},{"damage":15,"enemies":"Sphere and 2 Shapes","floor":46,"turns":5},{"damage":42,"enemies":"Giant Head","floor":47,"turns":10},{"damage":0,"enemies":"3 Darklings","floor":48,"turns":2},{"damage":29,"enemies":"Time Eater","floor":50,"turns":19}],"seed_played":"1165287405126038502","potions_obtained":[{"floor":3.0,"key":"Dexterity Potion"},{"floor":6.0,"key":"Block Potion"},{"floor":13.0,"key":"SpeedPotion"},{"floor":14.0,"key":"Strength Potion"},{"floor":16.0,"key":"Fire Potion"},{"floor":24.0,"key":"AttackPotion"},{"floor":28.0,"key":"EssenceOfSteel"},{"floor":31.0,"key":"PowerPotion"},{"floor":38.0,"key":"Explosive Potion"},{"floor":41.0,"key":"Strength Potion"},{"floor":45,"key":"Swift Potion"},{"floor":47,"key":"Weak Potion"},{"floor":48,"key":"SpeedPotion"}],"is_trial":false,"path_per_floor":["M","?","M","?","?","E","R","$","T","M","M","R","M","M","R","B",null,"M","?","?","$","M","R","M","R","T","E","M","?","M","M","R","B",null,"M","$","M","M","$","R","E","R","T","?","E","M","E","M","R","B",null],"character_chosen":"THE_SILENT","items_purchased":["Vajra","Fire Potion","Singing Bowl","Footwork+1"],"campfire_rested":5,"item_purchase_floors":[8,21,36,39],"current_hp_per_floor":[70,56,56,31,31,10,31,31,31,31,31,52,44,44,44,14,70,70,70,70,70,69,69,56,56,56,39,30,30,32,33,54,16,70,70,70,66,52,52,52,35,56,62,62,64,53,13,17,41,14],"gold":127,"neow_bonus":"UPGRADE_CARD","is_prod":false,"is_daily":false,"chose_seed":false,"campfire_upgraded":4,"win_rate":0,"timestamp":1563238156,"path_taken":["M","?","M","?","?","E","R","$","T","M","?","R","M","M","R","BOSS","M","?","?","$","?","R","M","R","T","E","M","?","?","M","R","BOSS","M","?","M","?","$","R","E","R","T","?","E","?","E","?","R","BOSS"],"build_version":"2019-07-05","purchased_purges":1,"victory":true,"max_hp_per_floor":[70,70,70,70,70,70,70,70,70,70,70,70,70,70,70,70,70,70,70,70,70,70,70,70,70,70,70,70,70,70,70,70,70,70,70,70,70,70,70,70,72,72,78,78,78,80,80,82,82,82],"card_choices":[{"not_picked":["Blade Dance","Outmaneuver"],"picked":"Skewer","floor":1.0},{"not_picked":["PiercingWail","Sucker Punch"],"picked":"Cloak And Dagger","floor":3.0},{"not_picked":["Dagger Throw","Dagger Spray"],"picked":"Leg Sweep","floor":6.0},{"not_picked":["Heel Hook","Acrobatics"],"picked":"Quick Slash","floor":10.0},{"not_picked":["Riddle With Holes","Flying Knee","Concentrate"],"picked":"SKIP","floor":11.0},{"not_picked":["Unload","Flying Knee"],"picked":"Deadly Poison","floor":13.0},{"not_picked":["Acrobatics","PiercingWail"],"picked":"Dagger Spray","floor":14.0},{"not_picked":["Tools of the Trade+1","Corpse Explosion"],"picked":"Wraith Form v2+1","floor":16.0},{"not_picked":["Dagger Spray","Prepared"],"picked":"Backstab","floor":18.0},{"not_picked":["Prepared","Bane"],"picked":"Blade Dance","floor":22.0},{"not_picked":["Quick Slash","Bane+1"],"picked":"Deadly Poison","floor":24.0},{"not_picked":["Choke","Blade Dance"],"picked":"Dagger Throw","floor":27.0},{"not_picked":["Prepared","Acrobatics"],"picked":"Blur+1","floor":28.0},{"not_picked":["Terror","Dagger Throw"],"picked":"Dagger Spray","floor":30.0},{"not_picked":["Unload","Slice+1"],"picked":"Distraction+1","floor":31.0},{"not_picked":["Unload","Envenom+1"],"picked":"Corpse Explosion","floor":33.0},{"not_picked":["Acrobatics+1","Footwork+1"],"picked":"Well Laid Plans+1","floor":35.0},{"not_picked":["Deadly Poison+1","Tactician+1"],"picked":"Footwork+1","floor":37.0},{"not_picked":["Quick Slash","Flechettes"],"picked":"Backflip+1","floor":38.0},{"not_picked":["Skewer+1","Slice","Heel Hook"],"picked":"Singing Bowl","floor":41.0},{"not_picked":["Underhanded Strike","Quick Slash"],"picked":"Leg Sweep","floor":45},{"not_picked":["Dagger Spray","Slice+1","Crippling Poison+1"],"picked":"Singing Bowl","floor":46},{"not_picked":["Acrobatics","PiercingWail+1"],"picked":"Burst","floor":47},{"not_picked":["Deadly Poison+1","Backstab","Deflect"],"picked":"Singing Bowl","floor":48}],"player_experience":168521,"relics_obtained":[{"floor":6.0,"key":"Bottled Flame"},{"floor":9.0,"key":"Frozen Egg 2"},{"floor":27.0,"key":"Whetstone"},{"floor":27.0,"key":"Blood Vial"},{"floor":41.0,"key":"Darkstone Periapt"},{"floor":41.0,"key":"Bag of Preparation"},{"floor":43.0,"key":"Ginger"},{"floor":45,"key":"Sundial"},{"floor":45,"key":"Tingsha"},{"floor":47,"key":"The Specimen"},{"floor":47,"key":"Art of War"}],"event_choices":[{"damage_healed":0.0,"max_hp_gain":0.0,"max_hp_loss":0.0,"gold_gain":0.0,"event_name":"Shining Light","player_choice":"Entered Light","floor":2.0,"gold_loss":0.0,"damage_taken":14.0,"cards_upgraded":["Defend_G","Defend_G"]},{"damage_healed":0.0,"max_hp_gain":0.0,"max_hp_loss":0.0,"gold_gain":0.0,"event_name":"Scrap Ooze","player_choice":"Success","floor":4.0,"gold_loss":0.0,"damage_taken":25.0,"relics_obtained":["Mercury Hourglass"]},{"damage_healed":0.0,"max_hp_gain":0.0,"max_hp_loss":0.0,"gold_gain":0.0,"event_name":"Accursed Blacksmith","player_choice":"Forge","floor":5.0,"gold_loss":0.0,"damage_taken":0.0,"cards_upgraded":["Skewer"]},{"damage_healed":0.0,"max_hp_gain":0.0,"max_hp_loss":0.0,"gold_gain":0.0,"event_name":"Ghosts","player_choice":"Ignored","floor":19.0,"gold_loss":0.0,"damage_taken":0.0},{"damage_healed":0.0,"max_hp_gain":0.0,"max_hp_loss":0.0,"gold_gain":0.0,"event_name":"Upgrade Shrine","player_choice":"Upgraded","floor":20.0,"gold_loss":0.0,"damage_taken":0.0,"cards_upgraded":["Dagger Spray"]},{"damage_healed":0.0,"max_hp_gain":0.0,"max_hp_loss":0.0,"gold_gain":0.0,"event_name":"FaceTrader","player_choice":"Leave","floor":29.0,"gold_loss":0.0,"damage_taken":0.0},{"cards_removed":["Regret"],"damage_healed":0.0,"max_hp_gain":0.0,"max_hp_loss":0.0,"gold_gain":0.0,"event_name":"Purifier","player_choice":"Purged","floor":44.0,"gold_loss":0.0,"damage_taken":0.0}],"is_beta":false,"boss_relics":[{"not_picked":["Pandora\u0027s Box","Ring of the Serpent"],"picked":"Black Star"},{"not_picked":["Snecko Eye","Eternal Feather"],"picked":"Cursed Key"}],"items_purged_floors":[21],"is_endless":false,"potions_floor_spawned":[3,6,13,14,16,24,28,31,38,41,45,47,48],"ascension_level":3}