{"gold_per_floor":[110,285,385,142,157,157,188,207,234,247,322,322,62,62,62,157,157,169,169],"floor_reached":19,"playtime":709,"items_purged":["Doubt"],"score":165,"play_id":"521b5ef9-0515-4a77-b93a-4fe9a407c1e1","local_time":"20181104121011","is_ascension_mode":false,"campfire_choices":[{"floor":6,"key":"RECALL"},{"data":"Noxious Fumes","floor":12,"key":"SMITH"},{"floor":15,"key":"REST"}],"neow_cost":"NONE","seed_source_timestamp":83537151372286,"circlet_count":0,"master_deck":["Defend_G","Defend_G","Defend_G","Defend_G","Defend_G","Strike_G","Strike_G","Strike_G","Strike_G","Survivor","Neutralize","Noxious Fumes+1","Cloak And Dagger","Purity","Noxious Fumes","Underhanded Strike","Prepared","Tools of the Trade"],"relics":["Runic Pyramid","Omamori","Mummified Hand","HoveringKite"],"potions_floor_usage":[16,18,19],"damage_taken":[{"damage":1,"enemies":"Small Slimes","floor":1,"turns":3},{"damage":0,"enemies":"2 Louse","floor":5,"turns":3},{"damage":21,"enemies":"3 Sentries","floor":7,"turns":7},{"damage":4,"enemies":"Cultist","floor":8,"turns":5},{"damage":7,"enemies":"Blue Slaver","floor":10,"turns":5},{"damage":18,"enemies":"Hexaghost","floor":16,"turns":11},{"damage":36,"enemies":"Spheric Guardian","floor":18,"turns":7},{"damage":20,"enemies":"Shell Parasite","floor":19,"turns":6}],"seed_played":"1850839825664419261","potions_obtained":[{"floor":5,"key":"EssenceOfSteel"},{"floor":7,"key":"EssenceOfSteel"},{"floor":8,"key":"SkillPotion"},{"floor":18,"key":"SkillPotion"}],"is_trial":false,"path_per_floor":["M","?","?","$","M","R","E","M","T","M","?","R","$","?","R","B",null,"M","M"],"character_chosen":"THE_SILENT","items_purchased":["Noxious Fumes","Cloak And Dagger","Purity","Mummified Hand"],"campfire_rested":1,"item_purchase_floors":[4,4,4,13],"current_hp_per_floor":[69,69,69,69,69,69,48,44,44,37,26,26,26,26,47,29,70,34,14],"gold":169,"neow_bonus":"BOSS_RELIC","is_prod":false,"is_daily":false,"chose_seed":false,"campfire_upgraded":1,"win_rate":0,"timestamp":1541293811,"path_taken":["M","?","?","$","M","R","E","M","T","?","?","R","$","?","R","BOSS","M","?"],"build_version":"2018-11-02","purchased_purges":1,"victory":false,"max_hp_per_floor":[70,70,70,70,70,70,70,70,70,70,70,70,70,70,70,70,70,70,70],"card_choices":[{"not_picked":["Deflect","Deadly Poison","Escape Plan"],"picked":"SKIP","floor":1},{"not_picked":["Deflect","Deadly Poison","Escape Plan"],"picked":"SKIP","floor":1},{"not_picked":["Poisoned Stab","Flechettes"],"picked":"Noxious Fumes","floor":5},{"not_picked":["Heel Hook","Deadly Poison","Reflex"],"picked":"SKIP","floor":7},{"not_picked":["Blade Dance","Acrobatics"],"picked":"Underhanded Strike","floor":8},{"not_picked":["Glass Knife","Backflip"],"picked":"Prepared","floor":10},{"not_picked":["Unload","Doppelganger"],"picked":"Tools of the Trade","floor":16},{"not_picked":["Sucker Punch","Prepared+1","Heel Hook"],"picked":"SKIP","floor":18}],"player_experience":414071,"relics_obtained":[{"floor":7,"key":"Omamori"}],"event_choices":[{"damage_healed":0,"gold_gain":175,"player_choice":"AGREE","damage_taken":0,"max_hp_gain":0,"max_hp_loss":0,"event_name":"Liars Game","floor":2,"gold_loss":0,"cards_obtained":["Doubt"]},{"damage_healed":0,"gold_gain":100,"player_choice":"Pray","damage_taken":0,"max_hp_gain":0,"max_hp_loss":0,"event_name":"Golden Shrine","floor":3,"gold_loss":0},{"damage_healed":0,"gold_gain":75,"player_choice":"Gather Gold","damage_taken":11,"max_hp_gain":0,"max_hp_loss":0,"event_name":"World of Goop","floor":11,"gold_loss":0},{"cards_removed":["Strike_G"],"damage_healed":0,"gold_gain":0,"player_choice":"Offered Basic","damage_taken":0,"max_hp_gain":0,"max_hp_loss":0,"event_name":"Bonfire Elementals","floor":14,"gold_loss":0}],"is_beta":true,"boss_relics":[{"not_picked":["WristBlade","Fusion Hammer"],"picked":"HoveringKite"}],"items_purged_floors":[4],"is_endless":false,"potions_floor_spawned":[5,7,8,18],"killed_by":"Shell Parasite","ascension_level":0}