{"gold_per_floor":[218,228,228,228,228,228,24,51,76,102,102,112,139,151,151,228,228,241,259,37,57,72,72,72,98,398,80,93,104,104,118,118,118],"floor_reached":33,"playtime":2144,"items_purged":["Strike_B"],"score":474,"play_id":"c11d2a72-b0e4-4784-b5d2-81d9176492bb","local_time":"20190715150013","is_ascension_mode":true,"campfire_choices":[{"data":"Strike_B","floor":6.0,"key":"SMITH"},{"data":"Redo","floor":15.0,"key":"SMITH"},{"floor":23.0,"key":"REST"},{"floor":32,"key":"REST"}],"neow_cost":"NONE","seed_source_timestamp":271459912137123,"circlet_count":0,"master_deck":["AscendersBane","Strike_B+1","Strike_B+1","Defend_B","Defend_B+1","Defend_B","Defend_B","Zap+1","Dualcast","Conserve Battery","Glacier","Streamline","Darkness","Redo+1","Ball Lightning","Buffer","Redo","Hologram","Steam","Hologram+1","Reinforced Body","Fission","Defragment","Blind","Leap+1","Redo","Go for the Eyes+1"],"special_seed":0,"relics":["Cracked Core","Regal Pillow","Ornamental Fan","Dream Catcher","StoneCalendar","Boot","Sozu","DataDisk","Old Coin","Strawberry"],"potions_floor_usage":[],"damage_taken":[{"damage":0.0,"enemies":"Cultist","floor":1.0,"turns":4.0},{"damage":1.0,"enemies":"Small Slimes","floor":2.0,"turns":4.0},{"damage":19.0,"enemies":"Gremlin Nob","floor":8.0,"turns":4.0},{"damage":14.0,"enemies":"Lagavulin","floor":10.0,"turns":6.0},{"damage":0.0,"enemies":"Jaw Worm","floor":12.0,"turns":4.0},{"damage":17.0,"enemies":"Gremlin Nob","floor":13.0,"turns":4.0},{"damage":0.0,"enemies":"Looter","floor":14.0,"turns":4.0},{"damage":21.0,"enemies":"The Guardian","floor":16.0,"turns":12.0},{"damage":9.0,"enemies":"Chosen","floor":18.0,"turns":5.0},{"damage":15.0,"enemies":"2 Thieves","floor":19.0,"turns":4.0},{"damage":14.0,"enemies":"3 Cultists","floor":21.0,"turns":6.0},{"damage":1.0,"enemies":"Cultist and Chosen","floor":22.0,"turns":7.0},{"damage":41.0,"enemies":"Slavers","floor":25.0,"turns":7.0},{"damage":4,"enemies":"Snake Plant","floor":28,"turns":5},{"damage":0,"enemies":"Centurion and Healer","floor":29,"turns":7},{"damage":18,"enemies":"Colosseum Slavers","floor":30,"turns":7},{"damage":3,"enemies":"Snecko","floor":31,"turns":7},{"damage":44,"enemies":"Automaton","floor":33,"turns":10}],"seed_played":"-2338432457082298021","potions_obtained":[{"floor":2.0,"key":"Fire Potion"},{"floor":8.0,"key":"EssenceOfSteel"},{"floor":12.0,"key":"Poison Potion"},{"floor":16.0,"key":"Poison Potion"}],"is_trial":false,"path_per_floor":["M","M","?","?","$","R","$","E","T","E","?","M","E","M","R","B",null,"M","M","$","M","M","R","?","E","T","$","M","M","?","M","R","B"],"character_chosen":"DEFECT","items_purchased":["Regal Pillow","Streamline","DataDisk","Defragment","Blind","Strawberry"],"campfire_rested":2,"item_purchase_floors":[7,7,20,27,27,27],"current_hp_per_floor":[68,67,67,52,52,52,52,33,33,19,75,75,58,58,58,37,66,57,42,42,28,27,64,64,23,23,30,26,26,8,5,44,0],"gold":118,"neow_bonus":"HUNDRED_GOLD","is_prod":false,"is_daily":false,"chose_seed":false,"campfire_upgraded":2,"win_rate":0,"timestamp":1563166813,"path_taken":["M","M","?","?","$","R","$","E","T","E","?","M","E","M","R","BOSS","M","M","$","?","M","R","?","E","T","$","M","M","?","M","R","BOSS"],"build_version":"2019-07-05","purchased_purges":1,"victory":false,"max_hp_per_floor":[75,75,75,75,75,75,75,75,75,75,75,75,75,75,75,75,75,75,75,75,75,75,75,75,75,75,82,82,82,82,82,82,82],"card_choices":[{"not_picked":["Undo","Genetic Algorithm"],"picked":"Conserve Battery","floor":1.0},{"not_picked":["Go for the Eyes","Storm"],"picked":"Glacier","floor":2.0},{"not_picked":["Turbo","Loop"],"picked":"Darkness","floor":8.0},{"not_picked":["Reprogram","Double Energy","Darkness"],"picked":"SKIP","floor":10.0},{"not_picked":["Go for the Eyes","Streamline"],"picked":"Redo","floor":12.0},{"not_picked":["Turbo","Darkness","Go for the Eyes"],"picked":"SKIP","floor":13.0},{"not_picked":["Turbo","Reprogram"],"picked":"Ball Lightning","floor":14.0},{"not_picked":["Rainbow","Amplify"],"picked":"Buffer","floor":16.0},{"not_picked":["Turbo+1","Beam Cell"],"picked":"Redo","floor":18.0},{"not_picked":["Coolheaded","Blizzard+1"],"picked":"Hologram","floor":19.0},{"not_picked":["Stack","Cold Snap"],"picked":"Steam","floor":21.0},{"not_picked":["Coolheaded","Auto Shields"],"picked":"Hologram+1","floor":22.0},{"not_picked":["Stack","Hello World"],"picked":"Reinforced Body","floor":23.0},{"not_picked":["Streamline","Sweeping Beam"],"picked":"Fission","floor":25},{"not_picked":["Chill+1","Ball Lightning"],"picked":"Leap+1","floor":28},{"not_picked":["Barrage","Conserve Battery"],"picked":"Redo","floor":29},{"not_picked":["Double Energy","Fusion","Reinforced Body+1"],"picked":"SKIP","floor":31},{"not_picked":["Rebound","Fusion"],"picked":"Go for the Eyes+1","floor":32}],"player_experience":625862,"relics_obtained":[{"floor":8.0,"key":"Ornamental Fan"},{"floor":9.0,"key":"Dream Catcher"},{"floor":10.0,"key":"StoneCalendar"},{"floor":13.0,"key":"Boot"},{"floor":26,"key":"Old Coin"}],"event_choices":[{"damage_healed":0.0,"max_hp_gain":0.0,"max_hp_loss":0.0,"gold_gain":0.0,"event_name":"Living Wall","player_choice":"Grow","floor":3.0,"gold_loss":0.0,"damage_taken":0.0,"cards_upgraded":["Zap"]},{"damage_healed":0.0,"max_hp_gain":0.0,"max_hp_loss":0.0,"gold_gain":0.0,"event_name":"Shining Light","player_choice":"Entered Light","floor":4.0,"gold_loss":0.0,"damage_taken":15.0,"cards_upgraded":["Defend_B","Strike_B"]},{"damage_healed":56.0,"max_hp_gain":0.0,"max_hp_loss":0.0,"gold_gain":0.0,"event_name":"Wheel of Change","player_choice":"Full Heal","floor":11.0,"gold_loss":0.0,"damage_taken":0.0},{"cards_removed":["Strike_B"],"damage_healed":0.0,"max_hp_gain":0.0,"max_hp_loss":0.0,"gold_gain":0.0,"event_name":"Back to Basics","player_choice":"Elegance","floor":24.0,"gold_loss":0.0,"damage_taken":0.0},{"damage_healed":0,"gold_gain":0,"player_choice":"Fight","damage_taken":0,"max_hp_gain":0,"max_hp_loss":0,"event_name":"Colosseum","floor":30,"gold_loss":0},{"damage_healed":0,"gold_gain":0,"player_choice":"Fled From Nobs","damage_taken":0,"max_hp_gain":0,"max_hp_loss":0,"event_name":"Colosseum","floor":30,"gold_loss":0}],"is_beta":false,"boss_relics":[{"not_picked":["Velvet Choker","Fusion Hammer"],"picked":"Sozu"}],"items_purged_floors":[20],"is_endless":false,"potions_floor_spawned":[2,8,12,16,21,22,28,29],"killed_by":"Automaton","ascension_level":13}