{"gold_per_floor":[15,15,15,39,39,39,83,83,129,203,203,76,89,112,112,243,243,259,280,205,205,205,205,245,245,245,270,283,283,299,50,50,176,176,199,324,15,15,28,28,52,52,129,152,175,175,194,235,235,235,235,235,10,54,54],"floor_reached":55,"playtime":5668,"items_purged":["Injury","Strike_B"],"score":851,"play_id":"9e046c7d-e8c0-40ef-808a-6bfaa3fd32ba","local_time":"20190721023302","is_ascension_mode":true,"campfire_choices":[{"data":"Defragment","floor":6.0,"key":"SMITH"},{"data":"Zap","floor":8.0,"key":"SMITH"},{"data":"Zap","floor":11.0,"key":"SMITH"},{"floor":15.0,"key":"REST"},{"data":"Static Discharge","floor":23.0,"key":"SMITH"},{"floor":25.0,"key":"REST"},{"floor":32.0,"key":"REST"},{"data":"Streamline","floor":40.0,"key":"SMITH"},{"data":"Buffer","floor":42.0,"key":"SMITH"},{"floor":49.0,"key":"RECALL"},{"data":"Seek","floor":52.0,"key":"SMITH"}],"neow_cost":"NO_GOLD","seed_source_timestamp":6802732846200,"circlet_count":0,"master_deck":["Defend_B","Defend_B","Defend_B","Defend_B","Zap+1","Dualcast","Defragment+1","Capacitor","Zap+1","Redo","Sweeping Beam","Buffer+1","Streamline+1","Conserve Battery","Leap","Multi-Cast","Static Discharge+1","Go for the Eyes","J.A.X.","Ball Lightning","Force Field","Fusion+1","Reboot","Tempest","Seek+1","Streamline+1","Double Energy+1","Self Repair","Stack+1","Skim+1","Streamline+1","Redo+1","Glacier+1","Barrage+1","Static Discharge+1"],"special_seed":0,"relics":["Cracked Core","Golden Idol","FaceOfCleric","Strawberry","Oddly Smooth Stone","Tiny Chest","Nuclear Battery","Mummified Hand","StoneCalendar","Cables","Inserter","Ice Cream","Bottled Tornado","Question Card","Bottled Flame","Frozen Egg 2","Mercury Hourglass"],"potions_floor_usage":[55],"damage_taken":[{"damage":5.0,"enemies":"2 Louse","floor":1.0,"turns":3.0},{"damage":1.0,"enemies":"Cultist","floor":4.0,"turns":3.0},{"damage":35.0,"enemies":"3 Sentries","floor":7.0,"turns":6.0},{"damage":12.0,"enemies":"Gremlin Nob","floor":10.0,"turns":3.0},{"damage":8.0,"enemies":"Small Slimes","floor":13.0,"turns":2.0},{"damage":0.0,"enemies":"Red Slaver","floor":14.0,"turns":3.0},{"damage":38.0,"enemies":"Slime Boss","floor":16.0,"turns":9.0},{"damage":37.0,"enemies":"2 Thieves","floor":18.0,"turns":4.0},{"damage":4.0,"enemies":"Chosen","floor":19.0,"turns":3.0},{"damage":41.0,"enemies":"Gremlin Leader","floor":24.0,"turns":7.0},{"damage":15.0,"enemies":"Centurion and Healer","floor":27.0,"turns":5.0},{"damage":28.0,"enemies":"Snake Plant","floor":28.0,"turns":3.0},{"damage":1.0,"enemies":"Chosen and Byrds","floor":30.0,"turns":6.0},{"damage":22.0,"enemies":"Champ","floor":33.0,"turns":11.0},{"damage":9.0,"enemies":"3 Shapes","floor":35.0,"turns":4.0},{"damage":3.0,"enemies":"Mind Bloom Boss Battle","floor":36.0,"turns":4.0},{"damage":3.0,"enemies":"Orb Walker","floor":39.0,"turns":3.0},{"damage":32.0,"enemies":"Spire Growth","floor":41.0,"turns":4.0},{"damage":6.0,"enemies":"Writhing Mass","floor":44.0,"turns":5.0},{"damage":16.0,"enemies":"Jaw Worm Horde","floor":45.0,"turns":2.0},{"damage":8.0,"enemies":"Transient","floor":47.0,"turns":5.0},{"damage":3.0,"enemies":"Giant Head","floor":48.0,"turns":7.0},{"damage":43.0,"enemies":"Donu and Deca","floor":50.0,"turns":7.0},{"damage":71.0,"enemies":"Shield and Spear","floor":54.0,"turns":5.0},{"damage":44,"enemies":"The Heart","floor":55,"turns":2}],"seed_played":"-9125386612850077345","potions_obtained":[{"floor":1.0,"key":"Swift Potion"},{"floor":7.0,"key":"SkillPotion"},{"floor":14.0,"key":"FairyPotion"},{"floor":16.0,"key":"AttackPotion"},{"floor":18.0,"key":"Ancient Potion"},{"floor":19.0,"key":"Weak Potion"},{"floor":28.0,"key":"AttackPotion"},{"floor":33.0,"key":"Swift Potion"},{"floor":41.0,"key":"Energy Potion"},{"floor":45.0,"key":"LiquidBronze"},{"floor":47.0,"key":"PowerPotion"},{"floor":48.0,"key":"Regen Potion"}],"is_trial":false,"path_per_floor":["M","?","?","M","?","R","E","R","T","E","R","$","M","M","R","B",null,"M","M","?","?","T","R","E","R","T","M","M","?","M","$","R","B",null,"M","?","$","$","M","R","M","R","T","M","M","T","M","E","R","B",null,"R","$","E","B"],"character_chosen":"DEFECT","items_purchased":["Streamline","Cables","Bottled Tornado","Self Repair","FearPotion","Ancient Potion"],"campfire_rested":3,"item_purchase_floors":[12,31,37,37,53,53],"current_hp_per_floor":[70,70,70,69,69,69,42,42,42,31,31,31,24,25,50,13,87,51,48,48,48,48,48,8,35,35,21,4,4,4,4,31,10,94,86,84,84,84,89,89,65,65,65,67,59,59,52,57,57,37,103,103,103,40,0],"gold":54,"neow_bonus":"REMOVE_TWO","is_prod":false,"is_daily":false,"chose_seed":false,"campfire_upgraded":7,"win_rate":0,"timestamp":1563669182,"path_taken":["M","?","?","?","?","R","E","R","T","E","R","$","M","?","R","BOSS","M","?","?","?","?","R","E","R","T","M","M","?","?","$","R","BOSS","M","?","?","$","M","R","M","R","T","M","M","?","M","E","R","BOSS","R","$","E","BOSS"],"build_version":"2019-07-18","purchased_purges":2,"victory":false,"max_hp_per_floor":[75,75,75,75,75,75,83,83,83,84,84,84,85,86,86,87,87,88,89,89,89,89,89,90,90,90,91,92,92,93,93,93,94,94,95,96,96,96,97,97,98,98,98,99,100,100,101,102,102,103,103,103,103,104,104],"card_choices":[{"not_picked":["Capacitor","Go for the Eyes"],"picked":"Defragment","floor":1.0},{"not_picked":["Barrage","White Noise"],"picked":"Redo","floor":4.0},{"not_picked":["Stack","Aggregate"],"picked":"Sweeping Beam","floor":7.0},{"not_picked":["Sunder","White Noise"],"picked":"Buffer","floor":10.0},{"not_picked":["Compile Driver","Loop"],"picked":"Conserve Battery","floor":13.0},{"not_picked":["Stack","Aggregate"],"picked":"Leap","floor":14.0},{"not_picked":["Seek","Hyperbeam"],"picked":"Multi-Cast","floor":16.0},{"not_picked":["Cold Snap","Ball Lightning"],"picked":"Static Discharge","floor":18.0},{"not_picked":["White Noise","Conserve Battery"],"picked":"Go for the Eyes","floor":19.0},{"not_picked":["Aggregate+1","Barrage"],"picked":"Ball Lightning","floor":24.0},{"not_picked":["Fusion","Darkness"],"picked":"Force Field","floor":27.0},{"not_picked":["Ball Lightning","Redo"],"picked":"Fusion+1","floor":28.0},{"not_picked":["Recycle","Echo Form"],"picked":"Tempest","floor":30.0},{"not_picked":["Multi-Cast","Creative AI"],"picked":"Seek","floor":33.0},{"not_picked":["Rebound","Turbo"],"picked":"Streamline+1","floor":35.0},{"not_picked":["Cold Snap+1","Genetic Algorithm+1"],"picked":"Double Energy+1","floor":36.0},{"not_picked":["Leap","Beam Cell"],"picked":"Stack+1","floor":39.0},{"not_picked":["Gash+1","Ball Lightning+1"],"picked":"Skim+1","floor":41.0},{"not_picked":["Gash","Skim","Stack"],"picked":"Streamline+1","floor":44.0},{"not_picked":["Coolheaded","FTL","Sunder"],"picked":"Redo+1","floor":45.0},{"not_picked":["Auto Shields","Go for the Eyes+1","Chaos+1"],"picked":"Glacier+1","floor":47.0},{"not_picked":["Multi-Cast","Turbo+1","Beam Cell"],"picked":"Barrage+1","floor":48.0},{"not_picked":["Lockon","Hologram","Barrage"],"picked":"Static Discharge+1","floor":54.0}],"player_experience":165483,"relics_obtained":[{"floor":7.0,"key":"Strawberry"},{"floor":9.0,"key":"Oddly Smooth Stone"},{"floor":10.0,"key":"Tiny Chest"},{"floor":22.0,"key":"Mummified Hand"},{"floor":24.0,"key":"StoneCalendar"},{"floor":36.0,"key":"Ice Cream"},{"floor":43.0,"key":"Question Card"},{"floor":46.0,"key":"Bottled Flame"},{"floor":48.0,"key":"Frozen Egg 2"},{"floor":54.0,"key":"Mercury Hourglass"}],"event_choices":[{"damage_healed":0.0,"max_hp_gain":0.0,"max_hp_loss":0.0,"gold_gain":0.0,"event_name":"Golden Idol","player_choice":"Take Wound","floor":2.0,"gold_loss":0.0,"damage_taken":0.0,"relics_obtained":["Golden Idol"],"cards_obtained":["Injury"]},{"damage_healed":0.0,"max_hp_gain":0.0,"max_hp_loss":0.0,"gold_gain":0.0,"event_name":"Match and Keep!","player_choice":"2 cards matched","floor":3.0,"gold_loss":0.0,"damage_taken":0.0,"cards_obtained":["Capacitor","Zap"]},{"damage_healed":0.0,"max_hp_gain":0.0,"max_hp_loss":0.0,"gold_gain":0.0,"event_name":"FaceTrader","player_choice":"Trade","floor":5.0,"gold_loss":0.0,"damage_taken":0.0,"relics_obtained":["FaceOfCleric"]},{"cards_removed":["Strike_B"],"damage_healed":0.0,"max_hp_gain":0.0,"max_hp_loss":0.0,"gold_gain":0.0,"event_name":"Beggar","player_choice":"Gave Gold","floor":20.0,"gold_loss":75.0,"damage_taken":0.0},{"damage_healed":0.0,"max_hp_gain":0.0,"max_hp_loss":0.0,"gold_gain":0.0,"event_name":"Drug Dealer","player_choice":"Obtain J.A.X.","floor":21.0,"gold_loss":0.0,"damage_taken":0.0,"cards_obtained":["J.A.X."]},{"damage_healed":0.0,"max_hp_gain":0.0,"max_hp_loss":0.0,"gold_gain":0.0,"event_name":"Match and Keep!","player_choice":"1 cards matched","floor":29.0,"gold_loss":0.0,"damage_taken":0.0,"cards_obtained":["Reboot"]},{"damage_healed":0.0,"max_hp_gain":0.0,"max_hp_loss":0.0,"gold_gain":0.0,"event_name":"MindBloom","player_choice":"Fight","floor":36.0,"gold_loss":0.0,"damage_taken":0.0}],"is_beta":true,"boss_relics":[{"not_picked":["White Beast Statue","Calling Bell"],"picked":"Nuclear Battery"},{"not_picked":["Velvet Choker","Tiny House"],"picked":"Inserter"}],"items_purged_floors":[12,53],"is_endless":false,"potions_floor_spawned":[1,7,14,16,18,19,28,33,41,45,47,48],"killed_by":"The Heart","ascension_level":3}