{"gold_per_floor":[109,126,141,141,153,153,188,188,212,224,261,288,313,337,349,434,446,477,504,516],"floor_reached":20,"playtime":854,"items_purged":[],"score":329,"play_id":"2bdc867a-2645-43ba-83de-4250d4225dc0","local_time":"20190721104649","is_ascension_mode":true,"campfire_choices":[{"data":"Shrug It Off","floor":6.0,"key":"SMITH"},{"floor":8.0,"key":"REST"},{"data":"Iron Wave","floor":15.0,"key":"SMITH"}],"neow_cost":"NONE","seed_source_timestamp":0,"circlet_count":0,"master_deck":["AscendersBane","Strike_R","Strike_R","Strike_R","Strike_R","Strike_R","Defend_R","Defend_R","Defend_R","Bash","Pommel Strike","Thunderclap","Flex","Shrug It Off+1","Dropkick","Corruption","Second Wind","Iron Wave+1","Barricade","Perfected Strike","Entrench"],"special_seed":0,"relics":["Burning Blood","Red Skull","MawBank","Pen Nib","Charon\u0027s Ashes","White Beast Statue"],"potions_floor_usage":[],"damage_taken":[{"damage":14.0,"enemies":"2 Louse","floor":1.0,"turns":3.0},{"damage":6.0,"enemies":"Cultist","floor":2.0,"turns":3.0},{"damage":0.0,"enemies":"Small Slimes","floor":3.0,"turns":3.0},{"damage":11.0,"enemies":"Looter","floor":5.0,"turns":2.0},{"damage":40.0,"enemies":"Lagavulin","floor":7.0,"turns":5.0},{"damage":15.0,"enemies":"3 Sentries","floor":11.0,"turns":8.0},{"damage":6.0,"enemies":"3 Louse","floor":12.0,"turns":4.0},{"damage":16.0,"enemies":"Exordium Thugs","floor":13.0,"turns":4.0},{"damage":2.0,"enemies":"Exordium Wildlife","floor":14.0,"turns":4.0},{"damage":45.0,"enemies":"The Guardian","floor":16.0,"turns":11.0},{"damage":22,"enemies":"Shell Parasite","floor":18,"turns":4},{"damage":22,"enemies":"2 Thieves","floor":19,"turns":3},{"damage":31,"enemies":"Snecko","floor":20,"turns":4}],"seed_played":"4268299461734144493","potions_obtained":[{"floor":1.0,"key":"Regen Potion"},{"floor":7.0,"key":"AttackPotion"},{"floor":12.0,"key":"Energy Potion"},{"floor":13.0,"key":"Dexterity Potion"},{"floor":14.0,"key":"LiquidBronze"}],"is_trial":false,"path_per_floor":["M","M","M","?","M","R","E","R","T","?","E","M","M","M","R","B",null,"M","M","M"],"character_chosen":"IRONCLAD","items_purchased":[],"campfire_rested":1,"item_purchase_floors":[],"current_hp_per_floor":[60,60,66,66,61,61,39,61,61,61,52,52,42,46,46,7,58,42,26,0],"gold":516,"neow_bonus":"REMOVE_CARD","is_prod":false,"is_daily":false,"chose_seed":false,"campfire_upgraded":2,"win_rate":0,"timestamp":1563677209,"path_taken":["M","M","M","?","M","R","E","R","T","?","E","M","?","M","R","BOSS","M","M","M"],"build_version":"2019-07-17","purchased_purges":0,"victory":false,"max_hp_per_floor":[75,75,75,75,75,75,75,75,75,75,75,75,75,75,75,75,75,75,75,75],"card_choices":[{"not_picked":["Combust","Clothesline"],"picked":"Pommel Strike","floor":1.0},{"not_picked":["Fire Breathing","Heavy Blade"],"picked":"Thunderclap","floor":2.0},{"not_picked":["Seeing Red","Rage"],"picked":"Flex","floor":3.0},{"not_picked":["Havoc","Perfected Strike"],"picked":"Shrug It Off","floor":5.0},{"not_picked":["Perfected Strike","Armaments"],"picked":"Dropkick","floor":7.0},{"not_picked":["Pommel Strike","Barricade"],"picked":"Corruption","floor":11.0},{"not_picked":["Clash","Body Slam"],"picked":"Second Wind","floor":12.0},{"not_picked":["Havoc","Pommel Strike","Thunderclap"],"picked":"SKIP","floor":13.0},{"not_picked":["Ghostly Armor","Flex"],"picked":"Iron Wave","floor":14.0},{"not_picked":["Impervious","Juggernaut"],"picked":"Barricade","floor":16.0},{"not_picked":["Uppercut","Disarm"],"picked":"Perfected Strike","floor":18},{"not_picked":["Corruption","Shockwave"],"picked":"Entrench","floor":19}],"player_experience":867435,"relics_obtained":[{"floor":7.0,"key":"Red Skull"},{"floor":9.0,"key":"MawBank"},{"floor":11.0,"key":"Charon\u0027s Ashes"}],"event_choices":[{"damage_healed":0.0,"max_hp_gain":0.0,"max_hp_loss":0.0,"gold_gain":0.0,"event_name":"Golden Wing","player_choice":"Ignored","floor":4.0,"gold_loss":0.0,"damage_taken":0.0},{"damage_healed":0.0,"max_hp_gain":0.0,"max_hp_loss":0.0,"gold_gain":0.0,"event_name":"WeMeetAgain","player_choice":"Gave Potion","floor":10.0,"gold_loss":0.0,"damage_taken":0.0,"relics_obtained":["Pen Nib"]}],"is_beta":false,"boss_relics":[{"not_picked":["Busted Crown","Pandora\u0027s Box"],"picked":"White Beast Statue"}],"items_purged_floors":[],"is_endless":false,"potions_floor_spawned":[1,7,12,13,14,16,18,19],"killed_by":"Snecko","ascension_level":15}