{"gold_per_floor":[13,13,25,39,58,58,99,99,99,99,99,131,131,50,50,127,127,147,147],"floor_reached":19,"playtime":1256,"items_purged":[],"score":322,"play_id":"f4a45f5b-a642-43c2-a4a4-2dbcc760f31b","local_time":"20190706165901","is_ascension_mode":true,"campfire_choices":[{"data":"Neutralize","floor":6,"key":"SMITH"},{"floor":8,"key":"REST"},{"floor":10,"key":"REST"},{"floor":13,"key":"REST"},{"data":"Sucker Punch","floor":15,"key":"SMITH"}],"neow_cost":"NO_GOLD","seed_source_timestamp":192480862636291,"circlet_count":0,"master_deck":["AscendersBane","Strike_G","Strike_G","Strike_G","Strike_G","Strike_G","Defend_G","Defend_G","Defend_G","Defend_G","Defend_G","Survivor","Neutralize+1","Enlightenment","Quick Slash","Magnetism","Poisoned Stab","Sucker Punch+1","All Out Attack","Dodge and Roll","PiercingWail","Leg Sweep","Burst","Noxious Fumes"],"relics":["Ring of the Snake","Odd Mushroom","Ornamental Fan","Darkstone Periapt","Eternal Feather"],"potions_floor_usage":[5,16],"damage_taken":[{"damage":3,"enemies":"2 Louse","floor":1,"turns":5},{"damage":3,"enemies":"Small Slimes","floor":3,"turns":5},{"damage":2,"enemies":"Jaw Worm","floor":4,"turns":4},{"damage":16,"enemies":"Exordium Thugs","floor":5,"turns":7},{"damage":25,"enemies":"The Mushroom Lair","floor":7,"turns":4},{"damage":47,"enemies":"3 Sentries","floor":12,"turns":14},{"damage":14,"enemies":"Hexaghost","floor":16,"turns":10},{"damage":33,"enemies":"Spheric Guardian","floor":18,"turns":12},{"damage":18,"enemies":"Chosen","floor":19,"turns":7}],"seed_played":"4407636542258915867","potions_obtained":[{"floor":3,"key":"Strength Potion"},{"floor":4,"key":"AttackPotion"}],"is_trial":false,"path_per_floor":["M","?","M","M","M","R","?","R","T","R","?","E","R","$","R","B",null,"M","M"],"character_chosen":"THE_SILENT","items_purchased":["Leg Sweep"],"campfire_rested":3,"item_purchase_floors":[14],"current_hp_per_floor":[56,56,53,51,35,35,10,29,29,48,48,1,20,20,20,6,51,18,0],"gold":147,"neow_bonus":"RANDOM_COLORLESS_2","is_prod":false,"is_daily":false,"chose_seed":false,"campfire_upgraded":2,"win_rate":0,"timestamp":1562396341,"path_taken":["M","?","M","M","M","R","?","R","T","R","?","E","R","?","R","BOSS","M","M"],"build_version":"2019-07-05","purchased_purges":0,"victory":false,"max_hp_per_floor":[66,66,66,66,66,66,66,66,66,66,66,66,66,66,66,66,66,66,66],"card_choices":[{"not_picked":["Dodge and Roll","Concentrate"],"picked":"Quick Slash","floor":1},{"not_picked":["Heel Hook","Deadly Poison"],"picked":"Poisoned Stab","floor":3},{"not_picked":["Flying Knee","Setup"],"picked":"Sucker Punch","floor":4},{"not_picked":["Reflex","Dagger Spray"],"picked":"All Out Attack","floor":5},{"not_picked":["Flechettes","Slice"],"picked":"Dodge and Roll","floor":7},{"not_picked":["Acrobatics","Tactician"],"picked":"PiercingWail","floor":12},{"not_picked":["Unload","Envenom"],"picked":"Burst","floor":16},{"not_picked":["Terror","Cloak And Dagger"],"picked":"Noxious Fumes","floor":18}],"player_experience":602158,"relics_obtained":[{"floor":7,"key":"Odd Mushroom"},{"floor":9,"key":"Ornamental Fan"},{"floor":12,"key":"Darkstone Periapt"}],"event_choices":[{"damage_healed":0,"gold_gain":0,"cards_transformed":["Purity"],"player_choice":"Change","damage_taken":0,"max_hp_gain":0,"max_hp_loss":0,"event_name":"Living Wall","floor":2,"gold_loss":0,"cards_obtained":["Magnetism"]},{"damage_healed":0,"gold_gain":0,"player_choice":"Fought Mushrooms","damage_taken":0,"max_hp_gain":0,"max_hp_loss":0,"event_name":"Mushrooms","floor":7,"gold_loss":0},{"damage_healed":0,"gold_gain":0,"player_choice":"Ignored","damage_taken":0,"max_hp_gain":0,"max_hp_loss":0,"event_name":"Liars Game","floor":11,"gold_loss":0}],"is_beta":false,"boss_relics":[{"not_picked":["WristBlade","White Beast Statue"],"picked":"Eternal Feather"}],"items_purged_floors":[],"is_endless":false,"potions_floor_spawned":[3,4],"killed_by":"Chosen","ascension_level":19}