{"gold_per_floor":[109,176,176,193,206,224,224,234,234,254,254,273,284,302,302,400,400,418,418,437,437,455,455,475,475,521,535,550,550,550,569,569,569],"floor_reached":33,"playtime":1850,"items_purged":[],"score":247,"play_id":"6c6101b5-795f-4e8b-824e-2b98d83d2937","local_time":"20190710011120","is_ascension_mode":false,"campfire_choices":[{"floor":7,"key":"REST"},{"data":"Bludgeon","floor":11,"key":"SMITH"},{"floor":15,"key":"REST"},{"floor":23,"key":"REST"},{"floor":25,"key":"REST"},{"floor":29,"key":"REST"},{"data":"Inflame","floor":32,"key":"SMITH"}],"neow_cost":"NONE","seed_source_timestamp":476732377998665,"circlet_count":0,"master_deck":["Strike_R","Strike_R","Strike_R","Strike_R","Strike_R","Defend_R","Defend_R","Defend_R","Defend_R","Bash","Bludgeon+1","Perfected Strike","Warcry","Heavy Blade","Inflame+1","Perfected Strike","Thunderclap","Armaments","Iron Wave","Armaments","Bludgeon","Twin Strike+1","Twin Strike","Clash","Pummel","Iron Wave+1","Sword Boomerang+1","Sword Boomerang"],"relics":["Burning Blood","Gremlin Horn","Sozu","Nilry\u0027s Codex","Lantern","Bag of Marbles"],"potions_floor_usage":[],"damage_taken":[{"damage":6,"enemies":"2 Louse","floor":1,"turns":3},{"damage":1,"enemies":"Cultist","floor":4,"turns":3},{"damage":8,"enemies":"Jaw Worm","floor":5,"turns":3},{"damage":15,"enemies":"Large Slime","floor":6,"turns":5},{"damage":13,"enemies":"2 Fungi Beasts","floor":8,"turns":3},{"damage":16,"enemies":"Red Slaver","floor":10,"turns":4},{"damage":7,"enemies":"Blue Slaver","floor":12,"turns":3},{"damage":4,"enemies":"2 Fungi Beasts","floor":13,"turns":2},{"damage":5,"enemies":"Looter","floor":14,"turns":3},{"damage":46,"enemies":"The Guardian","floor":16,"turns":12},{"damage":10,"enemies":"Chosen","floor":18,"turns":3},{"damage":20,"enemies":"2 Thieves","floor":20,"turns":3},{"damage":35,"enemies":"Centurion and Healer","floor":22,"turns":4},{"damage":5,"enemies":"Cultist and Chosen","floor":24,"turns":4},{"damage":0,"enemies":"Snecko","floor":27,"turns":3},{"damage":23,"enemies":"Sentry and Sphere","floor":28,"turns":5},{"damage":0,"enemies":"Cultist and Chosen","floor":31,"turns":3},{"damage":82,"enemies":"Automaton","floor":33,"turns":6}],"seed_played":"6682707704752490417","potions_obtained":[{"floor":4,"key":"PowerPotion"},{"floor":5,"key":"PowerPotion"},{"floor":8,"key":"Weak Potion"},{"floor":10,"key":"FearPotion"},{"floor":12,"key":"Dexterity Potion"}],"is_trial":false,"path_per_floor":["M","?","?","M","M","M","R","M","T","M","R","M","M","M","R","B",null,"M","?","M","?","M","R","M","R","T","M","M","R","?","M","R","B"],"character_chosen":"IRONCLAD","items_purchased":[],"campfire_rested":5,"item_purchase_floors":[],"current_hp_per_floor":[80,80,80,80,78,69,80,73,73,63,63,62,64,65,80,40,80,76,76,62,46,17,41,42,66,66,72,55,79,79,80,80,0],"gold":569,"neow_bonus":"ONE_RANDOM_RARE_CARD","is_prod":false,"is_daily":false,"chose_seed":false,"campfire_upgraded":2,"win_rate":0,"timestamp":1562735480,"path_taken":["M","?","?","M","M","M","R","?","T","M","R","M","M","M","R","BOSS","M","?","M","?","M","R","M","R","T","M","M","R","?","?","R","BOSS"],"build_version":"2019-07-05","purchased_purges":0,"victory":false,"max_hp_per_floor":[80,80,80,80,80,80,80,80,80,80,80,80,80,80,80,80,80,80,80,80,80,80,80,80,80,80,80,80,80,80,80,80,80],"card_choices":[{"not_picked":["Searing Blow","Dual Wield"],"picked":"Perfected Strike","floor":1},{"not_picked":["Combust","Infernal Blade"],"picked":"Warcry","floor":4},{"not_picked":["Clothesline","Iron Wave"],"picked":"Heavy Blade","floor":5},{"not_picked":["Clothesline","Iron Wave"],"picked":"Inflame","floor":6},{"not_picked":["Impervious","Thunderclap"],"picked":"Perfected Strike","floor":8},{"not_picked":["Dual Wield","Warcry"],"picked":"Thunderclap","floor":10},{"not_picked":["Second Wind","Anger"],"picked":"Armaments","floor":12},{"not_picked":["Impervious","Warcry"],"picked":"Iron Wave","floor":13},{"not_picked":["Dual Wield","Iron Wave"],"picked":"Armaments","floor":14},{"not_picked":["Feed","Fiend Fire"],"picked":"Bludgeon","floor":16},{"not_picked":["Ghostly Armor","Heavy Blade"],"picked":"Twin Strike+1","floor":18},{"not_picked":["Body Slam+1","Blood for Blood"],"picked":"Twin Strike","floor":20},{"not_picked":["Ghostly Armor","Pommel Strike+1"],"picked":"Clash","floor":22},{"not_picked":["Intimidate+1","Dual Wield"],"picked":"Pummel","floor":24},{"not_picked":["Fire Breathing","Bloodletting"],"picked":"Iron Wave+1","floor":27},{"not_picked":["Iron Wave+1","Armaments"],"picked":"Sword Boomerang+1","floor":28},{"not_picked":["Reckless Charge","True Grit+1"],"picked":"Sword Boomerang","floor":31}],"player_experience":32881,"relics_obtained":[{"floor":9,"key":"Gremlin Horn"},{"floor":21,"key":"Nilry\u0027s Codex"},{"floor":26,"key":"Lantern"}],"event_choices":[{"damage_healed":0,"gold_gain":67,"player_choice":"Gained Gold","damage_taken":0,"max_hp_gain":0,"max_hp_loss":0,"event_name":"Golden Wing","floor":2,"gold_loss":0},{"damage_healed":0,"gold_gain":0,"player_choice":"1 cards matched","damage_taken":0,"max_hp_gain":0,"max_hp_loss":0,"event_name":"Match and Keep!","floor":3,"gold_loss":0,"cards_obtained":["Blood for Blood"]},{"damage_healed":0,"gold_gain":0,"player_choice":"Ignored","damage_taken":0,"max_hp_gain":0,"max_hp_loss":0,"event_name":"Vampires","floor":19,"gold_loss":0},{"damage_healed":0,"gold_gain":0,"player_choice":"Obtained Book","damage_taken":16,"max_hp_gain":0,"max_hp_loss":0,"event_name":"Cursed Tome","floor":21,"gold_loss":0},{"cards_removed":["Blood for Blood"],"damage_healed":0,"gold_gain":0,"player_choice":"Gave Card","damage_taken":0,"relics_obtained":["Bag of Marbles"],"max_hp_gain":0,"max_hp_loss":0,"event_name":"WeMeetAgain","floor":30,"gold_loss":0}],"is_beta":false,"boss_relics":[{"not_picked":["Tiny House","Philosopher\u0027s Stone"],"picked":"Sozu"}],"items_purged_floors":[],"is_endless":false,"potions_floor_spawned":[4,5,8,10,12,20,24,28,31],"killed_by":"Automaton","ascension_level":0}