{"gold_per_floor":[146,158,233,246,262,290,290,300,300,300,300,325,28,28,28,131,131,141,60,86,99,99],"floor_reached":22,"playtime":2187,"items_purged":["Strike_R"],"score":213,"play_id":"63c62bf0-125e-4a2b-aae1-d23c20c12717","local_time":"20190713164323","is_ascension_mode":true,"campfire_choices":[{"floor":7.0,"key":"REST"},{"floor":10.0,"key":"REST"},{"floor":15,"key":"REST"}],"neow_cost":"NONE","seed_source_timestamp":3023923003500,"circlet_count":0,"master_deck":["Strike_R","Strike_R","Strike_R","Defend_R","Defend_R","Defend_R","Defend_R","Bash","Sword Boomerang","Dropkick","Headbutt","Anger","Body Slam","Ghostly Armor","Infernal Blade","Rage","Brutality+1","Seeing Red","Inflame+1","Inflame+1"],"special_seed":0,"relics":["Burning Blood","Tiny Chest","Letter Opener","Frozen Egg 2","Art of War","Blood Vial","Black Star","Regal Pillow"],"potions_floor_usage":[16,16],"damage_taken":[{"damage":10.0,"enemies":"Small Slimes","floor":1.0,"turns":3.0},{"damage":7.0,"enemies":"Jaw Worm","floor":2.0,"turns":3.0},{"damage":1.0,"enemies":"Cultist","floor":4.0,"turns":3.0},{"damage":24.0,"enemies":"Large Slime","floor":5.0,"turns":6.0},{"damage":43.0,"enemies":"3 Sentries","floor":6.0,"turns":9.0},{"damage":23.0,"enemies":"Red Slaver","floor":8.0,"turns":5.0},{"damage":35,"enemies":"Lagavulin","floor":12,"turns":8},{"damage":25,"enemies":"The Guardian","floor":16,"turns":8},{"damage":30,"enemies":"Chosen","floor":18,"turns":5},{"damage":28,"enemies":"Spheric Guardian","floor":21,"turns":6},{"damage":44,"enemies":"Centurion and Healer","floor":22,"turns":5}],"seed_played":"-4897022358284717245","potions_obtained":[{"floor":5.0,"key":"SkillPotion"},{"floor":8.0,"key":"PowerPotion"},{"floor":12,"key":"Weak Potion"}],"is_trial":false,"path_per_floor":["M","M","?","M","M","E","R","M","T","R","?","E","$","?","R","B",null,"M","$","T","M","M"],"character_chosen":"IRONCLAD","items_purchased":["Blood Vial","Rage","Inflame+1"],"campfire_rested":3,"item_purchase_floors":[13,13,19],"current_hp_per_floor":[76,75,64,69,51,14,38,21,21,45,45,16,16,16,40,23,80,56,56,56,36,0],"gold":99,"neow_bonus":"RANDOM_COMMON_RELIC","is_prod":false,"is_daily":false,"chose_seed":false,"campfire_upgraded":0,"win_rate":0,"timestamp":1563029003,"path_taken":["M","M","?","M","M","E","R","M","T","R","?","E","$","?","R","BOSS","M","$","?","M","M"],"build_version":"2019-07-05","purchased_purges":1,"victory":false,"max_hp_per_floor":[80,80,80,80,80,80,80,80,80,80,80,80,80,80,80,80,80,80,80,80,80,80],"card_choices":[{"not_picked":["Wild Strike","Havoc"],"picked":"Sword Boomerang","floor":1.0},{"not_picked":["True Grit","Shockwave"],"picked":"Dropkick","floor":2.0},{"not_picked":["Sword Boomerang","Dropkick"],"picked":"Headbutt","floor":4.0},{"not_picked":["Headbutt","Dark Embrace"],"picked":"Anger","floor":5.0},{"not_picked":["Dropkick","Anger"],"picked":"Body Slam","floor":6.0},{"not_picked":["Wild Strike","Twin Strike"],"picked":"Ghostly Armor","floor":8.0},{"not_picked":["Rupture+1","Havoc"],"picked":"Infernal Blade","floor":12},{"not_picked":["Exhume","Impervious"],"picked":"Brutality+1","floor":16},{"not_picked":["Havoc+1","Heavy Blade"],"picked":"Seeing Red","floor":18},{"not_picked":["Shrug It Off","Dual Wield"],"picked":"Inflame+1","floor":21}],"player_experience":127011,"relics_obtained":[{"floor":6.0,"key":"Letter Opener"},{"floor":9.0,"key":"Frozen Egg 2"},{"floor":12,"key":"Art of War"},{"floor":20,"key":"Regal Pillow"}],"event_choices":[{"damage_healed":0.0,"max_hp_gain":0.0,"max_hp_loss":0.0,"gold_gain":75.0,"event_name":"World of Goop","player_choice":"Gather Gold","floor":3.0,"gold_loss":0.0,"damage_taken":11.0},{"damage_healed":0,"gold_gain":0,"player_choice":"Ignored","damage_taken":0,"max_hp_gain":0,"max_hp_loss":0,"event_name":"Shining Light","floor":11,"gold_loss":0},{"cards_removed":["Strike_R"],"damage_healed":0,"gold_gain":0,"player_choice":"Purged","damage_taken":0,"max_hp_gain":0,"max_hp_loss":0,"event_name":"Purifier","floor":14,"gold_loss":0}],"is_beta":false,"boss_relics":[{"not_picked":["Eternal Feather","Coffee Dripper"],"picked":"Black Star"}],"items_purged_floors":[13],"is_endless":false,"potions_floor_spawned":[5,8,12],"killed_by":"Centurion and Healer","ascension_level":2}