{"gold_per_floor":[116,126,136,148,223,223,250,265,265,265,276,304,321,349,349,448,448,464,475,489,489,25,25,50,50],"floor_reached":25,"playtime":1453,"items_purged":[],"score":351,"play_id":"47840582-9fd3-4296-b999-823e475ce89b","local_time":"20190719224415","is_ascension_mode":true,"campfire_choices":[{"data":"Seeing Red","floor":6,"key":"SMITH"},{"data":"True Grit","floor":10,"key":"SMITH"},{"data":"Perfected Strike","floor":15,"key":"SMITH"},{"floor":23,"key":"REST"}],"neow_cost":"NONE","seed_source_timestamp":23761774931524,"circlet_count":0,"master_deck":["Strike_R","Strike_R","Strike_R","Strike_R","Strike_R","Defend_R","Defend_R","Defend_R","Defend_R","Bash","Wild Strike","Perfected Strike+1","Pommel Strike","Seeing Red+1","True Grit+1","Ghostly Armor","Rage","Spot Weakness","Wild Strike","Whirlwind","Bludgeon","Clash","Twin Strike+1","Perfected Strike","Warcry","Swift Strike","Pommel Strike","Warcry+1"],"relics":["Black Blood","Ancient Tea Set","Blood Vial","Pen Nib","Frozen Egg 2","Incense Burner","Du-Vu Doll"],"potions_floor_usage":[7,12,19,24,25,25],"damage_taken":[{"damage":8,"enemies":"2 Louse","floor":1,"turns":3},{"damage":0,"enemies":"Cultist","floor":2,"turns":2},{"damage":2,"enemies":"Jaw Worm","floor":3,"turns":3},{"damage":9,"enemies":"Red Slaver","floor":4,"turns":2},{"damage":36,"enemies":"3 Sentries","floor":7,"turns":8},{"damage":6,"enemies":"Looter","floor":8,"turns":4},{"damage":0,"enemies":"2 Fungi Beasts","floor":11,"turns":2},{"damage":23,"enemies":"Lagavulin","floor":12,"turns":7},{"damage":0,"enemies":"Large Slime","floor":13,"turns":5},{"damage":0,"enemies":"Gremlin Nob","floor":14,"turns":2},{"damage":39,"enemies":"Hexaghost","floor":16,"turns":9},{"damage":39,"enemies":"2 Thieves","floor":18,"turns":4},{"damage":25,"enemies":"Shell Parasite","floor":19,"turns":5},{"damage":23,"enemies":"3 Cultists","floor":20,"turns":4},{"damage":11,"enemies":"Book of Stabbing","floor":24,"turns":3},{"damage":33,"enemies":"Shelled Parasite and Fungi","floor":25,"turns":2}],"seed_played":"5702018926281843050","potions_obtained":[{"floor":1,"key":"FearPotion"},{"floor":2,"key":"Weak Potion"},{"floor":3,"key":"Weak Potion"},{"floor":7,"key":"Swift Potion"},{"floor":14,"key":"Dexterity Potion"},{"floor":19,"key":"Fire Potion"}],"is_trial":false,"path_per_floor":["M","M","M","M","?","R","E","M","T","R","M","E","M","E","R","B",null,"M","M","M","?","$","R","E","M"],"character_chosen":"IRONCLAD","items_purchased":["Warcry","Incense Burner","Swift Strike","Pommel Strike"],"campfire_rested":1,"item_purchase_floors":[22,22,22,22],"current_hp_per_floor":[70,76,80,77,69,69,39,39,39,39,47,32,40,48,48,17,64,37,24,13,5,5,29,30,0],"gold":50,"neow_bonus":"THREE_CARDS","is_prod":false,"is_daily":false,"chose_seed":false,"campfire_upgraded":3,"win_rate":0,"timestamp":1563547455,"path_taken":["M","M","M","M","?","R","E","M","T","R","?","E","M","E","R","BOSS","M","M","M","?","$","R","E","M"],"build_version":"2019-07-17","purchased_purges":0,"victory":false,"max_hp_per_floor":[80,80,80,80,80,80,80,80,80,80,80,80,80,80,80,80,80,80,80,80,80,80,80,80,80],"card_choices":[{"not_picked":["Armaments","Evolve"],"picked":"Wild Strike","floor":0},{"not_picked":["Rupture","Armaments"],"picked":"Perfected Strike","floor":1},{"not_picked":["Body Slam","Shrug It Off"],"picked":"Pommel Strike","floor":2},{"not_picked":["Entrench","Inflame"],"picked":"Seeing Red","floor":3},{"not_picked":["Entrench","Body Slam"],"picked":"True Grit","floor":4},{"not_picked":["Dropkick","True Grit"],"picked":"Ghostly Armor","floor":7},{"not_picked":["Impervious","Shrug It Off"],"picked":"Rage","floor":8},{"not_picked":["Flex","Clothesline","Body Slam"],"picked":"SKIP","floor":11},{"not_picked":["Corruption","Headbutt"],"picked":"Spot Weakness","floor":12},{"not_picked":["Shockwave","Armaments"],"picked":"Wild Strike","floor":13},{"not_picked":["Havoc","Shrug It Off"],"picked":"Whirlwind","floor":14},{"not_picked":["Limit Break","Juggernaut+1"],"picked":"Bludgeon","floor":16},{"not_picked":["Infernal Blade","Pummel"],"picked":"Clash","floor":18},{"not_picked":["Spot Weakness","Heavy Blade"],"picked":"Twin Strike+1","floor":19},{"not_picked":["Whirlwind","Sword Boomerang"],"picked":"Perfected Strike","floor":20},{"not_picked":["Cleave","Havoc"],"picked":"Warcry+1","floor":24}],"player_experience":255587,"relics_obtained":[{"floor":7,"key":"Ancient Tea Set"},{"floor":9,"key":"Blood Vial"},{"floor":12,"key":"Pen Nib"},{"floor":14,"key":"Frozen Egg 2"},{"floor":24,"key":"Du-Vu Doll"}],"event_choices":[{"damage_healed":0,"gold_gain":75,"player_choice":"Touch","damage_taken":8,"max_hp_gain":0,"max_hp_loss":0,"event_name":"FaceTrader","floor":5,"gold_loss":0},{"damage_healed":0,"gold_gain":0,"player_choice":"Damaged","damage_taken":8,"max_hp_gain":0,"max_hp_loss":0,"event_name":"Wheel of Change","floor":21,"gold_loss":0}],"is_beta":false,"boss_relics":[{"not_picked":["Snecko Eye","Runic Dome"],"picked":"Black Blood"}],"items_purged_floors":[],"is_endless":false,"potions_floor_spawned":[1,2,3,7,11,14,19],"killed_by":"Shelled Parasite and Fungi","ascension_level":6}