{"gold_per_floor":[12,28,46,46,64,64,96,96,96,128,146,146,161,4,4,108,108,118,0,0,75,90,90,107,7,33,33,33,47,81,92,92,194,194,210,310,107,122,122,122,152,152,152,181,31,47,47,47,47,47,47,47,47,76,76],"floor_reached":55,"playtime":5905,"items_purged":["Strike_B","Defend_B","Strike_B","Strike_B"],"score":862,"play_id":"f03d3e7d-7987-4ac5-85e4-27e14e1fa7de","local_time":"20190705014559","is_ascension_mode":true,"campfire_choices":[{"data":"Zap","floor":6,"key":"SMITH"},{"floor":8,"key":"REST"},{"floor":15,"key":"REST"},{"data":"White Noise","floor":23,"key":"SMITH"},{"floor":27,"key":"REST"},{"floor":32,"key":"REST"},{"floor":40,"key":"REST"},{"data":"Loop","floor":42,"key":"SMITH"},{"floor":47,"key":"RECALL"},{"floor":49,"key":"REST"},{"data":"Loop","floor":52,"key":"SMITH"}],"neow_cost":"NO_GOLD","seed_source_timestamp":37112633877890,"circlet_count":0,"master_deck":["Defend_B","Defend_B","Zap+1","Dualcast","Storm+1","Consume","Sweeping Beam","Ball Lightning","White Noise+1","Loop+1","Core Surge","Loop+1","Leap","Amplify","Biased Cognition","Lockon","Auto Shields+1","Self Repair","Force Field","White Noise","Electrodynamics","Consume+1","Loop+1","Secret Technique","Flash of Steel","Skim+1","Skim+1","Loop+1"],"relics":["Cracked Core","Bottled Lightning","Cables","Philosopher\u0027s Stone","Regal Pillow","Mummified Hand","Sozu","FossilizedHelix","Ginger","Molten Egg 2","Frozen Egg 2","Centennial Puzzle"],"potions_floor_usage":[5,16,24,44,55,55],"damage_taken":[{"damage":0,"enemies":"2 Louse","floor":1,"turns":2},{"damage":0,"enemies":"Small Slimes","floor":2,"turns":2},{"damage":9,"enemies":"Jaw Worm","floor":3,"turns":3},{"damage":1,"enemies":"Looter","floor":5,"turns":2},{"damage":38,"enemies":"Gremlin Nob","floor":7,"turns":4},{"damage":15,"enemies":"Lagavulin","floor":10,"turns":4},{"damage":9,"enemies":"Red Slaver","floor":11,"turns":2},{"damage":0,"enemies":"2 Fungi Beasts","floor":13,"turns":1},{"damage":26,"enemies":"Hexaghost","floor":16,"turns":6},{"damage":14,"enemies":"Chosen","floor":18,"turns":3},{"damage":0,"enemies":"3 Byrds","floor":22,"turns":2},{"damage":10,"enemies":"Snecko","floor":24,"turns":3},{"damage":1,"enemies":"Centurion and Healer","floor":29,"turns":3},{"damage":18,"enemies":"Gremlin Leader","floor":30,"turns":4},{"damage":23,"enemies":"Shelled Parasite and Fungi","floor":31,"turns":3},{"damage":1,"enemies":"Champ","floor":33,"turns":5},{"damage":12,"enemies":"Orb Walker","floor":35,"turns":2},{"damage":0,"enemies":"Mind Bloom Boss Battle","floor":36,"turns":2},{"damage":24,"enemies":"3 Darklings","floor":38,"turns":2},{"damage":0,"enemies":"Giant Head","floor":41,"turns":4},{"damage":27,"enemies":"Nemesis","floor":44,"turns":3},{"damage":0,"enemies":"Spire Growth","floor":46,"turns":2},{"damage":48,"enemies":"Time Eater","floor":50,"turns":8},{"damage":39,"enemies":"Shield and Spear","floor":54,"turns":4},{"damage":64,"enemies":"The Heart","floor":55,"turns":2}],"seed_played":"1297417545438247173","potions_obtained":[{"floor":2,"key":"Fire Potion"},{"floor":10,"key":"SpeedPotion"},{"floor":11,"key":"Energy Potion"},{"floor":16,"key":"Ancient Potion"},{"floor":29,"key":"SteroidPotion"},{"floor":31,"key":"Poison Potion"},{"floor":33,"key":"SkillPotion"}],"is_trial":false,"path_per_floor":["M","M","M","?","M","R","E","R","T","E","M","?","M","$","R","B",null,"M","?","?","?","M","R","M","$","T","R","?","M","E","M","R","B",null,"M","?","$","M","?","R","E","R","T","E","$","M","R","?","R","B",null,"R","$","E","B"],"character_chosen":"DEFECT","items_purchased":["Amplify","Loop"],"campfire_rested":6,"item_purchase_floors":[14,37],"current_hp_per_floor":[75,75,66,66,65,65,27,49,49,34,25,25,25,25,47,21,75,61,61,61,54,54,54,44,44,44,75,75,74,63,47,75,75,75,63,70,70,46,36,73,75,75,75,48,48,48,48,48,75,34,75,75,75,43,0],"gold":76,"neow_bonus":"TRANSFORM_TWO_CARDS","is_prod":false,"is_daily":false,"chose_seed":false,"campfire_upgraded":4,"win_rate":0,"timestamp":1562262359,"path_taken":["M","M","M","?","M","R","E","R","T","E","M","?","M","$","R","BOSS","M","?","?","?","?","R","M","?","T","R","?","M","E","M","R","BOSS","M","?","$","M","?","R","E","R","T","E","$","M","R","?","R","BOSS","R","$","E","BOSS"],"build_version":"2019-07-01","purchased_purges":4,"victory":false,"max_hp_per_floor":[75,75,75,75,75,75,75,75,75,75,75,75,75,75,75,75,75,75,75,75,75,75,75,75,75,75,75,75,75,75,75,75,75,75,75,75,75,75,75,75,75,75,75,75,75,75,75,75,75,75,75,75,75,75,75],"card_choices":[{"not_picked":["Hologram","Turbo"],"picked":"Sweeping Beam","floor":1},{"not_picked":["Sweeping Beam","Heatsinks"],"picked":"Ball Lightning","floor":2},{"not_picked":["Stack","Heatsinks"],"picked":"White Noise","floor":3},{"not_picked":["Barrage","Streamline","Sweeping Beam"],"picked":"SKIP","floor":5},{"not_picked":["Beam Cell","Conserve Battery"],"picked":"Loop","floor":7},{"not_picked":["Sweeping Beam","Go for the Eyes"],"picked":"Core Surge","floor":10},{"not_picked":["Tempest","Rebound"],"picked":"Loop","floor":11},{"not_picked":["Compile Driver","Rip and Tear"],"picked":"Leap","floor":13},{"not_picked":["Reboot","Hyperbeam"],"picked":"Biased Cognition","floor":16},{"not_picked":["Rebound","Steam Power"],"picked":"Lockon","floor":18},{"not_picked":["Heatsinks","Gash"],"picked":"Auto Shields+1","floor":22},{"not_picked":["Leap","Conserve Battery"],"picked":"Self Repair","floor":24},{"not_picked":["Self Repair+1","Coolheaded+1"],"picked":"Force Field","floor":29},{"not_picked":["Multi-Cast","Leap","Go for the Eyes"],"picked":"SKIP","floor":30},{"not_picked":["Conserve Battery+1","Consume"],"picked":"White Noise","floor":31},{"not_picked":["Multi-Cast","Fission"],"picked":"Electrodynamics","floor":33},{"not_picked":["Streamline+1","Beam Cell"],"picked":"Consume+1","floor":35},{"not_picked":["Turbo+1","Leap+1","Compile Driver"],"picked":"SKIP","floor":38},{"not_picked":["Transmutation","Swift Strike"],"picked":"Secret Technique","floor":39},{"not_picked":["Chrysalis","Swift Strike"],"picked":"Flash of Steel","floor":39},{"not_picked":["Stack","Conserve Battery","Amplify"],"picked":"SKIP","floor":41},{"not_picked":["Stack","Leap+1"],"picked":"Skim+1","floor":44},{"not_picked":["Recycle+1","Gash+1","Undo"],"picked":"SKIP","floor":46},{"not_picked":["Coolheaded","Rip and Tear+1"],"picked":"Loop+1","floor":54}],"player_experience":153770,"relics_obtained":[{"floor":7,"key":"Bottled Lightning"},{"floor":10,"key":"Cables"},{"floor":26,"key":"Regal Pillow"},{"floor":30,"key":"Mummified Hand"},{"floor":36,"key":"FossilizedHelix"},{"floor":41,"key":"Ginger"},{"floor":43,"key":"Molten Egg 2"},{"floor":44,"key":"Frozen Egg 2"},{"floor":54,"key":"Centennial Puzzle"}],"event_choices":[{"damage_healed":0,"gold_gain":0,"player_choice":"Ignored","damage_taken":0,"max_hp_gain":0,"max_hp_loss":0,"event_name":"Liars Game","floor":4,"gold_loss":0},{"damage_healed":0,"gold_gain":0,"player_choice":"Grow","damage_taken":0,"max_hp_gain":0,"max_hp_loss":0,"event_name":"Living Wall","floor":12,"gold_loss":0,"cards_upgraded":["Storm"]},{"damage_healed":0,"gold_gain":0,"player_choice":"Paid Fearfully","damage_taken":0,"max_hp_gain":0,"max_hp_loss":0,"event_name":"Masked Bandits","floor":19,"gold_loss":118},{"damage_healed":0,"gold_gain":0,"player_choice":"Ignored","damage_taken":0,"max_hp_gain":0,"max_hp_loss":0,"event_name":"Ghosts","floor":20,"gold_loss":0},{"damage_healed":0,"gold_gain":75,"player_choice":"Touch","damage_taken":7,"max_hp_gain":0,"max_hp_loss":0,"event_name":"FaceTrader","floor":21,"gold_loss":0},{"damage_healed":0,"gold_gain":0,"player_choice":"Forge","damage_taken":0,"max_hp_gain":0,"max_hp_loss":0,"event_name":"Accursed Blacksmith","floor":28,"gold_loss":0,"cards_upgraded":["Loop"]},{"damage_healed":0,"gold_gain":0,"player_choice":"Fight","damage_taken":0,"max_hp_gain":0,"max_hp_loss":0,"event_name":"MindBloom","floor":36,"gold_loss":0},{"damage_healed":0,"gold_gain":0,"player_choice":"Memory 3","damage_taken":10,"max_hp_gain":0,"max_hp_loss":0,"event_name":"SensoryStone","floor":39,"gold_loss":0},{"damage_healed":0,"gold_gain":0,"player_choice":"Copied","damage_taken":0,"max_hp_gain":0,"max_hp_loss":0,"event_name":"Duplicator","floor":48,"gold_loss":0,"cards_obtained":["Skim"]}],"is_beta":false,"boss_relics":[{"not_picked":["Orrery","Black Star"],"picked":"Philosopher\u0027s Stone"},{"not_picked":["Inserter","Pandora\u0027s Box"],"picked":"Sozu"}],"items_purged_floors":[14,25,37,45],"is_endless":false,"potions_floor_spawned":[2,10,11,16,29,31,33,35,38,41,54],"killed_by":"The Heart","ascension_level":3}