{"gold_per_floor":[118,131,131,150,161,187,199,199,199,227,227,253,263,263,263,365,365,385,20,31,45,45,71,71,71,71,86,86,99,99,99,99,99],"floor_reached":33,"playtime":2289,"items_purged":["Strike_G"],"score":459,"play_id":"9ba42a3a-47d2-4bd2-b2bb-7767998bed05","local_time":"20181211210142","is_ascension_mode":true,"campfire_choices":[{"data":"Neutralize","floor":11,"key":"SMITH"},{"data":"Cloak And Dagger","floor":15,"key":"SMITH"},{"data":"Envenom","floor":25,"key":"SMITH"},{"floor":32,"key":"REST"}],"neow_cost":"NONE","seed_source_timestamp":307793371852198,"circlet_count":0,"master_deck":["AscendersBane","Defend_G","Defend_G","Defend_G","Strike_G","Strike_G","Survivor","Neutralize+1","Backflip","Dash","Masterful Stab","Leg Sweep","Bullet Time","Cloak And Dagger+1","Poisoned Stab","Envenom+1","Well Laid Plans","Infinite Blades","Unload","Backflip","Cloak And Dagger"],"relics":["Empty Cage","PreservedInsect","Gremlin Horn","Anchor","Blue Candle","Meat on the Bone","Philosopher\u0027s Stone","Singing Bowl","Orichalcum","Prayer Wheel"],"potions_floor_usage":[6,7,16,21,21,33],"damage_taken":[{"damage":0,"enemies":"2 Louse","floor":1,"turns":4},{"damage":2,"enemies":"Cultist","floor":2,"turns":5},{"damage":0,"enemies":"Small Slimes","floor":4,"turns":5},{"damage":6,"enemies":"3 Louse","floor":5,"turns":4},{"damage":31,"enemies":"3 Sentries","floor":6,"turns":12},{"damage":0,"enemies":"Exordium Thugs","floor":7,"turns":5},{"damage":17,"enemies":"Gremlin Nob","floor":10,"turns":5},{"damage":7,"enemies":"Lagavulin","floor":12,"turns":7},{"damage":0,"enemies":"Looter","floor":13,"turns":3},{"damage":51,"enemies":"The Guardian","floor":16,"turns":28},{"damage":14,"enemies":"Shell Parasite","floor":18,"turns":7},{"damage":20,"enemies":"Spheric Guardian","floor":20,"turns":10},{"damage":6,"enemies":"3 Cultists","floor":21,"turns":6},{"damage":34,"enemies":"Slavers","floor":23,"turns":6},{"damage":10,"enemies":"Centurion and Healer","floor":27,"turns":7},{"damage":16,"enemies":"Cultist and Chosen","floor":29,"turns":8},{"damage":9,"enemies":"Colosseum Slavers","floor":30,"turns":5},{"damage":63,"enemies":"Champ","floor":33,"turns":10}],"seed_played":"-3291742107583651194","potions_obtained":[{"floor":1,"key":"LiquidBronze"},{"floor":3,"key":"FairyPotion"},{"floor":3,"key":"Regen Potion"},{"floor":3,"key":"Strength Potion"},{"floor":6,"key":"Regen Potion"},{"floor":7,"key":"Regen Potion"},{"floor":18,"key":"AttackPotion"},{"floor":20,"key":"GhostInAJar"},{"floor":27,"key":"Fire Potion"}],"is_trial":false,"path_per_floor":["M","M","?","M","M","E","M","T","T","E","R","E","M","?","R","B",null,"M","$","M","M","?","E","$","R","T","M","$","M","?","?","R","B"],"character_chosen":"THE_SILENT","items_purchased":["Infinite Blades","Singing Bowl"],"campfire_rested":1,"item_purchase_floors":[19,19],"current_hp_per_floor":[63,61,61,61,55,39,51,51,51,34,34,27,39,39,39,15,56,42,42,36,44,44,22,22,22,22,26,26,26,29,29,53,0],"gold":99,"neow_bonus":"BOSS_RELIC","is_prod":false,"is_daily":false,"chose_seed":false,"campfire_upgraded":3,"win_rate":0,"timestamp":1544522502,"path_taken":["M","M","?","M","M","E","?","?","T","E","R","E","M","?","R","BOSS","M","$","?","M","?","E","?","R","T","M","$","M","?","?","R","BOSS"],"build_version":"2018-12-10","purchased_purges":1,"victory":false,"max_hp_per_floor":[70,70,70,70,70,70,70,70,70,70,70,70,70,70,70,70,70,70,70,72,74,74,74,74,74,74,76,76,80,80,80,80,80],"card_choices":[{"not_picked":["Finisher","Outmaneuver"],"picked":"Backflip","floor":1},{"not_picked":["Blade Dance","Leg Sweep"],"picked":"Dash","floor":2},{"not_picked":["Deflect","Deadly Poison","Dodge and Roll"],"picked":"SKIP","floor":4},{"not_picked":["Deadly Poison","Poisoned Stab"],"picked":"Masterful Stab","floor":5},{"not_picked":["Deflect","Finisher"],"picked":"Leg Sweep","floor":6},{"not_picked":["Prepared","Slice","Blur"],"picked":"SKIP","floor":7},{"not_picked":["Choke","Flying Knee"],"picked":"Bullet Time","floor":10},{"not_picked":["Slice","Poisoned Stab","Acrobatics"],"picked":"SKIP","floor":12},{"not_picked":["Expertise","Tactician"],"picked":"Cloak And Dagger","floor":13},{"not_picked":["Unload","Bullet Time"],"picked":"Envenom","floor":16},{"not_picked":["Backflip","Predator"],"picked":"Well Laid Plans","floor":18},{"not_picked":["Predator","Expertise","Concentrate"],"picked":"Singing Bowl","floor":20},{"not_picked":["Slice","Expertise","Quick Slash"],"picked":"Singing Bowl","floor":21},{"not_picked":["Acrobatics","Escape Plan"],"picked":"Backflip","floor":23},{"not_picked":["Quick Slash","Endless Agony"],"picked":"Cloak And Dagger","floor":27},{"not_picked":["Well Laid Plans","Flying Knee","Deadly Poison"],"picked":"Singing Bowl","floor":27},{"not_picked":["Dagger Spray","Dodge and Roll","Crippling Poison"],"picked":"Singing Bowl","floor":29},{"not_picked":["Storm of Steel","Deadly Poison","Flying Knee"],"picked":"Singing Bowl","floor":29}],"player_experience":453711,"relics_obtained":[{"floor":6,"key":"PreservedInsect"},{"floor":8,"key":"Gremlin Horn"},{"floor":9,"key":"Anchor"},{"floor":10,"key":"Blue Candle"},{"floor":12,"key":"Meat on the Bone"},{"floor":23,"key":"Orichalcum"},{"floor":26,"key":"Prayer Wheel"}],"event_choices":[{"damage_healed":0,"gold_gain":0,"player_choice":"Got Potions","damage_taken":0,"max_hp_gain":0,"max_hp_loss":0,"event_name":"Lab","floor":3,"gold_loss":0},{"damage_healed":0,"gold_gain":0,"cards_transformed":["Strike_G"],"player_choice":"Transformed","damage_taken":0,"max_hp_gain":0,"max_hp_loss":0,"event_name":"Transmorgrifier","floor":14,"gold_loss":0,"cards_obtained":["Poisoned Stab"]},{"damage_healed":0,"gold_gain":0,"cards_transformed":["Defend_G"],"player_choice":"Transformed","damage_taken":0,"max_hp_gain":0,"max_hp_loss":0,"event_name":"Transmorgrifier","floor":22,"gold_loss":0,"cards_obtained":["Unload"]},{"damage_healed":0,"gold_gain":0,"player_choice":"Fight","damage_taken":0,"max_hp_gain":0,"max_hp_loss":0,"event_name":"Colosseum","floor":30,"gold_loss":0},{"damage_healed":0,"gold_gain":0,"player_choice":"Fled From Nobs","damage_taken":0,"max_hp_gain":0,"max_hp_loss":0,"event_name":"Colosseum","floor":30,"gold_loss":0},{"damage_healed":0,"gold_gain":0,"player_choice":"Ignored","damage_taken":0,"max_hp_gain":0,"max_hp_loss":0,"event_name":"Beggar","floor":31,"gold_loss":0}],"is_beta":true,"boss_relics":[{"not_picked":["Busted Crown","Snecko Eye"],"picked":"Philosopher\u0027s Stone"}],"items_purged_floors":[19],"is_endless":false,"potions_floor_spawned":[1,4,5,6,7,13,18,20,27,30],"killed_by":"Champ","ascension_level":12}