{"gold_per_floor":[119,136,151,171,189,189,223,238,238,271,291,73,103,16,16,87,87,106,124,136,146,48,48,75,75,75,75,93,93,112,112,112,189,189,208,58,68,79,79,79,111,111,111,111,122,34,34,51,51,51,51],"floor_reached":52,"playtime":3088,"items_purged":["Strike_G"],"score":1827,"play_id":"53ca9f20-19af-4080-aca9-c9b23528c81a","local_time":"20190708220643","is_ascension_mode":true,"campfire_choices":[{"data":"Neutralize","floor":6.0,"key":"SMITH"},{"data":"Malaise","floor":15.0,"key":"SMITH"},{"data":"After Image","floor":23.0,"key":"SMITH"},{"floor":25.0,"key":"REST"},{"data":"Bouncing Flask","floor":27.0,"key":"SMITH"},{"data":"Deadly Poison","floor":29.0,"key":"SMITH"},{"floor":32.0,"key":"REST"},{"data":"Noxious Fumes","floor":40.0,"key":"SMITH"},{"floor":42.0,"key":"REST"},{"data":"Catalyst","floor":47.0,"key":"SMITH"},{"data":"Caltrops","floor":49.0,"key":"SMITH"}],"neow_cost":"NONE","seed_source_timestamp":381382492856307,"circlet_count":0,"master_deck":["AscendersBane","Strike_G","Strike_G","Strike_G","Strike_G","Defend_G","Defend_G","Defend_G","Defend_G","Defend_G","Survivor","Neutralize+1","Predator","PiercingWail","Poisoned Stab","Dash","Terror","Dagger Throw","Deadly Poison+1","Well Laid Plans","Malaise+1","Caltrops+1","After Image+1","Catalyst+1","Bouncing Flask+1","Bandage Up","Sucker Punch+1","Dodge and Roll+1","Noxious Fumes+1","Deflect+1","Deadly Poison+1","Catalyst+1","Backflip"],"special_seed":0,"relics":["Ring of the Snake","NeowsBlessing","Bag of Marbles","Incense Burner","Unceasing Top","Mercury Hourglass","Sozu","FossilizedHelix","Orichalcum","Eternal Feather","Pear","Anchor"],"potions_floor_usage":[51],"damage_taken":[{"damage":0.0,"enemies":"Cultist","floor":1.0,"turns":1.0},{"damage":0.0,"enemies":"Jaw Worm","floor":2.0,"turns":1.0},{"damage":0.0,"enemies":"Small Slimes","floor":3.0,"turns":1.0},{"damage":0.0,"enemies":"2 Fungi Beasts","floor":4.0,"turns":3.0},{"damage":4.0,"enemies":"3 Louse","floor":5.0,"turns":4.0},{"damage":32.0,"enemies":"Lagavulin","floor":7.0,"turns":7.0},{"damage":0.0,"enemies":"Lots of Slimes","floor":8.0,"turns":1.0},{"damage":12.0,"enemies":"3 Sentries","floor":10.0,"turns":8.0},{"damage":0.0,"enemies":"2 Fungi Beasts","floor":11.0,"turns":2.0},{"damage":6.0,"enemies":"Lagavulin","floor":13.0,"turns":6.0},{"damage":5.0,"enemies":"Hexaghost","floor":16.0,"turns":10.0},{"damage":11.0,"enemies":"Shell Parasite","floor":18.0,"turns":6.0},{"damage":6.0,"enemies":"Chosen","floor":19.0,"turns":4.0},{"damage":7.0,"enemies":"3 Cultists","floor":20.0,"turns":6.0},{"damage":5.0,"enemies":"Snecko","floor":21.0,"turns":4.0},{"damage":21.0,"enemies":"Book of Stabbing","floor":24.0,"turns":5.0},{"damage":9.0,"enemies":"Centurion and Healer","floor":28.0,"turns":6.0},{"damage":12.0,"enemies":"Snake Plant","floor":30.0,"turns":2.0},{"damage":7.0,"enemies":"Colosseum Slavers","floor":31.0,"turns":4.0},{"damage":4.0,"enemies":"Champ","floor":33.0,"turns":10.0},{"damage":0.0,"enemies":"3 Shapes","floor":35.0,"turns":3.0},{"damage":19.0,"enemies":"3 Darklings","floor":37.0,"turns":6.0},{"damage":7.0,"enemies":"Sphere and 2 Shapes","floor":38.0,"turns":4.0},{"damage":52.0,"enemies":"Reptomancer","floor":41.0,"turns":8.0},{"damage":0.0,"enemies":"Jaw Worm Horde","floor":45.0,"turns":6.0},{"damage":0.0,"enemies":"Transient","floor":48.0,"turns":6.0},{"damage":2.0,"enemies":"Time Eater","floor":50.0,"turns":6.0},{"damage":55,"enemies":"Awakened One","floor":51,"turns":19}],"seed_played":"-7699612352594484774","potions_obtained":[{"floor":2.0,"key":"AttackPotion"},{"floor":4.0,"key":"Regen Potion"},{"floor":8.0,"key":"Regen Potion"},{"floor":11.0,"key":"SpeedPotion"},{"floor":16.0,"key":"Fire Potion"}],"is_trial":false,"path_per_floor":["M","M","M","M","M","R","E","M","T","E","M","$","E","$","R","B",null,"M","M","M","M","$","R","E","R","T","R","M","R","M","?","R","B",null,"M","$","M","M","?","R","E","R","T","?","M","$","R","M","R","B","B",null],"character_chosen":"THE_SILENT","items_purchased":["Well Laid Plans","Malaise","Caltrops","Bandage Up","Noxious Fumes","Catalyst"],"campfire_rested":3,"item_purchase_floors":[12,12,14,22,36,46],"current_hp_per_floor":[59,59,59,59,55,55,23,23,23,60,60,60,54,54,54,49,62,51,45,38,33,33,33,16,35,35,35,30,30,18,15,34,34,58,62,62,47,44,44,62,24,64,64,64,68,68,76,76,76,74,23],"gold":51,"neow_bonus":"THREE_ENEMY_KILL","is_prod":false,"is_daily":false,"chose_seed":false,"campfire_upgraded":8,"win_rate":0,"timestamp":1562587603,"path_taken":["M","M","M","M","M","R","E","M","T","E","M","$","E","$","R","BOSS","M","M","M","M","?","R","E","R","T","R","M","R","?","?","R","BOSS","M","$","M","M","?","R","E","R","T","?","M","$","R","M","R","BOSS","BOSS"],"build_version":"2019-07-05","purchased_purges":1,"victory":true,"max_hp_per_floor":[66,66,66,66,66,66,66,66,66,66,66,66,66,66,66,66,66,66,66,66,66,66,66,66,66,66,66,66,66,66,66,66,66,66,66,66,66,66,66,66,76,76,76,76,76,76,76,76,76,76,76],"card_choices":[{"not_picked":["Deflect","Dodge and Roll"],"picked":"Predator","floor":1.0},{"not_picked":["Cloak And Dagger","Flying Knee"],"picked":"PiercingWail","floor":2.0},{"not_picked":["Calculated Gamble","Slice"],"picked":"All Out Attack","floor":3.0},{"not_picked":["Backflip","Tactician"],"picked":"Poisoned Stab","floor":4.0},{"not_picked":["Blur","Catalyst"],"picked":"Dash","floor":5.0},{"not_picked":["Outmaneuver","Setup"],"picked":"Terror","floor":7.0},{"not_picked":["Flying Knee","Outmaneuver","Underhanded Strike"],"picked":"SKIP","floor":8.0},{"not_picked":["Finisher","Calculated Gamble"],"picked":"Dagger Throw","floor":10.0},{"not_picked":["Dagger Spray","Underhanded Strike"],"picked":"Deadly Poison","floor":11.0},{"not_picked":["Expertise","Acrobatics","Endless Agony"],"picked":"SKIP","floor":13.0},{"not_picked":["Night Terror","Storm of Steel"],"picked":"After Image","floor":16.0},{"not_picked":["Poisoned Stab","Flying Knee"],"picked":"Catalyst+1","floor":18.0},{"not_picked":["Catalyst","Setup","Cloak And Dagger"],"picked":"SKIP","floor":19.0},{"not_picked":["Blade Dance","Dagger Throw"],"picked":"Bouncing Flask","floor":20.0},{"not_picked":["Accuracy","Poisoned Stab","Sucker Punch+1"],"picked":"SKIP","floor":21.0},{"not_picked":["Terror","PiercingWail","Choke"],"picked":"SKIP","floor":24.0},{"not_picked":["Predator","Dodge and Roll"],"picked":"Sucker Punch+1","floor":28.0},{"not_picked":["Crippling Poison","Unload","Dagger Spray"],"picked":"SKIP","floor":30.0},{"not_picked":["Terror+1","Poisoned Stab"],"picked":"Dodge and Roll+1","floor":35.0},{"not_picked":["Distraction","Dash+1"],"picked":"Deflect+1","floor":37.0},{"not_picked":["Escape Plan","Reflex","Blade Dance"],"picked":"SKIP","floor":38.0},{"not_picked":["Cloak And Dagger","Setup","Finisher"],"picked":"SKIP","floor":41.0},{"not_picked":["PiercingWail","Quick Slash"],"picked":"Deadly Poison+1","floor":45.0},{"not_picked":["Backstab","Eviscerate"],"picked":"Backflip","floor":48.0}],"player_experience":610546,"relics_obtained":[{"floor":7.0,"key":"Bag of Marbles"},{"floor":9.0,"key":"Incense Burner"},{"floor":10.0,"key":"Unceasing Top"},{"floor":13.0,"key":"Mercury Hourglass"},{"floor":24.0,"key":"FossilizedHelix"},{"floor":26.0,"key":"Orichalcum"},{"floor":41.0,"key":"Pear"},{"floor":43.0,"key":"Anchor"}],"event_choices":[{"damage_healed":0.0,"max_hp_gain":0.0,"max_hp_loss":0.0,"gold_gain":0.0,"event_name":"Colosseum","player_choice":"Fight","floor":31.0,"gold_loss":0.0,"damage_taken":0.0},{"damage_healed":0.0,"max_hp_gain":0.0,"max_hp_loss":0.0,"gold_gain":0.0,"event_name":"Colosseum","player_choice":"Fled From Nobs","floor":31.0,"gold_loss":0.0,"damage_taken":0.0},{"damage_healed":0.0,"max_hp_gain":0.0,"max_hp_loss":0.0,"gold_gain":0.0,"event_name":"SensoryStone","player_choice":"Memory 1","floor":39.0,"gold_loss":0.0,"damage_taken":0.0},{"cards_removed":["All Out Attack"],"damage_healed":0.0,"max_hp_gain":0.0,"max_hp_loss":0.0,"gold_gain":0.0,"event_name":"Falling","player_choice":"Removed Attack","floor":44.0,"gold_loss":0.0,"damage_taken":0.0}],"is_beta":false,"boss_relics":[{"not_picked":["Runic Dome","Empty Cage"],"picked":"Sozu"},{"not_picked":["Black Star","Tiny House"],"picked":"Eternal Feather"}],"items_purged_floors":[36],"is_endless":false,"potions_floor_spawned":[2,4,8,11,16,18,20,30,31,45,48],"ascension_level":20}