{"gold_per_floor":[119,119,219,232,247,247,280,280,307,337,368,393,405,436,448,460],"floor_reached":16,"playtime":750,"items_purged":[],"score":156,"play_id":"5d2c640b-4a12-4b99-86bf-22092f266cec","local_time":"20181102194926","is_ascension_mode":true,"campfire_choices":[{"data":"Neutralize","floor":6,"key":"SMITH"},{"data":"Blur","floor":8,"key":"SMITH"},{"floor":15,"key":"REST"}],"neow_cost":"NONE","seed_source_timestamp":516219651305384,"circlet_count":0,"master_deck":["AscendersBane","Defend_G","Defend_G","Defend_G+1","Defend_G","Defend_G","Strike_G","Strike_G","Strike_G","Strike_G+1","Strike_G","Survivor","Neutralize+1","Blur+1","All Out Attack","Masterful Stab","Backflip","Backstab"],"relics":["Velvet Choker","Potion Belt","MawBank","FaceOfCleric"],"potions_floor_usage":[16],"damage_taken":[{"damage":6,"enemies":"2 Louse","floor":1,"turns":3},{"damage":0,"enemies":"Small Slimes","floor":4,"turns":4},{"damage":0,"enemies":"Cultist","floor":5,"turns":4},{"damage":27,"enemies":"3 Sentries","floor":7,"turns":9},{"damage":3,"enemies":"Blue Slaver","floor":10,"turns":3},{"damage":5,"enemies":"Gremlin Gang","floor":11,"turns":5},{"damage":0,"enemies":"2 Fungi Beasts","floor":12,"turns":3},{"damage":0,"enemies":"3 Louse","floor":14,"turns":3},{"damage":34,"enemies":"Hexaghost","floor":16,"turns":16}],"seed_played":"4570752978352908096","potions_obtained":[{"floor":7,"key":"Energy Potion"},{"floor":11,"key":"Strength Potion"},{"floor":12,"key":"EssenceOfSteel"},{"floor":14,"key":"LiquidBronze"}],"is_trial":false,"path_per_floor":["M","?","?","M","M","R","E","R","T","M","M","M","?","M","R","B"],"character_chosen":"THE_SILENT","items_purchased":[],"campfire_rested":1,"item_purchase_floors":[],"current_hp_per_floor":[57,43,43,43,43,43,16,16,16,13,8,8,8,9,30,0],"gold":460,"neow_bonus":"BOSS_RELIC","is_prod":false,"is_daily":false,"chose_seed":false,"campfire_upgraded":2,"win_rate":0,"timestamp":1541148566,"path_taken":["M","?","?","M","M","R","E","R","T","?","M","M","?","M","R","BOSS"],"build_version":"2018-11-01v2","purchased_purges":0,"victory":false,"max_hp_per_floor":[70,70,70,70,70,70,70,70,70,70,70,70,70,71,71,71],"card_choices":[{"not_picked":["Deadly Poison","Dagger Throw"],"picked":"Blur","floor":1},{"not_picked":["Acrobatics","Underhanded Strike"],"picked":"All Out Attack","floor":4},{"not_picked":["Calculated Gamble","Crippling Poison","Phantasmal Killer"],"picked":"SKIP","floor":5},{"not_picked":["Finisher","Calculated Gamble"],"picked":"Masterful Stab","floor":7},{"not_picked":["Concentrate","Predator"],"picked":"Backflip","floor":10},{"not_picked":["Cloak And Dagger","Backflip"],"picked":"Backstab","floor":11},{"not_picked":["Poisoned Stab","Slice","Bouncing Flask"],"picked":"SKIP","floor":12},{"not_picked":["Concentrate","Bouncing Flask","Flying Knee"],"picked":"SKIP","floor":14}],"player_experience":403790,"relics_obtained":[{"floor":7,"key":"Potion Belt"},{"floor":9,"key":"MawBank"}],"event_choices":[{"damage_healed":0,"gold_gain":0,"player_choice":"Entered Light","damage_taken":14,"max_hp_gain":0,"max_hp_loss":0,"event_name":"Shining Light","floor":2,"gold_loss":0,"cards_upgraded":["Strike_G","Defend_G"]},{"damage_healed":0,"gold_gain":100,"player_choice":"Pray","damage_taken":0,"max_hp_gain":0,"max_hp_loss":0,"event_name":"Golden Shrine","floor":3,"gold_loss":0},{"damage_healed":0,"gold_gain":0,"player_choice":"Trade","damage_taken":0,"relics_obtained":["FaceOfCleric"],"max_hp_gain":0,"max_hp_loss":0,"event_name":"FaceTrader","floor":13,"gold_loss":0}],"is_beta":true,"boss_relics":[],"items_purged_floors":[],"is_endless":false,"potions_floor_spawned":[7,11,12,14],"killed_by":"Hexaghost","ascension_level":10}