{"gold_per_floor":[119,69,69,144,144,173,193,193,193,224,86,86,86,99,99,194,194,207,3,15,15,15,15],"floor_reached":23,"playtime":1456,"items_purged":[],"score":215,"play_id":"e857306a-15d3-4dc9-8693-ee9c6c0f56de","local_time":"20190713165551","is_ascension_mode":true,"campfire_choices":[{"floor":8,"key":"REST"},{"floor":12,"key":"REST"},{"data":"Clothesline","floor":15,"key":"SMITH"}],"neow_cost":"NONE","seed_source_timestamp":281077000151188,"circlet_count":0,"master_deck":["Strike_R","Strike_R","Strike_R","Strike_R","Strike_R","Defend_R","Defend_R","Defend_R","Defend_R","Bash","Sword Boomerang","Armaments","Clothesline+1","Metallicize","Ghostly Armor","Iron Wave","Immolate","Feed","Dropkick","Battle Trance"],"relics":["Black Blood","Gremlin Horn","Paper Frog","Meat on the Bone","Anchor","Sling"],"potions_floor_usage":[6,10,20],"damage_taken":[{"damage":6,"enemies":"2 Louse","floor":1,"turns":4},{"damage":49,"enemies":"Lagavulin","floor":6,"turns":7},{"damage":7,"enemies":"Jaw Worm","floor":7,"turns":4},{"damage":14,"enemies":"3 Sentries","floor":10,"turns":10},{"damage":0,"enemies":"Small Slimes","floor":14,"turns":3},{"damage":63,"enemies":"Hexaghost","floor":16,"turns":15},{"damage":22,"enemies":"Shell Parasite","floor":18,"turns":10},{"damage":60,"enemies":"Spheric Guardian","floor":20,"turns":10},{"damage":39,"enemies":"Gremlin Leader","floor":23,"turns":5}],"seed_played":"2443995860023789464","potions_obtained":[{"floor":1,"key":"Energy Potion"},{"floor":7,"key":"SkillPotion"},{"floor":18,"key":"Swift Potion"},{"floor":20,"key":"LiquidBronze"}],"is_trial":false,"path_per_floor":["M","?","$","?","?","E","M","R","T","E","$","R","?","M","R","B",null,"M","$","M","?","?","E"],"character_chosen":"IRONCLAD","items_purchased":["Ghostly Armor","Iron Wave","Havoc","Sling"],"campfire_rested":2,"item_purchase_floors":[11,11,11,19],"current_hp_per_floor":[80,80,80,69,62,19,18,42,42,46,46,70,75,80,80,35,80,71,71,33,33,33,0],"gold":15,"neow_bonus":"ONE_RANDOM_RARE_CARD","is_prod":false,"is_daily":false,"chose_seed":false,"campfire_upgraded":1,"win_rate":0,"timestamp":1563051351,"path_taken":["M","?","?","?","?","E","M","R","T","E","$","R","?","M","R","BOSS","M","$","?","?","?","E"],"build_version":"2019-07-05","purchased_purges":0,"victory":false,"max_hp_per_floor":[80,80,80,80,80,80,80,80,80,80,80,80,80,80,80,80,80,83,83,83,83,83,83],"card_choices":[{"not_picked":["Dual Wield","Perfected Strike"],"picked":"Sword Boomerang","floor":1},{"not_picked":["Dual Wield","Bloodletting"],"picked":"Armaments","floor":6},{"not_picked":["Headbutt","Cleave"],"picked":"Clothesline","floor":7},{"not_picked":["Whirlwind","Clothesline"],"picked":"Metallicize","floor":10},{"not_picked":["Blood for Blood","Thunderclap"],"picked":"Immolate","floor":14},{"not_picked":["Offering","Exhume"],"picked":"Feed","floor":16},{"not_picked":["Perfected Strike","Bloodletting"],"picked":"Dropkick","floor":18},{"not_picked":["Pommel Strike","Body Slam"],"picked":"Battle Trance","floor":20}],"player_experience":123662,"relics_obtained":[{"floor":6,"key":"Paper Frog"},{"floor":9,"key":"Meat on the Bone"},{"floor":10,"key":"Anchor"}],"event_choices":[{"cards_removed":["Berserk"],"damage_healed":0,"gold_gain":0,"player_choice":"Card Removal","damage_taken":0,"max_hp_gain":0,"max_hp_loss":0,"event_name":"The Cleric","floor":2,"gold_loss":50},{"damage_healed":0,"gold_gain":75,"player_choice":"Gather Gold","damage_taken":11,"max_hp_gain":0,"max_hp_loss":0,"event_name":"World of Goop","floor":4,"gold_loss":0},{"damage_healed":0,"gold_gain":0,"player_choice":"Success","damage_taken":7,"relics_obtained":["Gremlin Horn"],"max_hp_gain":0,"max_hp_loss":0,"event_name":"Scrap Ooze","floor":5,"gold_loss":0},{"cards_removed":["Havoc"],"damage_healed":5,"gold_gain":0,"player_choice":"Offered Common","damage_taken":0,"max_hp_gain":0,"max_hp_loss":0,"event_name":"Bonfire Elementals","floor":13,"gold_loss":0},{"cards_removed":["Havoc"],"damage_healed":5,"gold_gain":0,"player_choice":"Offered Special","damage_taken":0,"max_hp_gain":0,"max_hp_loss":0,"event_name":"Bonfire Elementals","floor":13,"gold_loss":0},{"damage_healed":0,"gold_gain":0,"player_choice":"Ignored","damage_taken":0,"max_hp_gain":0,"max_hp_loss":0,"event_name":"Cursed Tome","floor":21,"gold_loss":0},{"damage_healed":0,"gold_gain":0,"player_choice":"Ignored","damage_taken":0,"max_hp_gain":0,"max_hp_loss":0,"event_name":"N\u0027loth","floor":22,"gold_loss":0}],"is_beta":false,"boss_relics":[{"not_picked":["Runic Dome","Runic Cube"],"picked":"Black Blood"}],"items_purged_floors":[],"is_endless":false,"potions_floor_spawned":[1,7,18,20],"killed_by":"Gremlin Leader","ascension_level":2}