{"gold_per_floor":[110,110,74,90,104,104,140,140,167,167,167,202,202],"floor_reached":13,"playtime":416,"items_purged":[],"score":105,"play_id":"f2b6b245-537f-4cbf-8d3a-b4ebb49bf256","local_time":"20190718150327","is_ascension_mode":true,"campfire_choices":[{"data":"Loop","floor":6.0,"key":"SMITH"},{"floor":11,"key":"REST"}],"neow_cost":"NONE","seed_source_timestamp":707361433644784,"circlet_count":0,"master_deck":["Strike_B","Strike_B","Strike_B","Strike_B","Defend_B","Defend_B","Defend_B","Defend_B","Zap","Dualcast","Creative AI","Loop+1","Auto Shields","Genetic Algorithm","Stack","Stack","Machine Learning"],"special_seed":0,"relics":["Cracked Core","Golden Idol","Happy Flower","Vajra"],"potions_floor_usage":[],"damage_taken":[{"damage":0.0,"enemies":"Small Slimes","floor":1.0,"turns":2.0},{"damage":8.0,"enemies":"Jaw Worm","floor":4.0,"turns":6.0},{"damage":6.0,"enemies":"Cultist","floor":5.0,"turns":6.0},{"damage":36.0,"enemies":"Gremlin Nob","floor":7.0,"turns":5.0},{"damage":48,"enemies":"Lagavulin","floor":12,"turns":9},{"damage":9,"enemies":"2 Fungi Beasts","floor":13,"turns":2}],"seed_played":"3520737484314860050","potions_obtained":[{"floor":1.0,"key":"FairyPotion"},{"floor":7.0,"key":"Energy Potion"},{"floor":12,"key":"Block Potion"}],"is_trial":false,"path_per_floor":["M","?","$","M","M","R","E","?","T","?","R","E","M"],"character_chosen":"DEFECT","items_purchased":["Auto Shields"],"campfire_rested":1,"item_purchase_floors":[3],"current_hp_per_floor":[75,57,57,49,43,43,7,25,25,25,46,7,0],"gold":202,"neow_bonus":"ONE_RANDOM_RARE_CARD","is_prod":false,"is_daily":false,"chose_seed":false,"campfire_upgraded":1,"win_rate":0,"timestamp":1563476607,"path_taken":["M","?","$","M","M","R","E","?","T","?","R","E","?"],"build_version":"2019-07-17","purchased_purges":0,"victory":false,"max_hp_per_floor":[75,75,75,75,75,75,75,75,75,72,72,72,72],"card_choices":[{"not_picked":["Barrage","Blizzard"],"picked":"Loop","floor":1.0},{"not_picked":["Static Discharge","Fusion"],"picked":"Genetic Algorithm","floor":4.0},{"not_picked":["Streamline","Hologram"],"picked":"Stack","floor":5.0},{"not_picked":["Creative AI","Redo"],"picked":"Stack","floor":7.0},{"not_picked":["Rebound","Streamline"],"picked":"Machine Learning","floor":12}],"player_experience":208188,"relics_obtained":[{"floor":7.0,"key":"Happy Flower"},{"floor":12,"key":"Vajra"}],"event_choices":[{"damage_healed":0.0,"max_hp_gain":0.0,"max_hp_loss":0.0,"gold_gain":0.0,"event_name":"Golden Idol","player_choice":"Take Damage","floor":2.0,"gold_loss":0.0,"damage_taken":18.0,"relics_obtained":["Golden Idol"]},{"damage_healed":18.0,"max_hp_gain":0.0,"max_hp_loss":0.0,"gold_gain":0.0,"event_name":"Mushrooms","player_choice":"Healed and dodged fight","floor":8.0,"gold_loss":0.0,"damage_taken":0.0,"cards_obtained":["Parasite"]},{"cards_removed":["Parasite"],"damage_healed":0,"gold_gain":0,"player_choice":"Forget","damage_taken":0,"max_hp_gain":0,"max_hp_loss":0,"event_name":"Living Wall","floor":10,"gold_loss":0}],"is_beta":false,"boss_relics":[],"items_purged_floors":[],"is_endless":false,"potions_floor_spawned":[1,7,12],"killed_by":"2 Fungi Beasts","ascension_level":3}