{"gold_per_floor":[118,7,23,23,37,63,63,89,89,103,33,61,61,71,71,172,172,184,184,198,86,86,111,111,144,197,224,224,271,290,309,309,407,407,423,434,120,136,154,154],"floor_reached":40,"playtime":3957,"items_purged":["Strike_B"],"score":516,"play_id":"c315e5d0-169f-43d2-82bd-7a30d2d16ef6","local_time":"20190712221732","is_ascension_mode":true,"campfire_choices":[{"data":"Glacier","floor":7.0,"key":"SMITH"},{"floor":13.0,"key":"REST"},{"data":"Doom and Gloom","floor":15.0,"key":"SMITH"},{"floor":28.0,"key":"REST"},{"data":"Creative AI","floor":32.0,"key":"SMITH"}],"neow_cost":"NONE","seed_source_timestamp":209923710853699,"circlet_count":0,"master_deck":["Strike_B","Strike_B","Defend_B","Defend_B+1","Defend_B","Zap+1","Dualcast+1","Glacier+1","Self Repair","Doom and Gloom+1","Glacier","Doom and Gloom","Beam Cell","Coolheaded","Leap","Defragment","Glacier","Undo","Creative AI+1","Chill","Melter","Capacitor","Chill","Aggregate","Undo","Gash","Biased Cognition","Beam Cell","Gash","Loop","Electrodynamics","Undo+1","Lockon+1","Streamline"],"special_seed":0,"relics":["Cracked Core","NeowsBlessing","Lantern","Bottled Tornado","Question Card","Sozu","War Paint","PreservedInsect","Bag of Marbles","Centennial Puzzle","Omamori","Black Star","Kunai"],"potions_floor_usage":[],"damage_taken":[{"damage":0.0,"enemies":"2 Louse","floor":1.0,"turns":1.0},{"damage":0.0,"enemies":"Cultist","floor":3.0,"turns":1.0},{"damage":0.0,"enemies":"Small Slimes","floor":5.0,"turns":1.0},{"damage":26.0,"enemies":"Gremlin Nob","floor":6.0,"turns":6.0},{"damage":23.0,"enemies":"Lagavulin","floor":8.0,"turns":8.0},{"damage":0.0,"enemies":"Looter","floor":10.0,"turns":4.0},{"damage":8.0,"enemies":"3 Sentries","floor":12.0,"turns":5.0},{"damage":5.0,"enemies":"Lots of Slimes","floor":14.0,"turns":5.0},{"damage":23.0,"enemies":"Slime Boss","floor":16.0,"turns":17.0},{"damage":4.0,"enemies":"Spheric Guardian","floor":18.0,"turns":9.0},{"damage":4.0,"enemies":"Shell Parasite","floor":20.0,"turns":7.0},{"damage":21.0,"enemies":"Gremlin Leader","floor":23.0,"turns":12.0},{"damage":24.0,"enemies":"Slavers","floor":25.0,"turns":4.0},{"damage":2.0,"enemies":"Book of Stabbing","floor":27.0,"turns":8.0},{"damage":1.0,"enemies":"3 Cultists","floor":30.0,"turns":6.0},{"damage":16.0,"enemies":"Centurion and Healer","floor":31.0,"turns":5.0},{"damage":26.0,"enemies":"Champ","floor":33.0,"turns":12.0},{"damage":6.0,"enemies":"3 Darklings","floor":35.0,"turns":5.0},{"damage":13.0,"enemies":"3 Shapes","floor":36.0,"turns":5.0},{"damage":7.0,"enemies":"Sphere and 2 Shapes","floor":38.0,"turns":7.0},{"damage":16.0,"enemies":"Spire Growth","floor":39.0,"turns":7.0},{"damage":62,"enemies":"Giant Head","floor":40,"turns":9}],"seed_played":"8242775107894957091","potions_obtained":[{"floor":1.0,"key":"Poison Potion"},{"floor":5.0,"key":"SkillPotion"},{"floor":6.0,"key":"Ancient Potion"},{"floor":16.0,"key":"AttackPotion"}],"is_trial":false,"path_per_floor":["M","$","M","?","M","E","R","E","T","M","$","E","R","M","R","B",null,"M","?","M","$","?","E","?","E","T","E","R","T","M","M","R","B",null,"M","M","$","M","M","E"],"character_chosen":"DEFECT","items_purchased":["Self Repair","Doom and Gloom","Defragment","Capacitor","Chill","Kunai"],"campfire_rested":2,"item_purchase_floors":[2,2,11,21,21,37],"current_hp_per_floor":[75,75,75,75,75,56,56,40,40,47,47,46,68,63,63,40,75,75,75,75,75,75,61,61,44,44,49,71,71,75,66,66,47,75,75,69,69,69,60,0],"gold":154,"neow_bonus":"THREE_ENEMY_KILL","is_prod":false,"is_daily":false,"chose_seed":false,"campfire_upgraded":3,"win_rate":0,"timestamp":1562984252,"path_taken":["M","$","M","?","M","E","R","E","T","?","$","E","R","M","R","BOSS","M","?","M","$","?","E","?","E","T","E","R","?","M","M","R","BOSS","M","M","$","?","M","E"],"build_version":"2019-07-05","purchased_purges":1,"victory":false,"max_hp_per_floor":[75,75,75,75,75,75,75,75,75,75,75,75,75,75,75,75,75,75,75,75,75,75,75,75,75,75,75,75,75,75,75,75,75,75,75,75,75,75,75,75],"card_choices":[{"not_picked":["Chill","Conserve Battery"],"picked":"Glacier","floor":1.0},{"not_picked":["Go for the Eyes","Cold Snap"],"picked":"Glacier","floor":3.0},{"not_picked":["Stack","Conserve Battery"],"picked":"Doom and Gloom","floor":5.0},{"not_picked":["Static Discharge","Thunder Strike"],"picked":"Beam Cell","floor":6.0},{"not_picked":["Force Field","Rebound"],"picked":"Coolheaded","floor":8.0},{"not_picked":["Coolheaded","Sweeping Beam"],"picked":"Leap","floor":10.0},{"not_picked":["Stack","Consume"],"picked":"Glacier","floor":12.0},{"not_picked":["Ball Lightning","Sweeping Beam","Fission"],"picked":"Undo","floor":14.0},{"not_picked":["Electrodynamics","Thunder Strike","Fission"],"picked":"Creative AI","floor":16.0},{"not_picked":["Coolheaded+1","Rebound","Sunder"],"picked":"Chill","floor":18.0},{"not_picked":["Coolheaded","Chaos","Stack"],"picked":"Melter","floor":20.0},{"not_picked":["Go for the Eyes","Barrage","Sweeping Beam"],"picked":"Gash","floor":23.0},{"not_picked":["Chaos","Redo","Rip and Tear"],"picked":"Biased Cognition","floor":25.0},{"not_picked":["Chill+1","Recycle+1","BootSequence+1"],"picked":"Beam Cell","floor":27.0},{"not_picked":["Recycle","Ball Lightning+1","Conserve Battery"],"picked":"Gash","floor":30.0},{"not_picked":["Undo","White Noise","Steam+1"],"picked":"Loop","floor":31.0},{"not_picked":["Core Surge","Reboot","Meteor Strike"],"picked":"Electrodynamics","floor":33.0},{"not_picked":["Leap","Rebound","Redo"],"picked":"Undo+1","floor":35.0},{"not_picked":["Rebound","Double Energy","Ball Lightning","Glacier"],"picked":"SKIP","floor":36.0},{"not_picked":["Self Repair+1","Go for the Eyes","Stack"],"picked":"Lockon+1","floor":38.0},{"not_picked":["Echo Form","Gash","Hologram+1"],"picked":"Streamline","floor":39.0}],"player_experience":112245,"relics_obtained":[{"floor":6.0,"key":"Lantern"},{"floor":8.0,"key":"Bottled Tornado"},{"floor":12.0,"key":"Question Card"},{"floor":23.0,"key":"War Paint"},{"floor":25.0,"key":"PreservedInsect"},{"floor":26.0,"key":"Bag of Marbles"},{"floor":27.0,"key":"Centennial Puzzle"},{"floor":29.0,"key":"Omamori"}],"event_choices":[{"damage_healed":0.0,"max_hp_gain":0.0,"max_hp_loss":0.0,"gold_gain":0.0,"event_name":"Upgrade Shrine","player_choice":"Upgraded","floor":4.0,"gold_loss":0.0,"damage_taken":0.0,"cards_upgraded":["Zap"]},{"damage_healed":0.0,"max_hp_gain":0.0,"max_hp_loss":0.0,"gold_gain":0.0,"event_name":"Vampires","player_choice":"Ignored","floor":19.0,"gold_loss":0.0,"damage_taken":0.0},{"damage_healed":0.0,"max_hp_gain":0.0,"max_hp_loss":0.0,"gold_gain":0.0,"cards_transformed":["Defend_B","Strike_B"],"event_name":"Drug Dealer","player_choice":"Became Test Subject","floor":22.0,"gold_loss":0.0,"damage_taken":0.0,"cards_obtained":["Aggregate","Undo"]},{"damage_healed":0.0,"max_hp_gain":0.0,"max_hp_loss":0.0,"gold_gain":0.0,"event_name":"Cursed Tome","player_choice":"Ignored","floor":24.0,"gold_loss":0.0,"damage_taken":0.0}],"is_beta":false,"boss_relics":[{"not_picked":["Lizard Tail","Philosopher\u0027s Stone"],"picked":"Sozu"},{"not_picked":["White Beast Statue","Runic Pyramid"],"picked":"Black Star"}],"items_purged_floors":[37],"is_endless":false,"potions_floor_spawned":[1,5,6,16,20,30,31,33,38],"killed_by":"Giant Head","ascension_level":1}