{"gold_per_floor":[110,125,200,211,221,221,234,234,261,292,306,306,325,250,250,347,347,357,357,257,270,283,283,283,294,294,294,305,37,37,66,66,66],"floor_reached":33,"playtime":2432,"items_purged":["Defend_B","Strike_B","Defend_B"],"score":323,"play_id":"3b958164-9ad8-4d74-8fab-bd0d3941e582","local_time":"20190705144227","is_ascension_mode":true,"campfire_choices":[{"data":"Chaos","floor":6,"key":"SMITH"},{"data":"Zap","floor":8,"key":"SMITH"},{"floor":15,"key":"REST"},{"data":"Biased Cognition","floor":23,"key":"SMITH"},{"floor":30,"key":"REST"},{"floor":32,"key":"REST"}],"neow_cost":"TEN_PERCENT_HP_LOSS","seed_source_timestamp":87198809933931,"circlet_count":0,"master_deck":["Zap+1","Dualcast","Core Surge","Rainbow","Sweeping Beam","Steam","Cold Snap","Chaos+1","Lockon","Core Surge","Ball Lightning","Biased Cognition+1","Biased Cognition","Auto Shields","Consume+1","BootSequence","All For One","Melter","Chaos","Steam","Compile Driver"],"relics":["Cracked Core","Oddly Smooth Stone","Happy Flower","Black Star","Bronze Scales","Bird Faced Urn","Ancient Tea Set","Matryoshka","Unceasing Top"],"potions_floor_usage":[13,33],"damage_taken":[{"damage":5,"enemies":"Jaw Worm","floor":1,"turns":3},{"damage":4,"enemies":"Cultist","floor":2,"turns":3},{"damage":0,"enemies":"Small Slimes","floor":4,"turns":2},{"damage":4,"enemies":"Red Slaver","floor":5,"turns":4},{"damage":1,"enemies":"Blue Slaver","floor":7,"turns":3},{"damage":4,"enemies":"3 Sentries","floor":10,"turns":4},{"damage":15,"enemies":"Exordium Thugs","floor":11,"turns":3},{"damage":0,"enemies":"2 Fungi Beasts","floor":13,"turns":2},{"damage":13,"enemies":"The Guardian","floor":16,"turns":9},{"damage":6,"enemies":"Chosen","floor":18,"turns":3},{"damage":8,"enemies":"Shell Parasite","floor":21,"turns":2},{"damage":10,"enemies":"Chosen and Byrds","floor":22,"turns":5},{"damage":5,"enemies":"Snecko","floor":25,"turns":4},{"damage":8,"enemies":"Shelled Parasite and Fungi","floor":28,"turns":4},{"damage":52,"enemies":"Gremlin Leader","floor":31,"turns":6},{"damage":33,"enemies":"Automaton","floor":33,"turns":6}],"seed_played":"3409168093363477299","potions_obtained":[{"floor":10,"key":"Swift Potion"},{"floor":11,"key":"LiquidBronze"},{"floor":16,"key":"Dexterity Potion"},{"floor":21,"key":"SteroidPotion"},{"floor":28,"key":"Strength Potion"}],"is_trial":false,"path_per_floor":["M","M","?","M","M","R","M","R","T","E","M","?","M","$","R","B",null,"M","?","$","M","M","R","?","M","T","?","M","$","R","E","R","B"],"character_chosen":"DEFECT","items_purchased":["Ancient Tea Set"],"campfire_rested":3,"item_purchase_floors":[29],"current_hp_per_floor":[63,59,53,53,49,49,48,48,48,44,29,29,29,29,49,36,68,62,62,62,54,44,44,44,39,39,39,33,33,53,3,23,0],"gold":66,"neow_bonus":"TRANSFORM_TWO_CARDS","is_prod":false,"is_daily":false,"chose_seed":false,"campfire_upgraded":3,"win_rate":0,"timestamp":1562308947,"path_taken":["M","M","?","M","M","R","M","R","T","E","?","?","?","$","R","BOSS","M","?","?","?","M","R","?","M","T","?","M","$","R","E","R","BOSS"],"build_version":"2019-07-01","purchased_purges":3,"victory":false,"max_hp_per_floor":[68,68,68,68,68,68,68,68,68,68,68,68,68,68,68,68,68,68,68,68,68,68,68,68,68,68,68,68,68,68,68,68,68],"card_choices":[{"not_picked":["Gash","Barrage"],"picked":"Sweeping Beam","floor":1},{"not_picked":["Beam Cell","Hologram"],"picked":"Steam","floor":2},{"not_picked":["Coolheaded","Heatsinks"],"picked":"Cold Snap","floor":4},{"not_picked":["Hello World","Leap"],"picked":"Chaos","floor":5},{"not_picked":["Ball Lightning","Gash"],"picked":"Lockon","floor":7},{"not_picked":["Go for the Eyes","Scrape"],"picked":"Core Surge","floor":10},{"not_picked":["Gash","Cold Snap"],"picked":"Ball Lightning","floor":11},{"not_picked":["Redo","Barrage"],"picked":"Biased Cognition","floor":13},{"not_picked":["Echo Form","Fission"],"picked":"Biased Cognition","floor":16},{"not_picked":["Streamline","Cold Snap"],"picked":"Auto Shields","floor":18},{"not_picked":["Barrage","Turbo"],"picked":"Consume+1","floor":21},{"not_picked":["Glacier","Scrape"],"picked":"BootSequence","floor":22},{"not_picked":["Undo","Beam Cell+1"],"picked":"Chaos","floor":25},{"not_picked":["Cold Snap","Tempest"],"picked":"Steam","floor":28},{"not_picked":["Beam Cell","Scrape"],"picked":"Compile Driver","floor":31}],"player_experience":168739,"relics_obtained":[{"floor":9,"key":"Oddly Smooth Stone"},{"floor":10,"key":"Happy Flower"},{"floor":31,"key":"Matryoshka"},{"floor":31,"key":"Unceasing Top"}],"event_choices":[{"damage_healed":0,"gold_gain":75,"player_choice":"Touch","damage_taken":6,"max_hp_gain":0,"max_hp_loss":0,"event_name":"FaceTrader","floor":3,"gold_loss":0},{"cards_removed":["Strike_B"],"damage_healed":0,"gold_gain":0,"player_choice":"Purged","damage_taken":0,"max_hp_gain":0,"max_hp_loss":0,"event_name":"Purifier","floor":12,"gold_loss":0},{"damage_healed":0,"gold_gain":0,"player_choice":"Opened","damage_taken":0,"relics_obtained":["Bronze Scales"],"max_hp_gain":0,"max_hp_loss":0,"event_name":"The Mausoleum","floor":19,"gold_loss":0},{"damage_healed":0,"gold_gain":0,"cards_transformed":["Strike_B","Defend_B"],"player_choice":"Became Test Subject","damage_taken":0,"max_hp_gain":0,"max_hp_loss":0,"event_name":"Drug Dealer","floor":24,"gold_loss":0,"cards_obtained":["All For One","Melter"]},{"damage_healed":0,"gold_gain":0,"player_choice":"Gave Potion","damage_taken":0,"relics_obtained":["Bird Faced Urn"],"max_hp_gain":0,"max_hp_loss":0,"event_name":"WeMeetAgain","floor":27,"gold_loss":0}],"is_beta":false,"boss_relics":[{"not_picked":["Pandora\u0027s Box","Eternal Feather"],"picked":"Black Star"}],"items_purged_floors":[14,20,29],"is_endless":false,"potions_floor_spawned":[10,11,16,21,28],"killed_by":"Automaton","ascension_level":4}