{"gold_per_floor":[117,136,8,18,18,93,93,93,93,93,111,123,137,156,156,156],"floor_reached":16,"playtime":1009,"items_purged":["Defend_G"],"score":94,"play_id":"bf62a4ab-eeab-4bf4-8196-1e32a01b95a7","local_time":"20190709130100","is_ascension_mode":false,"campfire_choices":[{"floor":8,"key":"REST"},{"data":"Blade Dance","floor":10,"key":"SMITH"},{"floor":15,"key":"REST"}],"neow_cost":"NONE","seed_source_timestamp":433753991382264,"circlet_count":0,"master_deck":["Strike_G","Strike_G","Strike_G","Strike_G","Strike_G","Defend_G","Defend_G","Defend_G","Survivor","Neutralize","Blade Dance+1","Well Laid Plans","Dagger Spray","Backstab","Dagger Spray","All Out Attack","Heel Hook","Underhanded Strike"],"relics":["Ring of the Snake","Meat on the Bone"],"potions_floor_usage":[16,16],"damage_taken":[{"damage":10,"enemies":"Small Slimes","floor":1,"turns":3},{"damage":8,"enemies":"Jaw Worm","floor":2,"turns":4},{"damage":5,"enemies":"2 Louse","floor":4,"turns":2},{"damage":10,"enemies":"Looter","floor":11,"turns":3},{"damage":0,"enemies":"Large Slime","floor":12,"turns":4},{"damage":1,"enemies":"Blue Slaver","floor":13,"turns":2},{"damage":0,"enemies":"3 Louse","floor":14,"turns":2},{"damage":81,"enemies":"Hexaghost","floor":16,"turns":11}],"seed_played":"8188228396560380271","potions_obtained":[{"floor":11,"key":"SpeedPotion"},{"floor":13,"key":"AttackPotion"},{"floor":14,"key":"Poison Potion"}],"is_trial":false,"path_per_floor":["M","M","$","M","?","?","?","R","T","R","M","M","M","M","R","B"],"character_chosen":"THE_SILENT","items_purchased":["Dagger Spray"],"campfire_rested":2,"item_purchase_floors":[3],"current_hp_per_floor":[67,59,59,54,54,43,43,66,66,66,56,56,55,55,77,0],"gold":156,"neow_bonus":"TEN_PERCENT_HP_BONUS","is_prod":false,"is_daily":false,"chose_seed":false,"campfire_upgraded":1,"win_rate":0.0,"timestamp":1562691660,"path_taken":["M","M","$","M","?","?","?","R","T","R","M","M","M","M","R","BOSS"],"build_version":"2019-07-05","purchased_purges":1,"victory":false,"max_hp_per_floor":[77,77,77,77,77,77,77,77,77,77,77,77,77,77,77,77],"card_choices":[{"not_picked":["Prepared","Dagger Throw"],"picked":"Blade Dance","floor":1},{"not_picked":["Backflip","Acrobatics"],"picked":"Well Laid Plans","floor":2},{"not_picked":["Endless Agony","Flechettes"],"picked":"Backstab","floor":4},{"not_picked":["Quick Slash","Deflect"],"picked":"Dagger Spray","floor":11},{"not_picked":["Eviscerate","Reflex"],"picked":"All Out Attack","floor":12},{"not_picked":["Deadly Poison","Crippling Poison"],"picked":"Heel Hook","floor":13},{"not_picked":["Slice","Flying Knee"],"picked":"Underhanded Strike","floor":14}],"player_experience":2266,"relics_obtained":[{"floor":9,"key":"Meat on the Bone"}],"event_choices":[{"damage_healed":0,"gold_gain":0,"player_choice":"Ignored","damage_taken":0,"max_hp_gain":0,"max_hp_loss":0,"event_name":"Liars Game","floor":5,"gold_loss":0},{"damage_healed":0,"gold_gain":75,"player_choice":"Gather Gold","damage_taken":11,"max_hp_gain":0,"max_hp_loss":0,"event_name":"World of Goop","floor":6,"gold_loss":0},{"cards_removed":["Defend_G"],"damage_healed":0,"gold_gain":0,"player_choice":"Forget","damage_taken":0,"max_hp_gain":0,"max_hp_loss":0,"event_name":"Living Wall","floor":7,"gold_loss":0}],"is_beta":false,"boss_relics":[],"items_purged_floors":[3],"is_endless":false,"potions_floor_spawned":[11,13,14],"killed_by":"Hexaghost","ascension_level":0}