{"gold_per_floor":[210,224,243,48,48,1,28,28,28,63,63,81,94,112,112,187,187,187,187,107,107,28,28,28,28,28,28,28,28,28,28,28,28],"floor_reached":33,"playtime":2210,"items_purged":["Strike_G"],"score":554,"play_id":"ff04ab26-18ff-4eda-822c-7392a968d170","local_time":"20190707145049","is_ascension_mode":true,"campfire_choices":[{"floor":8,"key":"REST"},{"data":"Neutralize","floor":11,"key":"SMITH"},{"data":"Footwork","floor":15,"key":"SMITH"},{"data":"Caltrops","floor":23,"key":"SMITH"},{"data":"A Thousand Cuts","floor":27,"key":"SMITH"},{"data":"Burst","floor":32,"key":"SMITH"}],"neow_cost":"NONE","seed_source_timestamp":270209373713919,"circlet_count":0,"master_deck":["AscendersBane","Strike_G","Strike_G","Strike_G","Strike_G","Defend_G","Defend_G","Defend_G","Defend_G","Defend_G","Survivor","Neutralize+1","Sucker Punch","Quick Slash","Deflect","Footwork+1","Escape Plan","Backstab","Backflip","Dodge and Roll","Adrenaline","Dagger Spray","All Out Attack","Bouncing Flask","Prepared+1","Caltrops+1","A Thousand Cuts+1","Burst+1"],"special_seed":0,"relics":["Ring of the Snake","Meat on the Bone","Orichalcum","Singing Bowl","Ectoplasm","Old Coin","Pantograph"],"potions_floor_usage":[7,12,18,25,25,31,33],"damage_taken":[{"damage":2.0,"enemies":"2 Louse","floor":1.0,"turns":3.0},{"damage":2.0,"enemies":"Jaw Worm","floor":2.0,"turns":7.0},{"damage":4.0,"enemies":"Cultist","floor":3.0,"turns":4.0},{"damage":20,"enemies":"3 Sentries","floor":7,"turns":15},{"damage":26,"enemies":"Gremlin Nob","floor":10,"turns":5},{"damage":8,"enemies":"Exordium Thugs","floor":12,"turns":7},{"damage":0,"enemies":"3 Louse","floor":13,"turns":5},{"damage":6,"enemies":"Exordium Wildlife","floor":14,"turns":8},{"damage":5,"enemies":"The Guardian","floor":16,"turns":26},{"damage":3,"enemies":"3 Byrds","floor":18,"turns":10},{"damage":1,"enemies":"2 Thieves","floor":20,"turns":4},{"damage":6,"enemies":"Snake Plant","floor":21,"turns":5},{"damage":30,"enemies":"Gremlin Leader","floor":25,"turns":9},{"damage":0,"enemies":"Centurion and Healer","floor":30,"turns":9},{"damage":0,"enemies":"Snecko","floor":31,"turns":5},{"damage":76,"enemies":"Champ","floor":33,"turns":12}],"seed_played":"666805223245585930","potions_obtained":[{"floor":2.0,"key":"SpeedPotion"},{"floor":3.0,"key":"GamblersBrew"},{"floor":10,"key":"Swift Potion"},{"floor":12,"key":"GamblersBrew"},{"floor":16,"key":"Fire Potion"},{"floor":21,"key":"Dexterity Potion"},{"floor":25,"key":"Block Potion"},{"floor":31,"key":"Fruit Juice"}],"is_trial":false,"path_per_floor":["M","M","M","$","?","?","E","R","T","E","R","M","M","M","R","B",null,"M","?","M","M","$","R","?","E","T","R","$","?","M","M","R","B"],"character_chosen":"THE_SILENT","items_purchased":["Footwork","Escape Plan","Caltrops"],"campfire_rested":1,"item_purchase_floors":[4,4,22],"current_hp_per_floor":[57,55,51,51,56,56,36,57,57,45,45,37,37,45,45,40,66,63,63,62,56,56,56,56,38,38,38,38,38,40,45,45,0],"gold":28,"neow_bonus":"HUNDRED_GOLD","is_prod":false,"is_daily":false,"chose_seed":false,"campfire_upgraded":5,"win_rate":0,"timestamp":1562475049,"path_taken":["M","M","M","$","?","?","E","R","T","E","R","M","M","M","R","BOSS","M","?","M","M","$","R","?","E","T","R","$","?","?","M","R","BOSS"],"build_version":"2019-07-05","purchased_purges":1,"victory":false,"max_hp_per_floor":[66,66,66,66,71,71,71,71,71,73,73,73,73,75,75,75,75,75,75,75,75,75,75,75,75,75,75,75,75,77,82,82,82],"card_choices":[{"not_picked":["Bane","Bouncing Flask"],"picked":"Sucker Punch","floor":1.0},{"not_picked":["Slice","Deadly Poison"],"picked":"Quick Slash","floor":2.0},{"not_picked":["Finisher","Underhanded Strike"],"picked":"Deflect","floor":3.0},{"not_picked":["Bane","Well Laid Plans"],"picked":"Backstab","floor":7},{"not_picked":["Bane","Doppelganger","Tactician"],"picked":"Singing Bowl","floor":10},{"not_picked":["Heel Hook","Blur"],"picked":"Backflip","floor":12},{"not_picked":["Quick Slash","Reflex"],"picked":"Dodge and Roll","floor":13},{"not_picked":["Blade Dance","Dodge and Roll","Bane"],"picked":"Singing Bowl","floor":14},{"not_picked":["Storm of Steel","Burst"],"picked":"Adrenaline","floor":16},{"not_picked":["Prepared","Backstab"],"picked":"Dagger Spray","floor":18},{"not_picked":["Slice","Infinite Blades"],"picked":"Bouncing Flask","floor":20},{"not_picked":["Expertise+1","Endless Agony"],"picked":"Prepared+1","floor":21},{"not_picked":["Expertise","Quick Slash"],"picked":"A Thousand Cuts","floor":25},{"not_picked":["Underhanded Strike","Dash","Skewer"],"picked":"Singing Bowl","floor":30},{"not_picked":["Bane+1","Flying Knee"],"picked":"Burst","floor":31}],"player_experience":606732,"relics_obtained":[{"floor":7,"key":"Meat on the Bone"},{"floor":9,"key":"Orichalcum"},{"floor":10,"key":"Singing Bowl"},{"floor":25,"key":"Old Coin"},{"floor":26,"key":"Pantograph"}],"event_choices":[{"damage_healed":0,"gold_gain":0,"player_choice":"Donut","damage_taken":0,"max_hp_gain":5,"max_hp_loss":0,"event_name":"Big Fish","floor":5,"gold_loss":0},{"damage_healed":0,"gold_gain":0,"player_choice":"Left Gold","damage_taken":0,"max_hp_gain":0,"max_hp_loss":0,"event_name":"World of Goop","floor":6,"gold_loss":47},{"damage_healed":0,"gold_gain":0,"player_choice":"Read","damage_taken":0,"max_hp_gain":0,"max_hp_loss":0,"event_name":"The Library","floor":19,"gold_loss":0,"cards_obtained":["All Out Attack"]},{"damage_healed":0,"gold_gain":50,"player_choice":"Pray","damage_taken":0,"max_hp_gain":0,"max_hp_loss":0,"event_name":"Golden Shrine","floor":29,"gold_loss":0}],"is_beta":false,"boss_relics":[{"not_picked":["Velvet Choker","White Beast Statue"],"picked":"Ectoplasm"}],"items_purged_floors":[4],"is_endless":false,"potions_floor_spawned":[2,3,10,12,16,21,25,31],"killed_by":"Champ","ascension_level":20}