{"gold_per_floor":[111,126,145,145,165,165,184,184,210,210,222,240,240,260,260,356,356,371,388,388,291,301,301,333,333,360,83,93,93,93,164,164,164],"floor_reached":33,"playtime":2718,"items_purged":["Shame","Strike_G"],"score":259,"play_id":"a32381b2-c8db-4a46-84f0-3a72bb478bb8","local_time":"20190628173401","is_ascension_mode":false,"campfire_choices":[{"floor":6,"key":"REST"},{"data":"Die Die Die","floor":8,"key":"SMITH"},{"data":"Backstab","floor":10,"key":"SMITH"},{"floor":15,"key":"REST"},{"floor":23,"key":"REST"},{"floor":25,"key":"REST"},{"data":"Expertise","floor":29,"key":"SMITH"},{"floor":32,"key":"REST"}],"neow_cost":"PERCENT_DAMAGE","seed_source_timestamp":449884205699673,"circlet_count":0,"master_deck":["Defend_G","Defend_G","Defend_G","Defend_G","Strike_G","Strike_G","Strike_G","Strike_G","Survivor","Neutralize","Die Die Die+1","Quick Slash","Backstab+1","Heel Hook","Expertise+1","Flying Knee","Heel Hook","Glass Knife","Dramatic Entrance","Neutralize","Sucker Punch","Glass Knife","PiercingWail+1","Outmaneuver+1","Backstab+1","Prepared","Sucker Punch","Acrobatics+1","Quick Slash","Flying Knee"],"relics":["Ring of the Snake","Potion Belt","White Beast Statue","Lantern","Boot","Regal Pillow","Omamori","Bottled Flame"],"potions_floor_usage":[16,24,33,33,33],"damage_taken":[{"damage":0,"enemies":"2 Louse","floor":1,"turns":1},{"damage":2,"enemies":"Small Slimes","floor":2,"turns":3},{"damage":0,"enemies":"Cultist","floor":3,"turns":2},{"damage":0,"enemies":"Exordium Wildlife","floor":5,"turns":2},{"damage":5,"enemies":"Gremlin Gang","floor":7,"turns":3},{"damage":10,"enemies":"Large Slime","floor":11,"turns":5},{"damage":3,"enemies":"Exordium Wildlife","floor":12,"turns":3},{"damage":7,"enemies":"Blue Slaver","floor":14,"turns":2},{"damage":41,"enemies":"Hexaghost","floor":16,"turns":11},{"damage":3,"enemies":"3 Byrds","floor":18,"turns":3},{"damage":12,"enemies":"Shell Parasite","floor":19,"turns":4},{"damage":0,"enemies":"Snecko","floor":22,"turns":4},{"damage":40,"enemies":"Gremlin Leader","floor":24,"turns":10},{"damage":1,"enemies":"Cultist and Chosen","floor":28,"turns":4},{"damage":93,"enemies":"Collector","floor":33,"turns":7}],"seed_played":"-3433515494309595386","potions_obtained":[{"floor":1,"key":"Energy Potion"},{"floor":5,"key":"SkillPotion"},{"floor":11,"key":"Strength Potion"},{"floor":18,"key":"Strength Potion"},{"floor":19,"key":"EssenceOfSteel"},{"floor":22,"key":"Regen Potion"},{"floor":24,"key":"SteroidPotion"},{"floor":28,"key":"Fire Potion"}],"is_trial":false,"path_per_floor":["M","M","M","?","M","R","M","R","T","R","M","M","?","M","R","B",null,"M","M","?","$","M","R","E","R","T","$","M","R","?","T","R","B"],"character_chosen":"THE_SILENT","items_purchased":["Prepared","Regal Pillow","Quick Slash"],"campfire_rested":5,"item_purchase_floors":[21,27,27],"current_hp_per_floor":[49,47,47,40,40,61,56,56,56,56,46,43,43,36,57,16,70,67,55,55,55,55,70,30,51,51,51,50,50,50,50,70,0],"gold":164,"neow_bonus":"THREE_RARE_CARDS","is_prod":false,"is_daily":false,"chose_seed":false,"campfire_upgraded":3,"win_rate":0.0,"timestamp":1561714441,"path_taken":["M","M","M","?","M","R","M","R","T","R","M","M","?","?","R","BOSS","M","M","?","$","M","R","E","R","T","$","?","R","?","?","R","BOSS"],"build_version":"2019-01-23","purchased_purges":2,"victory":false,"max_hp_per_floor":[70,70,70,70,70,70,70,70,70,70,70,70,70,70,70,70,70,70,70,70,70,70,70,70,70,70,70,70,70,70,70,70,70],"card_choices":[{"not_picked":["A Thousand Cuts","Glass Knife"],"picked":"Die Die Die","floor":0},{"not_picked":["Catalyst","Backflip"],"picked":"Quick Slash","floor":1},{"not_picked":["Bane","Blade Dance"],"picked":"Backstab","floor":2},{"not_picked":["Deflect","Escape Plan"],"picked":"Heel Hook","floor":3},{"not_picked":["Footwork","Flechettes"],"picked":"Expertise","floor":5},{"not_picked":["Slice","Bane"],"picked":"Flying Knee","floor":7},{"not_picked":["Flechettes","Distraction"],"picked":"Heel Hook","floor":11},{"not_picked":["Crippling Poison","Outmaneuver"],"picked":"Glass Knife","floor":12},{"not_picked":["Flying Knee","Prepared"],"picked":"Sucker Punch","floor":14},{"not_picked":["Wraith Form v2","After Image"],"picked":"Glass Knife","floor":16},{"not_picked":["Poisoned Stab","Underhanded Strike"],"picked":"PiercingWail+1","floor":18},{"not_picked":["Reflex+1","Deflect"],"picked":"Outmaneuver+1","floor":19},{"not_picked":["Dodge and Roll","Slice"],"picked":"Sucker Punch","floor":22},{"not_picked":["Escape Plan","Sucker Punch"],"picked":"Acrobatics+1","floor":24},{"not_picked":["Riddle With Holes","Outmaneuver"],"picked":"Flying Knee","floor":28}],"player_experience":28736,"relics_obtained":[{"floor":9,"key":"Potion Belt"},{"floor":24,"key":"Lantern"},{"floor":26,"key":"Boot"},{"floor":31,"key":"Bottled Flame"}],"event_choices":[{"cards_removed":["Defend_G"],"damage_healed":0,"gold_gain":0,"player_choice":"Card Removal","damage_taken":7,"max_hp_gain":0,"max_hp_loss":0,"event_name":"Golden Wing","floor":4,"gold_loss":0},{"damage_healed":0,"gold_gain":0,"player_choice":"3 cards matched","damage_taken":0,"max_hp_gain":0,"max_hp_loss":0,"event_name":"Match and Keep!","floor":13,"gold_loss":0,"cards_obtained":["Dramatic Entrance","Shame","Neutralize"]},{"damage_healed":0,"gold_gain":0,"player_choice":"Copied","damage_taken":0,"max_hp_gain":0,"max_hp_loss":0,"event_name":"Duplicator","floor":20,"gold_loss":0,"cards_obtained":["Backstab"]},{"damage_healed":0,"gold_gain":0,"player_choice":"Opened","damage_taken":0,"relics_obtained":["Omamori"],"max_hp_gain":0,"max_hp_loss":0,"event_name":"The Mausoleum","floor":30,"gold_loss":0}],"is_beta":false,"boss_relics":[{"not_picked":["Velvet Choker","Calling Bell"],"picked":"White Beast Statue"}],"items_purged_floors":[21,27],"is_endless":false,"potions_floor_spawned":[1,5,11,18,19,22,24,28],"killed_by":"Collector","ascension_level":0}