{"gold_per_floor":[118,135,154,164,239,239,271,271,295,305,305,330,362,376,376,472,472,484,494,506,525,525,525,525,545,545,545,158,188,463,483,483,585,585,600,616,627,69,69,102,102,135,159,159,179,211,211,241,241,241,241,241,3,3,3],"floor_reached":55,"playtime":5736,"items_purged":["Strike_B","Strike_B"],"score":1359,"play_id":"34b85677-304c-4fa1-afd9-d075cf005ab3","local_time":"20190709020322","is_ascension_mode":true,"campfire_choices":[{"data":"Zap","floor":6,"key":"SMITH"},{"data":"Dualcast","floor":8,"key":"SMITH"},{"data":"Genetic Algorithm","floor":11,"key":"SMITH"},{"data":"Auto Shields","floor":15,"key":"SMITH"},{"data":"Seek","floor":23,"key":"SMITH"},{"data":"Defragment","floor":27,"key":"SMITH"},{"data":"Capacitor","floor":32,"key":"SMITH"},{"data":"1","floor":41,"key":"LIFT"},{"data":"2","floor":44,"key":"LIFT"},{"data":"3","floor":47,"key":"LIFT"},{"floor":49,"key":"RECALL"},{"floor":52,"key":"REST"}],"neow_cost":"NONE","seed_source_timestamp":383955356679363,"circlet_count":0,"master_deck":["Strike_B+1","Defend_B","Defend_B","Defend_B","Defend_B","Zap+1","Dualcast+1","Glacier","Doom and Gloom","FTL","Auto Shields+1","Ball Lightning","Genetic Algorithm+1","Compile Driver+1","Doom and Gloom","Seek+1","Chill","Chill+1","Capacitor+1","Defragment+1","Skim+1","Compile Driver","Electrodynamics","Redo+1","Coolheaded+1","Blizzard","Genetic Algorithm+1","Master of Strategy","Cold Snap+1","Parasite","Blizzard+1"],"relics":["Cracked Core","Omamori","DataDisk","Dream Catcher","Odd Mushroom","PreservedInsect","Cursed Key","StoneCalendar","Anchor","Fusion Hammer","DollysMirror","Girya","Whetstone","Ancient Tea Set","Vajra","Letter Opener","Bottled Lightning"],"potions_floor_usage":[12,13,18,25,33,42,46,54,55],"damage_taken":[{"damage":7,"enemies":"Small Slimes","floor":1,"turns":3},{"damage":0,"enemies":"2 Louse","floor":2,"turns":2},{"damage":2,"enemies":"Cultist","floor":3,"turns":4},{"damage":0,"enemies":"2 Fungi Beasts","floor":4,"turns":4},{"damage":5,"enemies":"Lagavulin","floor":7,"turns":8},{"damage":0,"enemies":"Blue Slaver","floor":10,"turns":3},{"damage":3,"enemies":"The Mushroom Lair","floor":12,"turns":2},{"damage":5,"enemies":"3 Sentries","floor":13,"turns":10},{"damage":6,"enemies":"Exordium Thugs","floor":14,"turns":3},{"damage":0,"enemies":"Slime Boss","floor":16,"turns":4},{"damage":0,"enemies":"3 Byrds","floor":18,"turns":3},{"damage":8,"enemies":"2 Thieves","floor":19,"turns":3},{"damage":1,"enemies":"Chosen and Byrds","floor":20,"turns":4},{"damage":0,"enemies":"Shelled Parasite and Fungi","floor":21,"turns":5},{"damage":1,"enemies":"Centurion and Healer","floor":25,"turns":5},{"damage":0,"enemies":"Book of Stabbing","floor":29,"turns":3},{"damage":1,"enemies":"Sentry and Sphere","floor":31,"turns":4},{"damage":0,"enemies":"Collector","floor":33,"turns":7},{"damage":0,"enemies":"3 Darklings","floor":35,"turns":4},{"damage":0,"enemies":"3 Shapes","floor":36,"turns":3},{"damage":4,"enemies":"Maw","floor":37,"turns":6},{"damage":0,"enemies":"Nemesis","floor":40,"turns":5},{"damage":0,"enemies":"Giant Head","floor":42,"turns":7},{"damage":0,"enemies":"3 Darklings","floor":45,"turns":2},{"damage":5,"enemies":"Nemesis","floor":46,"turns":5},{"damage":0,"enemies":"Giant Head","floor":48,"turns":6},{"damage":0,"enemies":"Donu and Deca","floor":50,"turns":7},{"damage":0,"enemies":"Shield and Spear","floor":54,"turns":3},{"damage":77,"enemies":"The Heart","floor":55,"turns":9}],"seed_played":"6205921099396427084","potions_obtained":[{"floor":2,"key":"Swift Potion"},{"floor":4,"key":"Explosive Potion"},{"floor":10,"key":"Strength Potion"},{"floor":12,"key":"Swift Potion"},{"floor":13,"key":"Weak Potion"},{"floor":14,"key":"Block Potion"},{"floor":20,"key":"Swift Potion"},{"floor":21,"key":"Explosive Potion"},{"floor":29,"key":"SmokeBomb"},{"floor":40,"key":"SkillPotion"},{"floor":42,"key":"Dexterity Potion"}],"is_trial":false,"path_per_floor":["M","M","M","M","?","R","E","R","T","M","R","?","E","M","R","B",null,"M","M","M","M","?","R","?","M","T","R","$","E","?","M","R","B",null,"M","M","M","$","?","E","R","E","T","R","M","E","R","E","R","B",null,"R","$","E","B"],"character_chosen":"DEFECT","items_purchased":["StoneCalendar","Blizzard","DollysMirror","Master of Strategy","Bottled Lightning"],"campfire_rested":1,"item_purchase_floors":[28,38,38,38,53],"current_hp_per_floor":[68,68,66,66,55,55,50,50,50,50,50,47,42,36,36,36,65,65,57,56,56,56,56,56,55,55,55,55,55,55,54,54,54,70,70,70,66,66,66,66,66,66,66,66,66,61,61,61,61,61,72,75,75,75,0],"gold":3,"neow_bonus":"RANDOM_COMMON_RELIC","is_prod":false,"is_daily":false,"chose_seed":false,"campfire_upgraded":7,"win_rate":0,"timestamp":1562609002,"path_taken":["M","M","M","M","?","R","E","R","T","M","R","?","E","M","R","BOSS","M","M","M","M","?","R","?","M","T","R","$","E","?","M","R","BOSS","M","?","M","$","?","E","R","E","T","R","M","E","R","E","R","BOSS","R","$","E","BOSS"],"build_version":"2019-07-05","purchased_purges":2,"victory":false,"max_hp_per_floor":[75,75,75,75,75,75,75,75,75,75,75,75,75,75,75,75,75,75,75,75,75,75,75,75,75,75,75,75,75,75,75,75,75,75,75,75,75,75,75,75,75,75,75,75,75,75,75,75,75,75,75,75,75,75,75],"card_choices":[{"not_picked":["Rebound","Beam Cell"],"picked":"Glacier","floor":1},{"not_picked":["Cold Snap","Heatsinks"],"picked":"Doom and Gloom","floor":2},{"not_picked":["Coolheaded","Fusion"],"picked":"FTL","floor":3},{"not_picked":["Hologram","White Noise"],"picked":"Auto Shields","floor":4},{"not_picked":["Leap","Barrage"],"picked":"Ball Lightning","floor":7},{"not_picked":["Creative AI","Ball Lightning"],"picked":"Genetic Algorithm","floor":10},{"not_picked":["Turbo","Rebound"],"picked":"Compile Driver","floor":12},{"not_picked":["Rip and Tear","Heatsinks","Leap"],"picked":"SKIP","floor":13},{"not_picked":["Tempest","Consume"],"picked":"Doom and Gloom","floor":14},{"not_picked":["Rainbow","Creative AI"],"picked":"Seek","floor":16},{"not_picked":["Beam Cell+1","Conserve Battery"],"picked":"Chill","floor":18},{"not_picked":["Turbo","Go for the Eyes","Hologram"],"picked":"SKIP","floor":19},{"not_picked":["Compile Driver","Gash+1"],"picked":"Chill+1","floor":20},{"not_picked":["Gash+1","Turbo"],"picked":"Capacitor","floor":21},{"not_picked":["Genetic Algorithm","Reprogram+1","Undo+1"],"picked":"SKIP","floor":25},{"not_picked":["Undo+1","Aggregate"],"picked":"Skim+1","floor":29},{"not_picked":["Ball Lightning","Leap"],"picked":"Compile Driver","floor":31},{"not_picked":["Machine Learning","Core Surge"],"picked":"Electrodynamics","floor":33},{"not_picked":["Turbo","Ball Lightning+1"],"picked":"Redo+1","floor":35},{"not_picked":["Stack+1","Compile Driver+1"],"picked":"Coolheaded+1","floor":36},{"not_picked":["Aggregate+1","Coolheaded","Sweeping Beam+1"],"picked":"SKIP","floor":37},{"not_picked":["Reprogram","Doom and Gloom+1","Leap+1"],"picked":"SKIP","floor":40},{"not_picked":["Steam+1","Scrape"],"picked":"Cold Snap+1","floor":42},{"not_picked":["Coolheaded","Steam Power","White Noise+1"],"picked":"SKIP","floor":45},{"not_picked":["Barrage","Heatsinks","Sunder+1"],"picked":"SKIP","floor":46},{"not_picked":["Gash+1","Consume","Go for the Eyes"],"picked":"SKIP","floor":48},{"not_picked":["Turbo+1","Rainbow"],"picked":"Blizzard+1","floor":52}],"player_experience":242280,"relics_obtained":[{"floor":7,"key":"DataDisk"},{"floor":9,"key":"Dream Catcher"},{"floor":12,"key":"Odd Mushroom"},{"floor":13,"key":"PreservedInsect"},{"floor":29,"key":"Anchor"},{"floor":40,"key":"Girya"},{"floor":42,"key":"Whetstone"},{"floor":43,"key":"Ancient Tea Set"},{"floor":46,"key":"Vajra"},{"floor":48,"key":"Letter Opener"}],"event_choices":[{"damage_healed":0,"gold_gain":75,"player_choice":"Gather Gold","damage_taken":11,"max_hp_gain":0,"max_hp_loss":0,"event_name":"World of Goop","floor":5,"gold_loss":0},{"damage_healed":0,"gold_gain":0,"player_choice":"Fought Mushrooms","damage_taken":0,"max_hp_gain":0,"max_hp_loss":0,"event_name":"Mushrooms","floor":12,"gold_loss":0},{"damage_healed":0,"gold_gain":0,"player_choice":"Ignored","damage_taken":0,"max_hp_gain":0,"max_hp_loss":0,"event_name":"Ghosts","floor":22,"gold_loss":0},{"damage_healed":0,"gold_gain":0,"player_choice":"Read","damage_taken":0,"max_hp_gain":0,"max_hp_loss":0,"event_name":"The Library","floor":24,"gold_loss":0,"cards_obtained":["Defragment"]},{"damage_healed":0,"gold_gain":275,"player_choice":"Desecrate","damage_taken":0,"max_hp_gain":0,"max_hp_loss":0,"event_name":"Golden Shrine","floor":30,"gold_loss":0,"cards_obtained":["Regret"]},{"cards_removed":["Strike_B"],"damage_healed":0,"gold_gain":0,"player_choice":"Removed Attack","damage_taken":0,"max_hp_gain":0,"max_hp_loss":0,"event_name":"Falling","floor":39,"gold_loss":0}],"is_beta":false,"boss_relics":[{"not_picked":["Coffee Dripper","Runic Pyramid"],"picked":"Cursed Key"},{"not_picked":["Tiny House","Lizard Tail"],"picked":"Fusion Hammer"}],"items_purged_floors":[28,38],"is_endless":false,"potions_floor_spawned":[2,4,10,12,13,14,20,21,29,40,42],"killed_by":"The Heart","ascension_level":5}