{"gold_per_floor":[27,46,46,46,46,46,46,46,46,81,81,120,167,179,179,179],"floor_reached":16,"playtime":421,"items_purged":[],"score":92,"play_id":"4dc47ed8-cc30-46a0-ba18-5ae21ca621fe","local_time":"20190109180155","daily_mods":["Diverse","Colorless Cards"],"is_ascension_mode":false,"campfire_choices":[{"data":"Slimebound:SplitAcid","floor":6,"key":"SMITH"},{"data":"Trip","floor":11,"key":"SMITH"},{"data":"mysticmod:MagicMissile","floor":15,"key":"SMITH"}],"neow_cost":"","seed_source_timestamp":193209692686051,"circlet_count":0,"master_deck":["Strike_R","Strike_G","Strike_B","Defend_R","Defend_G","Defend_B","hubris:Defend_Merchant","hubris:MerchantsHand","hubris:MerchantsHand","Trip+1","Slimebound:SplitAcid+1","Hidden Blade","construct:UnbalancingBlast","mysticmod:MagicMissile+1"],"relics":["Smiling Mask","hubris:NiceRug","Snack Pack","Oddly Smooth Stone"],"potions_floor_usage":[],"damage_taken":[{"damage":12,"enemies":"Cultist","floor":1,"turns":5},{"damage":8,"enemies":"Jaw Worm","floor":2,"turns":3},{"damage":0,"enemies":"Small Slimes","floor":10,"turns":3},{"damage":13,"enemies":"3 Louse","floor":12,"turns":3},{"damage":29,"enemies":"Gremlin Gang","floor":13,"turns":5},{"damage":12,"enemies":"Large Slime","floor":14,"turns":7},{"damage":3,"enemies":"The Guardian","floor":16,"turns":3}],"seed_played":"6744638394436215300","potions_obtained":[{"floor":1,"key":"Swift Potion"},{"floor":2,"key":"GamblersBrew"},{"floor":12,"key":"Weak Potion"}],"is_trial":true,"path_per_floor":["M","M","$","T","$","R","$","?","T","M","R","M","M","M","R","B"],"character_chosen":"IRONCLAD","items_purchased":[],"campfire_rested":0,"item_purchase_floors":[],"current_hp_per_floor":[63,55,55,55,55,55,55,55,55,55,55,42,13,3,3,0],"gold":179,"neow_bonus":"","is_prod":false,"is_daily":false,"chose_seed":false,"campfire_upgraded":3,"win_rate":0,"timestamp":1547017315,"path_taken":["M","M","$","?","$","R","$","?","T","M","R","M","M","?","R","BOSS"],"build_version":"2019-01-03v4","purchased_purges":0,"victory":false,"max_hp_per_floor":[75,75,75,75,75,75,75,75,75,75,75,75,75,75,75,75],"card_choices":[{"not_picked":["ManaConvection","mysticmod:AllIn"],"picked":"Trip","floor":1},{"not_picked":["beaked:WarriorEssence","Rip and Tear"],"picked":"Slimebound:SplitAcid","floor":2},{"not_picked":["mysticmod:TomeOfSpells","Dagger Spray"],"picked":"Hidden Blade","floor":10},{"not_picked":["Slimebound:GoopTackle","ReplayTheSpireMod:Shiv Toss","BasicCrystalCard"],"picked":"SKIP","floor":12},{"not_picked":["True Grit","beaked:Devastation"],"picked":"construct:UnbalancingBlast","floor":13},{"not_picked":["Stack","Tempest"],"picked":"mysticmod:MagicMissile","floor":14}],"player_experience":547290,"relics_obtained":[{"floor":4,"key":"Snack Pack"},{"floor":9,"key":"Oddly Smooth Stone"}],"event_choices":[{"cards_removed":["hubris:Strike_Merchant"],"damage_healed":0,"gold_gain":0,"player_choice":"Offered Basic","damage_taken":0,"max_hp_gain":0,"max_hp_loss":0,"event_name":"Bonfire Elementals","floor":8,"gold_loss":0}],"is_beta":false,"boss_relics":[],"items_purged_floors":[],"is_endless":false,"potions_floor_spawned":[1,2,12,13],"killed_by":"The Guardian","ascension_level":0}