{"gold_per_floor":[112,112,127,139,139,139,139,139,166,198,198],"floor_reached":11,"playtime":459,"items_purged":[],"score":85,"play_id":"05ce216e-acd6-45d5-a130-2ffe26dd130b","local_time":"20190705174258","is_ascension_mode":true,"campfire_choices":[{"data":"Combust","floor":6,"key":"SMITH"}],"neow_cost":"NONE","seed_source_timestamp":100002779368606,"circlet_count":0,"master_deck":["Strike_R+1","Strike_R","Strike_R","Strike_R+1","Strike_R","Defend_R","Defend_R","Defend_R","Defend_R","Bash+1","Iron Wave","Combust+1","Cleave","True Grit"],"relics":["Burning Blood","Mercury Hourglass","Oddly Smooth Stone","Smiling Mask"],"potions_floor_usage":[10],"damage_taken":[{"damage":4,"enemies":"2 Louse","floor":1,"turns":3},{"damage":1,"enemies":"Cultist","floor":3,"turns":4},{"damage":5,"enemies":"Jaw Worm","floor":4,"turns":3},{"damage":6,"enemies":"3 Sentries","floor":10,"turns":4},{"damage":46,"enemies":"Lagavulin Event","floor":11,"turns":5}],"seed_played":"-8444507667698972169","potions_obtained":[{"floor":3,"key":"Explosive Potion"},{"floor":10,"key":"SpeedPotion"}],"is_trial":false,"path_per_floor":["M","?","M","M","?","R","?","?","T","E","?"],"character_chosen":"IRONCLAD","items_purchased":[],"campfire_rested":0,"item_purchase_floors":[],"current_hp_per_floor":[88,88,88,88,70,70,70,45,45,45,0],"gold":198,"neow_bonus":"TEN_PERCENT_HP_BONUS","is_prod":false,"is_daily":false,"chose_seed":false,"campfire_upgraded":1,"win_rate":0,"timestamp":1562319778,"path_taken":["M","?","M","?","?","R","?","?","T","E","?"],"build_version":"2019-07-01","purchased_purges":0,"victory":false,"max_hp_per_floor":[88,88,88,88,88,88,88,88,88,88,88],"card_choices":[{"not_picked":["Wild Strike","True Grit"],"picked":"Iron Wave","floor":1},{"not_picked":["Anger","Dual Wield"],"picked":"Combust","floor":3},{"not_picked":["Whirlwind","Second Wind"],"picked":"Cleave","floor":4},{"not_picked":["Rage","Iron Wave"],"picked":"True Grit","floor":10}],"player_experience":180846,"relics_obtained":[{"floor":9,"key":"Oddly Smooth Stone"},{"floor":10,"key":"Smiling Mask"}],"event_choices":[{"damage_healed":0,"gold_gain":0,"player_choice":"Forge","damage_taken":0,"max_hp_gain":0,"max_hp_loss":0,"event_name":"Accursed Blacksmith","floor":2,"gold_loss":0,"cards_upgraded":["Bash"]},{"damage_healed":0,"gold_gain":0,"player_choice":"Entered Light","damage_taken":18,"max_hp_gain":0,"max_hp_loss":0,"event_name":"Shining Light","floor":5,"gold_loss":0,"cards_upgraded":["Strike_R","Strike_R"]},{"damage_healed":0,"gold_gain":0,"player_choice":"Ignored","damage_taken":0,"max_hp_gain":0,"max_hp_loss":0,"event_name":"Liars Game","floor":7,"gold_loss":0},{"damage_healed":0,"gold_gain":0,"player_choice":"Success","damage_taken":25,"relics_obtained":["Mercury Hourglass"],"max_hp_gain":0,"max_hp_loss":0,"event_name":"Scrap Ooze","floor":8,"gold_loss":0},{"damage_healed":0,"gold_gain":0,"player_choice":"Searched \u00271\u0027 times","damage_taken":0,"max_hp_gain":0,"max_hp_loss":0,"event_name":"Dead Adventurer","floor":11,"gold_loss":0}],"is_beta":false,"boss_relics":[],"items_purged_floors":[],"is_endless":false,"potions_floor_spawned":[3,10],"killed_by":"Lagavulin Event","ascension_level":4}