{"gold_per_floor":[116,126,140,152,152,152,152,152,152,175,175,190,170,185,185,282,282,293,304,317,317,317,317,332,350,395,411,411,430,520,399,399,494,494,513,529,542,559,559,559,591,591,591,601,601,615,615,143,143,143],"floor_reached":51,"playtime":5252,"items_purged":["Defend_R","Defend_R"],"score":754,"play_id":"5b73006b-f535-4c8e-8d30-243c20b97628","local_time":"20190627025922","is_ascension_mode":true,"campfire_choices":[{"data":"Carnage","floor":6,"key":"SMITH"},{"data":"Flex","floor":8,"key":"SMITH"},{"data":"Warcry","floor":11,"key":"SMITH"},{"data":"Infernal Blade","floor":15,"key":"SMITH"},{"floor":23,"key":"REST"},{"data":"Seeing Red","floor":28,"key":"SMITH"},{"floor":32,"key":"REST"},{"floor":40,"key":"REST"},{"floor":42,"key":"REST"},{"data":"1","floor":45,"key":"LIFT"},{"floor":47,"key":"REST"},{"data":"2","floor":49,"key":"LIFT"}],"neow_cost":"NONE","seed_source_timestamp":308427598239644,"circlet_count":0,"master_deck":["Strike_R","Strike_R","Strike_R","Strike_R","Defend_R+1","Defend_R+1","Bash","Flex+1","Warcry+1","Twin Strike","Carnage+1","Infernal Blade+1","Sever Soul","Brutality","Clash","Inflame","Rampage","Seeing Red+1","Battle Trance","Clash+1","Warcry+1","Uppercut","Demon Form","Clash+1","Battle Trance+1","Clash","Whirlwind+1","Flex","Offering","Flex+1","Anger","Blood for Blood+1","Madness","Madness","Fire Breathing+1","Headbutt","Flex+1","Bloodletting","PanicButton"],"relics":["Burning Blood","Meat on the Bone","Orichalcum","Orrery","Strawberry","Runic Cube","Girya","Peace Pipe","Lee\u0027s Waffle"],"potions_floor_usage":[16,33,33,41,50,50],"damage_taken":[{"damage":2,"enemies":"2 Louse","floor":1,"turns":3},{"damage":6,"enemies":"Small Slimes","floor":2,"turns":4},{"damage":6,"enemies":"Jaw Worm","floor":3,"turns":3},{"damage":6,"enemies":"Red Slaver","floor":4,"turns":3},{"damage":0,"enemies":"Large Slime","floor":12,"turns":3},{"damage":13,"enemies":"Lots of Slimes","floor":14,"turns":3},{"damage":34,"enemies":"Hexaghost","floor":16,"turns":5},{"damage":7,"enemies":"2 Thieves","floor":18,"turns":3},{"damage":4,"enemies":"Chosen","floor":19,"turns":3},{"damage":33,"enemies":"Centurion and Healer","floor":20,"turns":4},{"damage":15,"enemies":"Snake Plant","floor":24,"turns":2},{"damage":20,"enemies":"Snecko","floor":25,"turns":5},{"damage":6,"enemies":"3 Cultists","floor":27,"turns":3},{"damage":33,"enemies":"Centurion and Healer","floor":29,"turns":5},{"damage":38,"enemies":"Collector","floor":33,"turns":6},{"damage":0,"enemies":"3 Shapes","floor":35,"turns":2},{"damage":20,"enemies":"3 Darklings","floor":36,"turns":3},{"damage":22,"enemies":"Transient","floor":37,"turns":5},{"damage":31,"enemies":"Writhing Mass","floor":38,"turns":4},{"damage":37,"enemies":"Reptomancer","floor":41,"turns":4},{"damage":32,"enemies":"Maw","floor":44,"turns":5},{"damage":47,"enemies":"4 Shapes","floor":46,"turns":4},{"damage":72,"enemies":"Donu and Deca","floor":50,"turns":6}],"seed_played":"-3328698617309979204","potions_obtained":[{"floor":4,"key":"SpeedPotion"},{"floor":12,"key":"FearPotion"},{"floor":13,"key":"Explosive Potion"},{"floor":14,"key":"Energy Potion"},{"floor":16,"key":"Strength Potion"},{"floor":22,"key":"FairyPotion"},{"floor":36,"key":"Poison Potion"},{"floor":37,"key":"AttackPotion"},{"floor":44,"key":"Ancient Potion"}],"is_trial":false,"path_per_floor":["M","M","M","M","?","R","?","R","T","T","R","M","?","M","R","B",null,"M","M","M","?","?","R","M","M","T","M","R","M","?","$","R","B",null,"M","M","M","M","?","R","E","R","T","M","R","M","R","$","R","B",null],"character_chosen":"IRONCLAD","items_purchased":["Flex","Lee\u0027s Waffle","Bloodletting","PanicButton"],"campfire_rested":5,"item_purchase_floors":[31,48,48,48],"current_hp_per_floor":[88,88,88,88,70,70,70,70,70,70,70,76,76,69,69,53,88,87,88,61,61,61,87,78,64,71,71,71,56,38,38,66,46,95,95,81,65,52,40,68,49,77,77,63,63,34,62,102,102,48],"gold":143,"neow_bonus":"TEN_PERCENT_HP_BONUS","is_prod":false,"is_daily":false,"chose_seed":false,"campfire_upgraded":5,"win_rate":0,"timestamp":1561575562,"path_taken":["M","M","M","M","?","R","?","R","T","?","R","?","?","M","R","BOSS","M","?","M","?","?","R","?","M","T","M","R","M","?","$","R","BOSS","M","?","M","M","?","R","E","R","T","M","R","M","R","$","R","BOSS"],"build_version":"2019-01-23","purchased_purges":2,"victory":true,"max_hp_per_floor":[88,88,88,88,88,88,88,88,88,88,88,88,88,88,88,88,88,88,88,88,88,88,88,88,88,95,95,95,95,95,95,95,95,95,95,95,95,95,95,95,95,95,95,95,95,95,95,102,102,102],"card_choices":[{"not_picked":["Pommel Strike","Shockwave"],"picked":"Flex","floor":1},{"not_picked":["True Grit","Entrench"],"picked":"Warcry","floor":2},{"not_picked":["Warcry","Pommel Strike"],"picked":"Twin Strike","floor":3},{"not_picked":["Flex","Flame Barrier"],"picked":"Carnage","floor":4},{"not_picked":["Thunderclap","Pommel Strike"],"picked":"Infernal Blade","floor":12},{"not_picked":["Searing Blow","Clothesline"],"picked":"Sever Soul","floor":14},{"not_picked":["Dark Embrace","Fiend Fire"],"picked":"Brutality","floor":16},{"not_picked":["Cleave","Warcry"],"picked":"Clash","floor":17},{"not_picked":["Rupture","Clash"],"picked":"Inflame","floor":17},{"not_picked":["Armaments","True Grit"],"picked":"Rampage","floor":17},{"not_picked":["Corruption","Flame Barrier"],"picked":"Seeing Red","floor":17},{"not_picked":["Disarm","Flame Barrier"],"picked":"Battle Trance","floor":17},{"not_picked":["Flex","Sword Boomerang+1"],"picked":"Clash+1","floor":18},{"not_picked":["Power Through+1","Disarm"],"picked":"Warcry+1","floor":19},{"not_picked":["Cleave","Body Slam"],"picked":"Uppercut","floor":20},{"not_picked":["Second Wind","Barricade"],"picked":"Clash+1","floor":24},{"not_picked":["Twin Strike","Thunderclap+1"],"picked":"Battle Trance+1","floor":25},{"not_picked":["Pommel Strike","Clothesline"],"picked":"Clash","floor":27},{"not_picked":["Rampage","Impervious"],"picked":"Whirlwind+1","floor":29},{"not_picked":["Limit Break","Berserk"],"picked":"Offering","floor":33},{"not_picked":["Thunderclap","Rampage"],"picked":"Flex+1","floor":35},{"not_picked":["Clothesline","Iron Wave"],"picked":"Anger","floor":36},{"not_picked":["Cleave","Intimidate"],"picked":"Blood for Blood+1","floor":37},{"not_picked":["Flame Barrier","Double Tap","Searing Blow+1"],"picked":"SKIP","floor":38},{"not_picked":["Metallicize+1","Blood for Blood"],"picked":"Fire Breathing+1","floor":41},{"not_picked":["Feel No Pain","Searing Blow"],"picked":"Headbutt","floor":44},{"not_picked":["Anger","Cleave+1"],"picked":"Flex+1","floor":46}],"player_experience":23484,"relics_obtained":[{"floor":9,"key":"Meat on the Bone"},{"floor":10,"key":"Orichalcum"},{"floor":26,"key":"Strawberry"},{"floor":41,"key":"Girya"},{"floor":43,"key":"Peace Pipe"}],"event_choices":[{"damage_healed":0,"gold_gain":0,"player_choice":"Entered Light","damage_taken":18,"max_hp_gain":0,"max_hp_loss":0,"event_name":"Shining Light","floor":5,"gold_loss":0,"cards_upgraded":["Defend_R","Defend_R"]},{"cards_removed":["Strike_R"],"damage_healed":0,"gold_gain":0,"player_choice":"Forget","damage_taken":0,"max_hp_gain":0,"max_hp_loss":0,"event_name":"Living Wall","floor":7,"gold_loss":0},{"damage_healed":0,"gold_gain":0,"player_choice":"Bought 1 Potion","damage_taken":0,"max_hp_gain":0,"max_hp_loss":0,"event_name":"The Woman in Blue","floor":13,"gold_loss":0},{"damage_healed":0,"gold_gain":0,"player_choice":"Read","damage_taken":0,"max_hp_gain":0,"max_hp_loss":0,"event_name":"The Library","floor":21,"gold_loss":0,"cards_obtained":["Demon Form"]},{"damage_healed":0,"gold_gain":0,"player_choice":"Got Potions","damage_taken":0,"max_hp_gain":0,"max_hp_loss":0,"event_name":"Lab","floor":22,"gold_loss":0},{"damage_healed":0,"gold_gain":90,"player_choice":"GOLD ","damage_taken":18,"max_hp_gain":0,"max_hp_loss":0,"event_name":"Knowing Skull","floor":30,"potions_obtained":[],"gold_loss":0,"cards_obtained":[]},{"damage_healed":0,"gold_gain":0,"player_choice":"Embrace Madness","damage_taken":12,"max_hp_gain":0,"max_hp_loss":0,"event_name":"Winding Halls","floor":39,"gold_loss":0,"cards_obtained":["Madness","Madness"]}],"is_beta":false,"boss_relics":[{"not_picked":["Calling Bell","Tiny House"],"picked":"Orrery"},{"not_picked":["Coffee Dripper","Philosopher\u0027s Stone"],"picked":"Runic Cube"}],"items_purged_floors":[31,48],"is_endless":false,"potions_floor_spawned":[4,12,14,16,20,24,29,36,37,44],"ascension_level":1}