{"gold_per_floor":[114,114,129,144,219,219,249,264,289,289,289,319,334,334,334,434,434,449,449,374,389,9,9,24,24],"floor_reached":25,"playtime":2744,"items_purged":["Defend_G"],"score":211,"play_id":"34474bc0-2f57-470d-b593-473012ce66dd","local_time":"20190626222757","daily_mods":["Heirloom","Flight","Lethality"],"is_ascension_mode":false,"campfire_choices":[{"floor":6,"key":"REST"},{"floor":10,"key":"REST"},{"floor":15,"key":"REST"},{"floor":23,"key":"REST"}],"neow_cost":"","seed_source_timestamp":284484373979740,"circlet_count":0,"master_deck":["Defend_G","Defend_G","Defend_G","Defend_G","Strike_G","Strike_G","Strike_G","Strike_G","Strike_G","Survivor","Neutralize","Infinite Blades","Infinite Blades","Tactician","Blade Dance","Slice","Well Laid Plans","Sucker Punch","Flying Knee","Underhanded Strike","Adrenaline","Footwork+1","Terror","Accuracy","Accuracy","Heel Hook"],"special_seed":18073,"relics":["Ring of the Snake","Unceasing Top","Centennial Puzzle","Dream Catcher","Bronze Scales","Omamori","Sozu","Orichalcum"],"potions_floor_usage":[16,16,21,25],"damage_taken":[{"damage":4,"enemies":"Jaw Worm","floor":1,"turns":3},{"damage":21,"enemies":"Small Slimes","floor":3,"turns":4},{"damage":9,"enemies":"2 Louse","floor":4,"turns":2},{"damage":40,"enemies":"Lagavulin","floor":7,"turns":6},{"damage":1,"enemies":"Exordium Wildlife","floor":8,"turns":2},{"damage":21,"enemies":"3 Sentries","floor":12,"turns":5},{"damage":4,"enemies":"Large Slime","floor":13,"turns":5},{"damage":26,"enemies":"Hexaghost","floor":16,"turns":7},{"damage":13,"enemies":"2 Thieves","floor":18,"turns":3},{"damage":24,"enemies":"3 Byrds","floor":21,"turns":4},{"damage":27,"enemies":"Sentry and Sphere","floor":24,"turns":4},{"damage":26,"enemies":"Slavers","floor":25,"turns":3}],"seed_played":"4741971329667515529","potions_obtained":[{"floor":1,"key":"Block Potion"},{"floor":4,"key":"Weak Potion"},{"floor":8,"key":"SteroidPotion"},{"floor":13,"key":"FearPotion"},{"floor":16,"key":"Block Potion"}],"is_trial":false,"path_per_floor":["M","?","M","M","?","R","E","M","T","R","?","E","M","?","R","B",null,"M","?","?","M","$","R","M","E"],"character_chosen":"THE_SILENT","items_purchased":["Terror","Accuracy","Orichalcum"],"campfire_rested":4,"item_purchase_floors":[22,22,22],"current_hp_per_floor":[66,66,45,36,25,46,6,5,5,26,43,22,18,6,27,1,70,57,57,57,33,33,53,26,0],"gold":24,"neow_bonus":"","is_prod":false,"is_daily":true,"chose_seed":false,"campfire_upgraded":0,"win_rate":0.0,"timestamp":1561559277,"path_taken":["M","?","M","M","?","R","E","M","T","R","?","E","?","?","R","BOSS","M","?","?","M","$","R","M","E"],"build_version":"2019-01-23","purchased_purges":1,"victory":false,"max_hp_per_floor":[70,70,70,70,70,70,70,70,70,70,70,70,70,70,70,70,70,70,70,67,67,67,67,67,67],"card_choices":[{"not_picked":["Calculated Gamble","PiercingWail"],"picked":"Infinite Blades","floor":1},{"not_picked":["Prepared","Predator"],"picked":"Infinite Blades","floor":3},{"not_picked":["Crippling Poison","Skewer"],"picked":"Tactician","floor":4},{"not_picked":["Dodge and Roll","PiercingWail"],"picked":"Blade Dance","floor":7},{"not_picked":["Predator","Bouncing Flask"],"picked":"Slice","floor":8},{"not_picked":["Bane","Predator"],"picked":"Well Laid Plans","floor":10},{"not_picked":["Bane","Quick Slash"],"picked":"Sucker Punch","floor":12},{"not_picked":["Slice","Deadly Poison"],"picked":"Flying Knee","floor":13},{"not_picked":["Crippling Poison","Flechettes"],"picked":"Underhanded Strike","floor":15},{"not_picked":["Glass Knife","Venomology"],"picked":"Adrenaline","floor":16},{"not_picked":["Dodge and Roll","Sucker Punch","Poisoned Stab"],"picked":"SKIP","floor":18},{"not_picked":["Caltrops","Crippling Poison"],"picked":"Footwork+1","floor":21},{"not_picked":["Dodge and Roll","Deflect"],"picked":"Accuracy","floor":23},{"not_picked":["Tactician+1","Reflex"],"picked":"Heel Hook","floor":24}],"player_experience":9988,"relics_obtained":[{"floor":7,"key":"Centennial Puzzle"},{"floor":9,"key":"Dream Catcher"},{"floor":12,"key":"Bronze Scales"}],"event_choices":[{"damage_healed":0,"gold_gain":0,"player_choice":"Ignored","damage_taken":0,"max_hp_gain":0,"max_hp_loss":0,"event_name":"Liars Game","floor":2,"gold_loss":0},{"damage_healed":0,"gold_gain":75,"player_choice":"Gather Gold","damage_taken":11,"max_hp_gain":0,"max_hp_loss":0,"event_name":"World of Goop","floor":5,"gold_loss":0},{"damage_healed":17,"gold_gain":0,"player_choice":"Healed and dodged fight","damage_taken":0,"max_hp_gain":0,"max_hp_loss":0,"event_name":"Mushrooms","floor":11,"gold_loss":0,"cards_obtained":["Parasite"]},{"damage_healed":0,"gold_gain":0,"player_choice":"Success","damage_taken":12,"relics_obtained":["Omamori"],"max_hp_gain":0,"max_hp_loss":0,"event_name":"Scrap Ooze","floor":14,"gold_loss":0},{"damage_healed":0,"gold_gain":0,"player_choice":"Ignored","damage_taken":0,"max_hp_gain":0,"max_hp_loss":0,"event_name":"Ghosts","floor":19,"gold_loss":0},{"cards_removed":["Parasite"],"damage_healed":0,"gold_gain":0,"player_choice":"Gave Gold","damage_taken":0,"max_hp_gain":0,"max_hp_loss":0,"event_name":"Beggar","floor":20,"gold_loss":75}],"is_beta":false,"boss_relics":[{"not_picked":["Black Star","White Beast Statue"],"picked":"Sozu"}],"items_purged_floors":[22],"is_endless":false,"potions_floor_spawned":[1,4,8,13,16],"killed_by":"Slavers","ascension_level":0}