{"gold_per_floor":[117,135,135,135,60,95,95,113,113,133,152,167,167,167,167,167],"floor_reached":16,"playtime":1065,"items_purged":["Strike_G"],"score":137,"play_id":"9ef88acf-c8f9-4ccc-87c2-6aa40d2f0c65","local_time":"20190704182611","is_ascension_mode":true,"campfire_choices":[{"floor":7,"key":"REST"},{"floor":13,"key":"REST"},{"data":"Venomology","floor":15,"key":"SMITH"}],"neow_cost":"NONE","seed_source_timestamp":15584239656170,"circlet_count":0,"master_deck":["Strike_G","Strike_G","Strike_G","Strike_G","Defend_G","Defend_G","Defend_G","Defend_G","Defend_G","Survivor","Neutralize","Unload","Dagger Throw","Sucker Punch","Concentrate","All Out Attack","Venomology+1","Reflex+1"],"relics":["Ring of the Snake","Golden Idol","Question Card","Pear"],"potions_floor_usage":[16,16,16,16],"damage_taken":[{"damage":0,"enemies":"Jaw Worm","floor":1,"turns":3},{"damage":1,"enemies":"Small Slimes","floor":2,"turns":3},{"damage":49,"enemies":"Lagavulin","floor":6,"turns":11},{"damage":0,"enemies":"Cultist","floor":8,"turns":3},{"damage":0,"enemies":"Large Slime","floor":10,"turns":4},{"damage":16,"enemies":"Exordium Thugs","floor":11,"turns":5},{"damage":0,"enemies":"3 Louse","floor":12,"turns":1},{"damage":68,"enemies":"The Guardian","floor":16,"turns":15}],"seed_played":"1298489211822166243","potions_obtained":[{"floor":6,"key":"PowerPotion"},{"floor":8,"key":"Poison Potion"},{"floor":11,"key":"Regen Potion"}],"is_trial":false,"path_per_floor":["M","M","?","?","$","E","R","M","T","M","M","M","R","?","R","B"],"character_chosen":"THE_SILENT","items_purchased":[],"campfire_rested":2,"item_purchase_floors":[],"current_hp_per_floor":[70,69,52,57,57,8,30,30,40,40,24,24,49,49,49,0],"gold":167,"neow_bonus":"ONE_RANDOM_RARE_CARD","is_prod":false,"is_daily":false,"chose_seed":false,"campfire_upgraded":1,"win_rate":0,"timestamp":1562235971,"path_taken":["M","M","?","?","$","E","R","M","T","M","M","M","R","?","R","BOSS"],"build_version":"2019-07-01","purchased_purges":1,"victory":false,"max_hp_per_floor":[70,70,70,75,75,75,75,75,85,85,85,85,85,85,85,85],"card_choices":[{"not_picked":["Expertise","Deflect"],"picked":"Dagger Throw","floor":1},{"not_picked":["Leg Sweep","Poisoned Stab"],"picked":"Sucker Punch","floor":2},{"not_picked":["Dagger Spray","Choke"],"picked":"Concentrate","floor":6},{"not_picked":["Slice","Accuracy","Bane"],"picked":"All Out Attack","floor":8},{"not_picked":["Quick Slash","Poisoned Stab","Endless Agony"],"picked":"Venomology","floor":10},{"not_picked":["Flechettes","Choke","Endless Agony","PiercingWail"],"picked":"SKIP","floor":11},{"not_picked":["Setup","Quick Slash","Flying Knee"],"picked":"Reflex","floor":12}],"player_experience":136785,"relics_obtained":[{"floor":6,"key":"Question Card"},{"floor":9,"key":"Pear"}],"event_choices":[{"damage_healed":0,"gold_gain":0,"player_choice":"Take Damage","damage_taken":17,"relics_obtained":["Golden Idol"],"max_hp_gain":0,"max_hp_loss":0,"event_name":"Golden Idol","floor":3,"gold_loss":0},{"damage_healed":0,"gold_gain":0,"player_choice":"Donut","damage_taken":0,"max_hp_gain":5,"max_hp_loss":0,"event_name":"Big Fish","floor":4,"gold_loss":0},{"damage_healed":0,"gold_gain":0,"player_choice":"Forge","damage_taken":0,"max_hp_gain":0,"max_hp_loss":0,"event_name":"Accursed Blacksmith","floor":14,"gold_loss":0,"cards_upgraded":["Reflex"]}],"is_beta":false,"boss_relics":[],"items_purged_floors":[5],"is_endless":false,"potions_floor_spawned":[6,8,11],"killed_by":"The Guardian","ascension_level":2}