{"gold_per_floor":[109,119,69,69,80,110,110,126,174,189,189,205,205,224,224,329,329,329,329,279,234,234,234,184,184,184,184,184,184,184,184,184,184,184,184,184,184,41,41,41,41,41,41,41,41,41,41,41,41,41],"floor_reached":50,"playtime":7968,"items_purged":["Defend_G","Defend_G","Strike_G"],"score":760,"play_id":"09eff86d-e623-4623-9d83-0d176f06c18d","local_time":"20190706062224","is_ascension_mode":true,"campfire_choices":[{"data":"Cloak And Dagger","floor":7,"key":"SMITH"},{"data":"Blade Dance","floor":11,"key":"SMITH"},{"data":"Blade Dance","floor":13,"key":"SMITH"},{"data":"Finisher","floor":15,"key":"SMITH"},{"data":"Acrobatics","floor":23,"key":"SMITH"},{"data":"Cloak And Dagger","floor":25,"key":"SMITH"},{"data":"Burst","floor":27,"key":"SMITH"},{"data":"Cloak And Dagger","floor":32,"key":"SMITH"},{"floor":40,"key":"REST"},{"floor":42,"key":"RECALL"},{"floor":49,"key":"REST"}],"neow_cost":"NONE","seed_source_timestamp":138000999392166,"circlet_count":0,"master_deck":["Strike_G","Strike_G","Strike_G","Defend_G","Defend_G","Defend_G","Survivor","Neutralize","Blade Dance+1","Reflex","Quick Slash","Cloak And Dagger+1","Finisher+1","Blade Dance+1","Burst+1","Acrobatics+1","Adrenaline+1","Cloak And Dagger+1","Expertise","Deflect+1","Cloak And Dagger+1","Backflip","Burst","Dagger Throw+1","Flash of Steel","Terror+1"],"relics":["Orrery","Kunai","Smiling Mask","Ectoplasm","Fusion Hammer","Lantern","Nunchaku","Centennial Puzzle"],"potions_floor_usage":[6,6,16,28,37,37],"damage_taken":[{"damage":4,"enemies":"2 Louse","floor":1,"turns":3},{"damage":0,"enemies":"Cultist","floor":2,"turns":3},{"damage":5,"enemies":"Small Slimes","floor":5,"turns":3},{"damage":16,"enemies":"Lagavulin","floor":6,"turns":7},{"damage":3,"enemies":"Blue Slaver","floor":8,"turns":3},{"damage":1,"enemies":"Large Slime","floor":10,"turns":4},{"damage":0,"enemies":"Exordium Wildlife","floor":12,"turns":3},{"damage":0,"enemies":"Red Slaver","floor":14,"turns":2},{"damage":0,"enemies":"Slime Boss","floor":16,"turns":5},{"damage":0,"enemies":"3 Byrds","floor":18,"turns":4},{"damage":0,"enemies":"2 Thieves","floor":21,"turns":3},{"damage":0,"enemies":"Snecko","floor":22,"turns":3},{"damage":2,"enemies":"Snake Plant","floor":28,"turns":4},{"damage":0,"enemies":"Sentry and Sphere","floor":30,"turns":1},{"damage":12,"enemies":"Collector","floor":33,"turns":16},{"damage":5,"enemies":"3 Shapes","floor":35,"turns":3},{"damage":8,"enemies":"3 Darklings","floor":36,"turns":7},{"damage":14,"enemies":"Transient","floor":37,"turns":5},{"damage":3,"enemies":"Spire Growth","floor":39,"turns":3},{"damage":0,"enemies":"Reptomancer","floor":41,"turns":4},{"damage":0,"enemies":"Writhing Mass","floor":45,"turns":7},{"damage":0,"enemies":"Transient","floor":46,"turns":5},{"damage":12,"enemies":"Nemesis","floor":47,"turns":3},{"damage":0,"enemies":"3 Darklings","floor":48,"turns":3},{"damage":67,"enemies":"Time Eater","floor":50,"turns":6}],"seed_played":"2244915887001748019","potions_obtained":[{"floor":2,"key":"SteroidPotion"},{"floor":4,"key":"AttackPotion"},{"floor":4,"key":"SkillPotion"},{"floor":12,"key":"FearPotion"},{"floor":16,"key":"Poison Potion"},{"floor":21,"key":"SpeedPotion"},{"floor":22,"key":"AttackPotion"},{"floor":37,"key":"LiquidBronze"},{"floor":41,"key":"LiquidBronze"},{"floor":46,"key":"FearPotion"},{"floor":48,"key":"LiquidBronze"}],"is_trial":false,"path_per_floor":["M","M","?","?","M","E","R","M","T","M","R","M","R","M","R","B",null,"M","?","$","M","M","R","$","R","T","R","M","?","M","?","R","B",null,"M","M","M","$","M","R","E","R","T","?","M","M","E","M","R","B"],"character_chosen":"THE_SILENT","items_purchased":["Flash of Steel"],"campfire_rested":2,"item_purchase_floors":[38],"current_hp_per_floor":[66,66,66,66,61,45,45,42,42,41,41,41,41,41,41,41,63,63,63,63,63,63,63,63,63,63,63,61,61,61,61,61,49,65,60,52,38,38,35,56,56,56,56,56,56,56,44,44,63,0],"gold":41,"neow_bonus":"BOSS_RELIC","is_prod":false,"is_daily":false,"chose_seed":false,"campfire_upgraded":8,"win_rate":0,"timestamp":1562365344,"path_taken":["M","M","?","?","M","E","R","M","T","M","R","M","R","M","R","BOSS","M","?","$","?","M","R","$","R","T","R","M","?","M","?","R","BOSS","M","M","M","$","M","R","E","R","T","?","M","M","E","M","R","BOSS"],"build_version":"2019-07-01","purchased_purges":3,"victory":false,"max_hp_per_floor":[70,70,70,70,70,70,70,70,70,70,70,70,70,70,70,70,70,70,70,70,70,70,70,70,70,70,70,70,70,70,70,70,70,70,70,70,70,70,70,70,70,70,70,66,66,66,66,66,66,66],"card_choices":[{"not_picked":["Backflip","Acrobatics"],"picked":"Blade Dance","floor":0},{"not_picked":["PiercingWail","Slice"],"picked":"Reflex","floor":0},{"not_picked":["Setup","Poisoned Stab"],"picked":"Quick Slash","floor":0},{"not_picked":["Well Laid Plans","Setup"],"picked":"Cloak And Dagger","floor":0},{"not_picked":["Sucker Punch","Dodge and Roll"],"picked":"Finisher","floor":1},{"not_picked":["Infinite Blades","Flechettes"],"picked":"Blade Dance","floor":2},{"not_picked":["Bane","Predator","Dagger Spray"],"picked":"SKIP","floor":5},{"not_picked":["Setup","Caltrops"],"picked":"Burst","floor":6},{"not_picked":["Dodge and Roll","Dash","PiercingWail"],"picked":"SKIP","floor":8},{"not_picked":["Infinite Blades","Deadly Poison","Sucker Punch"],"picked":"SKIP","floor":10},{"not_picked":["Deadly Poison","Crippling Poison"],"picked":"Acrobatics","floor":12},{"not_picked":["Prepared","Dagger Spray","Eviscerate"],"picked":"SKIP","floor":14},{"not_picked":["Corpse Explosion","Phantasmal Killer"],"picked":"Adrenaline","floor":16},{"not_picked":["Sucker Punch","Bouncing Flask"],"picked":"Cloak And Dagger","floor":18},{"not_picked":["Flechettes+1","Cloak And Dagger"],"picked":"Expertise","floor":21},{"not_picked":["Acrobatics","Setup"],"picked":"Deflect+1","floor":22},{"not_picked":["Sucker Punch","Catalyst"],"picked":"Cloak And Dagger","floor":28},{"not_picked":["Accuracy","Malaise"],"picked":"Backflip","floor":30},{"not_picked":["Unload","After Image"],"picked":"Burst","floor":33},{"not_picked":["Quick Slash+1","Bane","Noxious Fumes"],"picked":"SKIP","floor":35},{"not_picked":["Leg Sweep","Footwork+1","Dagger Spray"],"picked":"SKIP","floor":36},{"not_picked":["Expertise","Bane"],"picked":"Dagger Throw+1","floor":37},{"not_picked":["Dodge and Roll+1","Poisoned Stab+1","Bane"],"picked":"SKIP","floor":39},{"not_picked":["Catalyst","Outmaneuver+1"],"picked":"Terror+1","floor":41},{"not_picked":["PiercingWail","Cloak And Dagger","Quick Slash"],"picked":"SKIP","floor":45},{"not_picked":["Underhanded Strike+1","Masterful Stab+1","Quick Slash+1"],"picked":"SKIP","floor":46},{"not_picked":["Outmaneuver","Flying Knee+1","Corpse Explosion"],"picked":"SKIP","floor":47},{"not_picked":["Underhanded Strike","Backstab+1","All Out Attack"],"picked":"SKIP","floor":48}],"player_experience":200709,"relics_obtained":[{"floor":6,"key":"Kunai"},{"floor":9,"key":"Smiling Mask"},{"floor":41,"key":"Lantern"},{"floor":43,"key":"Nunchaku"},{"floor":47,"key":"Centennial Puzzle"}],"event_choices":[{"cards_removed":["Strike_G"],"damage_healed":0,"gold_gain":0,"player_choice":"Card Removal","damage_taken":0,"max_hp_gain":0,"max_hp_loss":0,"event_name":"The Cleric","floor":3,"gold_loss":50},{"damage_healed":0,"gold_gain":0,"player_choice":"Got Potions","damage_taken":0,"max_hp_gain":0,"max_hp_loss":0,"event_name":"Lab","floor":4,"gold_loss":0},{"damage_healed":0,"gold_gain":0,"player_choice":"Upgraded","damage_taken":0,"max_hp_gain":0,"max_hp_loss":0,"event_name":"Upgrade Shrine","floor":19,"gold_loss":0,"cards_upgraded":["Adrenaline"]},{"damage_healed":0,"gold_gain":0,"player_choice":"Ignored","damage_taken":0,"max_hp_gain":0,"max_hp_loss":0,"event_name":"Vampires","floor":29,"gold_loss":0},{"damage_healed":0,"gold_gain":0,"player_choice":"Max HP","damage_taken":0,"max_hp_gain":0,"max_hp_loss":4,"event_name":"Winding Halls","floor":44,"gold_loss":0}],"is_beta":false,"boss_relics":[{"not_picked":["Coffee Dripper","WristBlade"],"picked":"Ectoplasm"},{"not_picked":["HoveringKite","Astrolabe"],"picked":"Fusion Hammer"}],"items_purged_floors":[20,24,38],"is_endless":false,"potions_floor_spawned":[2,12,16,21,22,37,41,46,48],"killed_by":"Time Eater","ascension_level":5}