{"gold_per_floor":[112,130,148,164,183,183,198,198,251,285,314,84,84,102,102,201,201,215,232,249,249,269,269],"floor_reached":23,"playtime":2813,"items_purged":["Strike_G"],"score":217,"play_id":"38442e7f-544b-4f76-bcce-8650666db472","local_time":"20190704214635","is_ascension_mode":true,"campfire_choices":[{"floor":6,"key":"REST"},{"data":"Footwork","floor":8,"key":"SMITH"},{"floor":15,"key":"REST"}],"neow_cost":"NONE","seed_source_timestamp":0,"circlet_count":0,"master_deck":["Strike_G","Strike_G","Strike_G","Strike_G","Defend_G","Defend_G","Defend_G","Defend_G","Survivor","Neutralize","Setup","Footwork+1","All Out Attack","Outmaneuver","Dodge and Roll","Dagger Throw","Dash","Concentrate","A Thousand Cuts","Predator","Calculated Gamble","Flying Knee+1","Flying Knee"],"special_seed":0,"relics":["Ring of the Snake","Mummified Hand","Odd Mushroom","Bag of Preparation","Philosopher\u0027s Stone"],"potions_floor_usage":[16,16,22,23,23],"damage_taken":[{"damage":1.0,"enemies":"Small Slimes","floor":1.0,"turns":5.0},{"damage":0.0,"enemies":"Cultist","floor":2.0,"turns":4.0},{"damage":2.0,"enemies":"Jaw Worm","floor":3.0,"turns":6.0},{"damage":14,"enemies":"Lots of Slimes","floor":4,"turns":5},{"damage":15,"enemies":"3 Louse","floor":5,"turns":3},{"damage":0,"enemies":"Blue Slaver","floor":7,"turns":6},{"damage":27,"enemies":"Lagavulin","floor":10,"turns":11},{"damage":10,"enemies":"The Mushroom Lair","floor":11,"turns":4},{"damage":5,"enemies":"Looter","floor":14,"turns":3},{"damage":38,"enemies":"The Guardian","floor":16,"turns":22},{"damage":15,"enemies":"Spheric Guardian","floor":18,"turns":5},{"damage":2,"enemies":"2 Thieves","floor":19,"turns":5},{"damage":26,"enemies":"Snake Plant","floor":20,"turns":5},{"damage":28,"enemies":"Centurion and Healer","floor":22,"turns":6},{"damage":25,"enemies":"Book of Stabbing","floor":23,"turns":5}],"seed_played":"9058301496120218782","potions_obtained":[{"floor":1.0,"key":"Block Potion"},{"floor":3,"key":"GhostInAJar"},{"floor":5,"key":"Energy Potion"},{"floor":18,"key":"SneckoOil"},{"floor":19,"key":"Regen Potion"}],"is_trial":false,"path_per_floor":["M","M","M","M","M","R","M","R","T","E","?","$","?","M","R","B",null,"M","M","M","?","M","E"],"character_chosen":"THE_SILENT","items_purchased":["Bag of Preparation"],"campfire_rested":2,"item_purchase_floors":[12],"current_hp_per_floor":[76,76,74,60,45,68,68,68,68,41,31,31,31,26,49,11,77,62,60,34,34,20,0],"gold":269,"neow_bonus":"TEN_PERCENT_HP_BONUS","is_prod":false,"is_daily":false,"chose_seed":false,"campfire_upgraded":1,"win_rate":0,"timestamp":1562247995,"path_taken":["M","M","M","M","M","R","M","R","T","E","?","$","?","M","R","BOSS","M","M","?","?","?","E"],"build_version":"2019-07-01","purchased_purges":1,"victory":false,"max_hp_per_floor":[77,77,77,77,77,77,77,77,77,77,77,77,77,77,77,77,77,77,77,77,77,77,77],"card_choices":[{"not_picked":["Accuracy","Choke"],"picked":"Setup","floor":1.0},{"not_picked":["Infinite Blades","Backflip"],"picked":"Footwork","floor":2.0},{"not_picked":["Masterful Stab","Outmaneuver"],"picked":"All Out Attack","floor":3},{"not_picked":["Caltrops","Bane"],"picked":"Outmaneuver","floor":4},{"not_picked":["Cloak And Dagger","Bane"],"picked":"Dodge and Roll","floor":5},{"not_picked":["Eviscerate","Prepared","Bane"],"picked":"SKIP","floor":7},{"not_picked":["Eviscerate","Prepared","Bane"],"picked":"SKIP","floor":7},{"not_picked":["Setup","Masterful Stab"],"picked":"Dagger Throw","floor":10},{"not_picked":["Choke","Predator"],"picked":"Dash","floor":11},{"not_picked":["Deadly Poison","Grand Finale"],"picked":"Concentrate","floor":14},{"not_picked":["Wraith Form v2","Storm of Steel"],"picked":"A Thousand Cuts","floor":16},{"not_picked":["Quick Slash","Dagger Spray"],"picked":"Predator","floor":18},{"not_picked":["Poisoned Stab","Deadly Poison"],"picked":"Calculated Gamble","floor":19},{"not_picked":["Blade Dance+1","Glass Knife"],"picked":"Flying Knee+1","floor":20},{"not_picked":["Blade Dance+1","Deadly Poison"],"picked":"Flying Knee","floor":22}],"player_experience":142720,"relics_obtained":[{"floor":10,"key":"Mummified Hand"},{"floor":11,"key":"Odd Mushroom"}],"event_choices":[{"damage_healed":0,"gold_gain":0,"player_choice":"Fought Mushrooms","damage_taken":0,"max_hp_gain":0,"max_hp_loss":0,"event_name":"Mushrooms","floor":11,"gold_loss":0},{"cards_removed":["Defend_G"],"damage_healed":0,"gold_gain":0,"player_choice":"Offered Basic","damage_taken":0,"max_hp_gain":0,"max_hp_loss":0,"event_name":"Bonfire Elementals","floor":13,"gold_loss":0},{"damage_healed":0,"gold_gain":0,"player_choice":"Bought 0 Potions","damage_taken":0,"max_hp_gain":0,"max_hp_loss":0,"event_name":"The Woman in Blue","floor":21,"gold_loss":0}],"is_beta":false,"boss_relics":[{"not_picked":["Runic Dome","Eternal Feather"],"picked":"Philosopher\u0027s Stone"}],"items_purged_floors":[12],"is_endless":false,"potions_floor_spawned":[1,3,5,7,11,18,19],"killed_by":"Book of Stabbing","ascension_level":2}