{"gold_per_floor":[118,118,18,18,31,31,46,84,109,109,145,145,170,188,188,281,281],"floor_reached":17,"playtime":558,"items_purged":["Strike_G"],"score":272,"play_id":"26e41cda-5294-4c27-8a37-fe7d6e7f175c","local_time":"20181212094502","is_ascension_mode":true,"campfire_choices":[{"floor":6,"key":"REST"},{"floor":12,"key":"REST"},{"floor":15,"key":"REST"}],"neow_cost":"NONE","seed_source_timestamp":355336170804010,"circlet_count":0,"master_deck":["AscendersBane","Defend_G","Defend_G","Defend_G","Defend_G","Defend_G","Strike_G","Strike_G","Strike_G","Strike_G","Survivor","Neutralize","Crippling Poison","Quick Slash","Dagger Throw","Sucker Punch","Predator","Predator","Glass Knife"],"relics":["Fusion Hammer","Golden Idol","Smiling Mask","Ornamental Fan","Regal Pillow","Pen Nib","Centennial Puzzle","Philosopher\u0027s Stone"],"potions_floor_usage":[],"damage_taken":[{"damage":0,"enemies":"2 Louse","floor":1,"turns":4},{"damage":0,"enemies":"Cultist","floor":5,"turns":4},{"damage":0,"enemies":"Small Slimes","floor":7,"turns":3},{"damage":43,"enemies":"3 Sentries","floor":8,"turns":15},{"damage":16,"enemies":"Gremlin Nob","floor":11,"turns":5},{"damage":0,"enemies":"Red Slaver","floor":13,"turns":3},{"damage":1,"enemies":"2 Fungi Beasts","floor":14,"turns":2},{"damage":42,"enemies":"Hexaghost","floor":16,"turns":9}],"seed_played":"-2899432987629632122","potions_obtained":[{"floor":1,"key":"Dexterity Potion"},{"floor":5,"key":"SpeedPotion"},{"floor":16,"key":"SteroidPotion"}],"is_trial":false,"path_per_floor":["M","?","$","?","M","R","M","E","T","?","E","R","M","M","R","B",null],"character_chosen":"THE_SILENT","items_purchased":["Quick Slash"],"campfire_rested":3,"item_purchase_floors":[3],"current_hp_per_floor":[63,46,46,46,46,67,67,24,24,24,8,44,44,43,70,28,28],"gold":281,"neow_bonus":"BOSS_RELIC","is_prod":false,"is_daily":false,"chose_seed":false,"campfire_upgraded":0,"win_rate":0,"timestamp":1544568302,"path_taken":["M","?","$","?","M","R","?","E","T","?","E","R","M","M","R","BOSS"],"build_version":"2018-12-10","purchased_purges":1,"victory":false,"max_hp_per_floor":[70,70,70,70,70,70,70,70,70,70,70,70,70,70,70,70,70],"card_choices":[{"not_picked":["Prepared","Outmaneuver"],"picked":"Crippling Poison","floor":1},{"not_picked":["Acrobatics","Dagger Throw","Dodge and Roll"],"picked":"SKIP","floor":5},{"not_picked":["Acrobatics","Dodge and Roll"],"picked":"Dagger Throw","floor":5},{"not_picked":["Accuracy","Bane","Escape Plan"],"picked":"SKIP","floor":7},{"not_picked":["Prepared","Dagger Spray"],"picked":"Sucker Punch","floor":8},{"not_picked":["Cloak And Dagger","Corpse Explosion"],"picked":"Predator","floor":11},{"not_picked":["Dagger Spray","Underhanded Strike","Escape Plan"],"picked":"SKIP","floor":13},{"not_picked":["Poisoned Stab","Caltrops"],"picked":"Predator","floor":14},{"not_picked":["Venomology","Tools of the Trade"],"picked":"Glass Knife","floor":16}],"player_experience":460749,"relics_obtained":[{"floor":4,"key":"Smiling Mask"},{"floor":8,"key":"Ornamental Fan"},{"floor":9,"key":"Regal Pillow"},{"floor":11,"key":"Centennial Puzzle"}],"event_choices":[{"damage_healed":0,"gold_gain":0,"player_choice":"Take Damage","damage_taken":17,"relics_obtained":["Golden Idol"],"max_hp_gain":0,"max_hp_loss":0,"event_name":"Golden Idol","floor":2,"gold_loss":0},{"damage_healed":0,"gold_gain":0,"player_choice":"Relic","damage_taken":0,"max_hp_gain":0,"max_hp_loss":0,"event_name":"Wheel of Change","floor":4,"gold_loss":0},{"damage_healed":0,"gold_gain":0,"player_choice":"Gave Potion","damage_taken":0,"relics_obtained":["Pen Nib"],"max_hp_gain":0,"max_hp_loss":0,"event_name":"WeMeetAgain","floor":10,"gold_loss":0}],"is_beta":true,"boss_relics":[{"not_picked":["WristBlade","White Beast Statue"],"picked":"Philosopher\u0027s Stone"}],"items_purged_floors":[3],"is_endless":false,"potions_floor_spawned":[1,5,16],"ascension_level":13}