{"gold_per_floor":[115,127,145,0,0,32,32,67,67,67,242,242,260,285,285,383,383,393,92,104,117,136,165,165,195,220,252,252,281,298,323,323,421,421,435,16,16,34,47,81,81,100,126,126,155,4,4,18,18,18],"floor_reached":51,"playtime":6431,"items_purged":["Doubt","Strike_B","Strike_B"],"score":1016,"play_id":"a16dc293-5f91-45a1-9363-c68eca20259e","local_time":"20190720000526","is_ascension_mode":true,"campfire_choices":[{"data":"Defragment","floor":7.0,"key":"SMITH"},{"data":"Zap","floor":10.0,"key":"SMITH"},{"data":"Ball Lightning","floor":12.0,"key":"SMITH"},{"floor":15.0,"key":"REST"},{"floor":24.0,"key":"REST"},{"floor":28.0,"key":"REST"},{"floor":32.0,"key":"REST"},{"data":"Loop","floor":41,"key":"SMITH"},{"floor":44,"key":"REST"},{"data":"Capacitor","floor":47,"key":"SMITH"},{"floor":49,"key":"REST"}],"neow_cost":"NONE","seed_source_timestamp":0,"circlet_count":0,"master_deck":["Strike_B","Defend_B","Defend_B","Defend_B","Defend_B","Zap+1","Dualcast","Rebound","Cold Snap","Reinforced Body","Defragment+1","Hologram+1","Reboot","Ball Lightning+1","Glacier","Cold Snap","Steam","Core Surge","Barrage","Capacitor+1","Conserve Battery+1","Turbo+1","Heatsinks+1","Ball Lightning","Cold Snap","Consume+1","Double Energy+1","Melter","Blizzard","BootSequence","Biased Cognition","Hello World","Capacitor","Loop+1","Consume+1","Conserve Battery+1","Static Discharge"],"special_seed":0,"relics":["Cracked Core","Smiling Mask","StoneCalendar","Bottled Flame","Cables","Runic Dome","Happy Flower","Lantern","Orichalcum","War Paint","The Courier","Pocketwatch","Red Mask","Busted Crown","Singing Bowl","Matryoshka","Boot","DataDisk","Pantograph"],"potions_floor_usage":[45,50,50],"damage_taken":[{"damage":13.0,"enemies":"Small Slimes","floor":1.0,"turns":3.0},{"damage":2.0,"enemies":"2 Louse","floor":2.0,"turns":2.0},{"damage":0.0,"enemies":"Cultist","floor":3.0,"turns":3.0},{"damage":10.0,"enemies":"Lagavulin","floor":6.0,"turns":8.0},{"damage":18.0,"enemies":"3 Sentries","floor":8.0,"turns":6.0},{"damage":14.0,"enemies":"Large Slime","floor":13.0,"turns":3.0},{"damage":16.0,"enemies":"Gremlin Nob","floor":14.0,"turns":4.0},{"damage":0.0,"enemies":"The Guardian","floor":16.0,"turns":7.0},{"damage":5.0,"enemies":"Chosen","floor":18.0,"turns":4.0},{"damage":6.0,"enemies":"Shell Parasite","floor":20.0,"turns":3.0},{"damage":5.0,"enemies":"Cultist and Chosen","floor":21.0,"turns":4.0},{"damage":11.0,"enemies":"Centurion and Healer","floor":22.0,"turns":6.0},{"damage":24.0,"enemies":"Slavers","floor":23.0,"turns":6.0},{"damage":9.0,"enemies":"Book of Stabbing","floor":25.0,"turns":4.0},{"damage":18.0,"enemies":"Slavers","floor":27.0,"turns":4.0},{"damage":31.0,"enemies":"Gremlin Leader","floor":29.0,"turns":7.0},{"damage":0.0,"enemies":"Chosen and Byrds","floor":30.0,"turns":3.0},{"damage":0.0,"enemies":"Masked Bandits","floor":31.0,"turns":4.0},{"damage":21.0,"enemies":"Champ","floor":33.0,"turns":10.0},{"damage":4.0,"enemies":"Orb Walker","floor":35.0,"turns":3.0},{"damage":0.0,"enemies":"3 Shapes","floor":38.0,"turns":3.0},{"damage":0.0,"enemies":"Sphere and 2 Shapes","floor":39.0,"turns":4.0},{"damage":0,"enemies":"Giant Head","floor":40,"turns":9},{"damage":48,"enemies":"Writhing Mass","floor":42,"turns":5},{"damage":9,"enemies":"Reptomancer","floor":45,"turns":5},{"damage":9,"enemies":"Transient","floor":48,"turns":5},{"damage":0,"enemies":"Time Eater","floor":50,"turns":12}],"seed_played":"-4788254759188658935","potions_obtained":[{"floor":3.0,"key":"Poison Potion"},{"floor":6.0,"key":"LiquidBronze"},{"floor":14.0,"key":"Strength Potion"},{"floor":16.0,"key":"Poison Potion"},{"floor":18.0,"key":"FocusPotion"},{"floor":20.0,"key":"SneckoOil"},{"floor":29.0,"key":"Block Potion"},{"floor":30.0,"key":"Ancient Potion"},{"floor":33.0,"key":"AttackPotion"},{"floor":35.0,"key":"PowerPotion"},{"floor":40,"key":"SkillPotion"},{"floor":48,"key":"SkillPotion"}],"is_trial":false,"path_per_floor":["M","M","M","$","?","E","R","E","T","R","?","R","M","E","R","B",null,"M","$","M","M","M","E","R","E","T","E","R","E","M","?","R","B",null,"M","$","?","M","M","E","R","M","T","R","E","$","R","M","R","B",null],"character_chosen":"DEFECT","items_purchased":["Defragment","Hologram","PowerPotion","Capacitor","Conserve Battery","Happy Flower","Singing Bowl","Hello World","Capacitor","Loop","Static Discharge","Fire Potion"],"campfire_rested":6,"item_purchase_floors":[4,4,4,19,19,19,36,36,36,36,46,46],"current_hp_per_floor":[69,67,67,67,67,57,57,39,39,39,39,39,25,9,33,33,82,77,77,71,66,55,31,55,46,46,28,52,21,21,21,45,24,82,78,78,78,80,82,84,84,36,36,62,55,55,55,48,75,92],"gold":18,"neow_bonus":"TEN_PERCENT_HP_BONUS","is_prod":false,"is_daily":false,"chose_seed":false,"campfire_upgraded":5,"win_rate":0,"timestamp":1563595526,"path_taken":["M","M","M","$","?","E","R","E","T","R","?","R","M","E","R","BOSS","M","$","M","M","M","E","R","E","T","E","R","E","M","?","R","BOSS","M","$","?","M","M","E","R","M","T","R","E","$","R","?","R","BOSS"],"build_version":"2019-07-17","purchased_purges":3,"victory":true,"max_hp_per_floor":[82,82,82,82,82,82,82,82,82,82,82,82,82,82,82,82,82,82,82,82,82,82,82,82,82,82,82,82,82,82,82,82,82,82,82,82,82,84,86,88,88,88,88,88,90,90,90,92,92,92],"card_choices":[{"not_picked":["Steam","White Noise"],"picked":"Rebound","floor":1.0},{"not_picked":["Compile Driver","Redo"],"picked":"Cold Snap","floor":2.0},{"not_picked":["Turbo","Go for the Eyes"],"picked":"Reinforced Body","floor":3.0},{"not_picked":["Conserve Battery","Go for the Eyes"],"picked":"Ball Lightning","floor":6.0},{"not_picked":["Stack","Rebound"],"picked":"Glacier","floor":8.0},{"not_picked":["Hologram","Recycle"],"picked":"Cold Snap","floor":13.0},{"not_picked":["Amplify","Storm"],"picked":"Steam","floor":14.0},{"not_picked":["Hyperbeam","Seek"],"picked":"Core Surge","floor":16.0},{"not_picked":["Beam Cell","White Noise"],"picked":"Barrage","floor":18.0},{"not_picked":["Capacitor","Storm+1"],"picked":"Turbo+1","floor":20.0},{"not_picked":["FTL","Reinforced Body"],"picked":"Heatsinks+1","floor":21.0},{"not_picked":["Coolheaded","Streamline"],"picked":"Ball Lightning","floor":22.0},{"not_picked":["Leap+1","Go for the Eyes"],"picked":"Cold Snap","floor":23.0},{"not_picked":["Amplify","Gash"],"picked":"Consume+1","floor":25.0},{"not_picked":["Rebound","Stack"],"picked":"Double Energy+1","floor":27.0},{"not_picked":["Redo","Steam"],"picked":"Melter","floor":29.0},{"not_picked":["Lockon","Redo"],"picked":"Blizzard","floor":30.0},{"not_picked":["Lockon","Hello World"],"picked":"BootSequence","floor":31.0},{"not_picked":["Multi-Cast","Rainbow"],"picked":"Biased Cognition","floor":33.0},{"not_picked":["Streamline"],"picked":"SKIP","floor":35.0},{"not_picked":["Turbo+1"],"picked":"Singing Bowl","floor":38.0},{"not_picked":["Storm"],"picked":"Singing Bowl","floor":39.0},{"not_picked":["Fusion"],"picked":"Singing Bowl","floor":40},{"not_picked":[],"picked":"Conserve Battery+1","floor":42},{"not_picked":["Rebound+1"],"picked":"Singing Bowl","floor":45},{"not_picked":["Consume"],"picked":"Singing Bowl","floor":48}],"player_experience":683421,"relics_obtained":[{"floor":6.0,"key":"Smiling Mask"},{"floor":8.0,"key":"StoneCalendar"},{"floor":9.0,"key":"Bottled Flame"},{"floor":14.0,"key":"Cables"},{"floor":23.0,"key":"Lantern"},{"floor":25.0,"key":"Orichalcum"},{"floor":26.0,"key":"War Paint"},{"floor":27.0,"key":"The Courier"},{"floor":29.0,"key":"Pocketwatch"},{"floor":31.0,"key":"Red Mask"},{"floor":40,"key":"Matryoshka"},{"floor":43,"key":"Boot"},{"floor":43,"key":"DataDisk"},{"floor":45,"key":"Pantograph"}],"event_choices":[{"damage_healed":0.0,"max_hp_gain":0.0,"max_hp_loss":0.0,"gold_gain":0.0,"cards_transformed":["Strike_B"],"event_name":"Living Wall","player_choice":"Change","floor":5.0,"gold_loss":0.0,"damage_taken":0.0,"cards_obtained":["Reboot"]},{"damage_healed":0.0,"max_hp_gain":0.0,"max_hp_loss":0.0,"gold_gain":175.0,"event_name":"Liars Game","player_choice":"AGREE","floor":11.0,"gold_loss":0.0,"damage_taken":0.0,"cards_obtained":["Doubt"]},{"damage_healed":0.0,"max_hp_gain":0.0,"max_hp_loss":0.0,"gold_gain":0.0,"event_name":"Masked Bandits","player_choice":"Fought Bandits","floor":31.0,"gold_loss":0.0,"damage_taken":0.0},{"damage_healed":0.0,"max_hp_gain":0.0,"max_hp_loss":0.0,"gold_gain":0.0,"event_name":"Duplicator","player_choice":"Copied","floor":37.0,"gold_loss":0.0,"damage_taken":0.0,"cards_obtained":["Consume"]}],"is_beta":false,"boss_relics":[{"not_picked":["Tiny House","Calling Bell"],"picked":"Runic Dome"},{"not_picked":["Lizard Tail","Velvet Choker"],"picked":"Busted Crown"}],"items_purged_floors":[19,36,46],"is_endless":false,"potions_floor_spawned":[3,6,14,16,18,20,29,30,33,35,40,42,48],"ascension_level":2}