{"gold_per_floor":[111,123,48,64,84,84,118,118,118,138,138,152,152,487,487,564,564,564,139,79,29,29,29,29,29,29,29,29,29,29,29,29,29,29,29,29,29],"floor_reached":37,"playtime":1886,"items_purged":["Strike_G"],"score":821,"play_id":"92910e9e-68df-46b7-87fd-3b37e65a28d7","local_time":"20190623191626","is_ascension_mode":true,"campfire_choices":[{"data":"Neutralize","floor":6,"key":"SMITH"},{"data":"All Out Attack","floor":8,"key":"SMITH"},{"floor":13,"key":"REST"},{"floor":15,"key":"REST"},{"data":"Footwork","floor":23,"key":"SMITH"},{"data":"Noxious Fumes","floor":25,"key":"SMITH"},{"floor":27,"key":"REST"},{"floor":32,"key":"REST"}],"neow_cost":"NONE","seed_source_timestamp":121237968764561,"circlet_count":0,"master_deck":["AscendersBane","Defend_G","Defend_G","Defend_G","Defend_G","Defend_G","Strike_G","Strike_G","Strike_G","Strike_G","Survivor","Neutralize+1","Riddle With Holes","Dagger Throw","All Out Attack+1","Backstab","Poisoned Stab","Quick Slash","Noxious Fumes+1","Leg Sweep","Glass Knife","After Image","Dagger Spray","Footwork+1","Predator","Well Laid Plans+1","Dodge and Roll","Bullet Time","Adrenaline","Caltrops","Backflip+1"],"relics":["Ring of the Snake","NeowsBlessing","Vajra","Mummified Hand","Old Coin","Ectoplasm","PreservedInsect","Smiling Mask","Strawberry","Singing Bowl","Eternal Feather"],"potions_floor_usage":[7,20,24,30,31,33],"damage_taken":[{"damage":0,"enemies":"Cultist","floor":1,"turns":1},{"damage":0,"enemies":"Small Slimes","floor":2,"turns":1},{"damage":0,"enemies":"2 Louse","floor":4,"turns":1},{"damage":1,"enemies":"Exordium Thugs","floor":5,"turns":4},{"damage":26,"enemies":"Gremlin Nob","floor":7,"turns":4},{"damage":3,"enemies":"Blue Slaver","floor":10,"turns":2},{"damage":1,"enemies":"Looter","floor":12,"turns":2},{"damage":10,"enemies":"3 Sentries","floor":14,"turns":4},{"damage":11,"enemies":"Slime Boss","floor":16,"turns":9},{"damage":0,"enemies":"3 Byrds","floor":18,"turns":5},{"damage":11,"enemies":"2 Thieves","floor":20,"turns":3},{"damage":18,"enemies":"Gremlin Leader","floor":24,"turns":5},{"damage":21,"enemies":"Slavers","floor":28,"turns":4},{"damage":0,"enemies":"Centurion and Healer","floor":29,"turns":6},{"damage":18,"enemies":"Snecko","floor":30,"turns":3},{"damage":13,"enemies":"Snake Plant","floor":31,"turns":4},{"damage":16,"enemies":"Automaton","floor":33,"turns":11},{"damage":22,"enemies":"3 Darklings","floor":35,"turns":6},{"damage":8,"enemies":"Orb Walker","floor":36,"turns":3},{"damage":34,"enemies":"Transient","floor":37,"turns":4}],"seed_played":"8963190075686421454","potions_obtained":[{"floor":2,"key":"Strength Potion"},{"floor":4,"key":"SneckoOil"},{"floor":12,"key":"EssenceOfSteel"},{"floor":20,"key":"Strength Potion"},{"floor":24,"key":"Regen Potion"},{"floor":29,"key":"SteroidPotion"},{"floor":30,"key":"PowerPotion"},{"floor":31,"key":"Swift Potion"},{"floor":36,"key":"EssenceOfSteel"}],"is_trial":false,"path_per_floor":["M","M","$","M","M","R","E","R","T","M","?","M","R","E","R","B",null,"M","$","M","?","$","R","E","R","T","R","E","M","M","M","R","B",null,"M","M","M"],"character_chosen":"THE_SILENT","items_purchased":["All Out Attack","PreservedInsect","Footwork","Predator"],"campfire_rested":4,"item_purchase_floors":[3,19,19,19],"current_hp_per_floor":[59,59,59,59,58,58,32,32,32,29,29,28,47,37,56,45,61,61,61,50,50,50,50,32,32,39,60,41,41,23,24,46,30,64,42,34,0],"gold":29,"neow_bonus":"THREE_ENEMY_KILL","is_prod":false,"is_daily":false,"chose_seed":false,"campfire_upgraded":4,"win_rate":0,"timestamp":1561281386,"path_taken":["M","?","$","M","M","R","E","R","T","M","?","M","R","E","R","BOSS","M","$","M","?","?","R","E","R","T","R","E","M","M","?","R","BOSS","M","M","M"],"build_version":"2019-01-23","purchased_purges":1,"victory":false,"max_hp_per_floor":[66,66,66,66,66,66,66,66,66,66,66,66,66,66,66,66,66,66,66,66,66,66,66,66,66,73,73,75,75,75,75,75,75,75,75,75,75],"card_choices":[{"not_picked":["Underhanded Strike","Outmaneuver"],"picked":"Riddle With Holes","floor":1},{"not_picked":["Deadly Poison","Heel Hook"],"picked":"Dagger Throw","floor":2},{"not_picked":["Backflip","Masterful Stab"],"picked":"Backstab","floor":4},{"not_picked":["Caltrops","Outmaneuver"],"picked":"Poisoned Stab","floor":5},{"not_picked":["Backflip","Flying Knee"],"picked":"Quick Slash","floor":7},{"not_picked":["Reflex","Backflip"],"picked":"Noxious Fumes","floor":10},{"not_picked":["Backflip","Noxious Fumes"],"picked":"Leg Sweep","floor":12},{"not_picked":["Skewer","Deflect"],"picked":"Glass Knife","floor":14},{"not_picked":["Glass Knife","Grand Finale"],"picked":"After Image","floor":16},{"not_picked":["Acrobatics","Caltrops"],"picked":"Dagger Spray","floor":18},{"not_picked":["Dagger Throw","Catalyst","Underhanded Strike"],"picked":"SKIP","floor":20},{"not_picked":["Calculated Gamble","Accuracy","Deflect"],"picked":"SKIP","floor":24},{"not_picked":["Blade Dance+1","Quick Slash","Sucker Punch"],"picked":"Singing Bowl","floor":28},{"not_picked":["Escape Plan","Flechettes"],"picked":"Well Laid Plans+1","floor":29},{"not_picked":["Underhanded Strike","Cloak And Dagger"],"picked":"Dodge and Roll","floor":30},{"not_picked":["Dash","Blade Dance"],"picked":"Bullet Time","floor":31},{"not_picked":["Phantasmal Killer","Malaise"],"picked":"Adrenaline","floor":33},{"not_picked":["Bane","Quick Slash"],"picked":"Caltrops","floor":35},{"not_picked":["Dagger Spray","Heel Hook"],"picked":"Backflip+1","floor":36}],"player_experience":583441,"relics_obtained":[{"floor":7,"key":"Vajra"},{"floor":9,"key":"Mummified Hand"},{"floor":14,"key":"Old Coin"},{"floor":24,"key":"Smiling Mask"},{"floor":26,"key":"Strawberry"},{"floor":28,"key":"Singing Bowl"}],"event_choices":[{"damage_healed":0,"gold_gain":0,"player_choice":"Ignored","damage_taken":0,"max_hp_gain":0,"max_hp_loss":0,"event_name":"Shining Light","floor":11,"gold_loss":0},{"damage_healed":0,"gold_gain":0,"player_choice":"Bet on Owner","damage_taken":0,"max_hp_gain":0,"max_hp_loss":0,"event_name":"The Joust","floor":21,"gold_loss":50}],"is_beta":false,"boss_relics":[{"not_picked":["Velvet Choker","Tiny House"],"picked":"Ectoplasm"},{"not_picked":["Cursed Key","Pandora\u0027s Box"],"picked":"Eternal Feather"}],"items_purged_floors":[19],"is_endless":false,"potions_floor_spawned":[2,4,12,20,24,29,30,31,36],"killed_by":"Transient","ascension_level":19}