{"gold_per_floor":[116,116,132,152,30,30,55,55,55,55,88,108,136,153,153,153],"floor_reached":16,"playtime":650,"items_purged":["Strike_G"],"score":192,"play_id":"b8db8344-8937-40b3-839f-e4cead81ec7f","local_time":"20181106180623","is_ascension_mode":true,"campfire_choices":[{"data":"Neutralize","floor":6,"key":"SMITH"},{"data":"Quick Slash","floor":10,"key":"SMITH"},{"floor":15,"key":"REST"}],"neow_cost":"NONE","seed_source_timestamp":277780785155521,"circlet_count":0,"master_deck":["AscendersBane","Defend_G","Defend_G","Defend_G","Defend_G","Defend_G+1","Strike_G","Strike_G","Strike_G+1","Strike_G","Survivor","Neutralize+1","Terror","Quick Slash+1","Escape Plan","Poisoned Stab","Blur","Backflip","All Out Attack","Cloak And Dagger","Tools of the Trade","Dash"],"special_seed":0,"relics":["Orrery","Ninja Scroll","Omamori","Bird Faced Urn","Gremlin Horn"],"potions_floor_usage":[16],"damage_taken":[{"damage":0.0,"enemies":"2 Louse","floor":1.0,"turns":4.0},{"damage":1.0,"enemies":"Small Slimes","floor":3.0,"turns":4.0},{"damage":0,"enemies":"Jaw Worm","floor":4,"turns":3},{"damage":12,"enemies":"Lagavulin","floor":7,"turns":7},{"damage":31,"enemies":"Gremlin Nob","floor":11,"turns":4},{"damage":0,"enemies":"Red Slaver","floor":12,"turns":2},{"damage":12,"enemies":"3 Sentries","floor":13,"turns":9},{"damage":4,"enemies":"Blue Slaver","floor":14,"turns":4},{"damage":44,"enemies":"Slime Boss","floor":16,"turns":8}],"seed_played":"-8603305527503720099","potions_obtained":[{"floor":4,"key":"SpeedPotion"},{"floor":7,"key":"Strength Potion"}],"is_trial":false,"path_per_floor":["M","?","M","M","M","$","R","E","?","T","R","E","M","E","M","R","B"],"character_chosen":"THE_SILENT","items_purchased":["Backflip"],"campfire_rested":1,"item_purchase_floors":[5],"current_hp_per_floor":[63,49,48,48,48,48,36,59,59,59,28,28,18,16,37,0],"gold":153,"neow_bonus":"BOSS_RELIC","is_prod":false,"is_daily":false,"chose_seed":false,"campfire_upgraded":2,"win_rate":0,"timestamp":1541487983,"path_taken":["M","?","M","M","$","R","E","?","T","R","E","?","E","M","R","BOSS"],"build_version":"2018-11-02","purchased_purges":1,"victory":false,"max_hp_per_floor":[70,70,70,70,70,70,70,70,70,70,70,70,70,70,70,70],"card_choices":[{"not_picked":["Dagger Throw","Dodge and Roll"],"picked":"Terror","floor":0.0},{"not_picked":["Finisher","Riddle With Holes"],"picked":"Quick Slash","floor":0.0},{"not_picked":["Acrobatics","Catalyst"],"picked":"Escape Plan","floor":0.0},{"not_picked":["Dodge and Roll","Outmaneuver","Dagger Spray"],"picked":"SKIP","floor":1.0},{"not_picked":["Catalyst","Dodge and Roll"],"picked":"Poisoned Stab","floor":3},{"not_picked":["Flechettes","Setup"],"picked":"Blur","floor":4},{"not_picked":["Deadly Poison","Masterful Stab"],"picked":"All Out Attack","floor":7},{"not_picked":["Concentrate","Acrobatics"],"picked":"Cloak And Dagger","floor":11},{"not_picked":["Accuracy","Flying Knee"],"picked":"Tools of the Trade","floor":12},{"not_picked":["Sucker Punch","Slice"],"picked":"Dash","floor":13},{"not_picked":["Dagger Throw","Calculated Gamble","Dagger Spray"],"picked":"SKIP","floor":14}],"player_experience":434465,"relics_obtained":[{"floor":7,"key":"Ninja Scroll"},{"floor":9,"key":"Omamori"},{"floor":11,"key":"Bird Faced Urn"},{"floor":13,"key":"Gremlin Horn"}],"event_choices":[{"damage_healed":0.0,"max_hp_gain":0.0,"max_hp_loss":0.0,"gold_gain":0.0,"event_name":"Shining Light","player_choice":"Entered Light","floor":2.0,"gold_loss":0.0,"damage_taken":14.0,"cards_upgraded":["Strike_G","Defend_G"]},{"damage_healed":23,"gold_gain":0,"player_choice":"Banana","damage_taken":0,"max_hp_gain":0,"max_hp_loss":0,"event_name":"Big Fish","floor":8,"gold_loss":0}],"is_beta":true,"boss_relics":[],"items_purged_floors":[5],"is_endless":false,"potions_floor_spawned":[4,7,13,14],"killed_by":"Slime Boss","ascension_level":12}