{"gold_per_floor":[109,109,209,223,236,266,286,7,32,32,32,62,1,19,19,116,116,129,129,149,183,183,183,213,213,213,232,265,285,285,318,318,414,414,434,447,447,458,326,326,357,367,391,391,426,444,444,444,444,444],"floor_reached":50,"playtime":5971,"items_purged":[],"score":643,"play_id":"aa8b90fb-fda0-44b2-ad21-740ae0bd368d","local_time":"20190711184634","is_ascension_mode":false,"campfire_choices":[{"floor":10.0,"key":"REST"},{"floor":15.0,"key":"REST"},{"floor":23.0,"key":"REST"},{"data":"Wraith Form v2","floor":25.0,"key":"SMITH"},{"data":"Footwork","floor":32.0,"key":"SMITH"},{"floor":40,"key":"REST"},{"floor":44,"key":"REST"},{"floor":49,"key":"REST"}],"neow_cost":"NONE","seed_source_timestamp":0,"circlet_count":0,"master_deck":["Defend_G+1","Defend_G+1","Defend_G","Defend_G","Defend_G","Survivor","Neutralize","Caltrops","Footwork+1","Dagger Throw","Blade Dance","Distraction","Unload","PiercingWail+1","Bite","Bite","Bite","Bite","Bite","Escape Plan","Underhanded Strike+1","Wraith Form v2+1","Backflip+1","Underhanded Strike","Footwork+1","Malaise","Poisoned Stab+1","Envenom+1","Bullet Time+1","Escape Plan+1","Bouncing Flask","Footwork+1","Bouncing Flask","Noxious Fumes+1","Deadly Poison+1","Bullet Time","Slice+1","Madness","Madness","Finesse","Cloak And Dagger"],"special_seed":0,"relics":["White Beast Statue","PreservedInsect","Membership Card","War Paint","Lantern","MawBank","Runic Pyramid","Red Mask","Juzu Bracelet","Pantograph","The Courier","Boot","Dodecahedron","Astrolabe","Regal Pillow","Pen Nib","Anchor","Snake Skull","Dream Catcher"],"potions_floor_usage":[45,46,50,50],"damage_taken":[{"damage":10.0,"enemies":"Jaw Worm","floor":1.0,"turns":8.0},{"damage":2.0,"enemies":"Cultist","floor":4.0,"turns":5.0},{"damage":1.0,"enemies":"2 Louse","floor":5.0,"turns":4.0},{"damage":39.0,"enemies":"Gremlin Nob","floor":6.0,"turns":6.0},{"damage":1.0,"enemies":"2 Fungi Beasts","floor":7.0,"turns":4.0},{"damage":16.0,"enemies":"Lagavulin","floor":12.0,"turns":7.0},{"damage":1.0,"enemies":"Blue Slaver","floor":14.0,"turns":5.0},{"damage":35.0,"enemies":"Hexaghost","floor":16.0,"turns":14.0},{"damage":2.0,"enemies":"Shell Parasite","floor":18.0,"turns":7.0},{"damage":28.0,"enemies":"Spheric Guardian","floor":20.0,"turns":9.0},{"damage":39.0,"enemies":"Masked Bandits","floor":21.0,"turns":7.0},{"damage":11.0,"enemies":"Gremlin Leader","floor":24.0,"turns":6.0},{"damage":8.0,"enemies":"Snecko","floor":27.0,"turns":7.0},{"damage":13.0,"enemies":"Slavers","floor":28.0,"turns":5.0},{"damage":26.0,"enemies":"Snake Plant","floor":29.0,"turns":7.0},{"damage":5.0,"enemies":"Gremlin Leader","floor":31.0,"turns":7.0},{"damage":42.0,"enemies":"Collector","floor":33.0,"turns":23.0},{"damage":8.0,"enemies":"3 Darklings","floor":35.0,"turns":10.0},{"damage":22.0,"enemies":"3 Shapes","floor":36.0,"turns":6.0},{"damage":28,"enemies":"Sphere and 2 Shapes","floor":38,"turns":11},{"damage":43,"enemies":"Giant Head","floor":41,"turns":8},{"damage":0,"enemies":"Maw","floor":42,"turns":11},{"damage":0,"enemies":"Nemesis","floor":45,"turns":7},{"damage":27,"enemies":"Transient","floor":46,"turns":5},{"damage":89,"enemies":"Awakened One","floor":50,"turns":6}],"seed_played":"-7343701687678022967","potions_obtained":[{"floor":1.0,"key":"SteroidPotion"},{"floor":4.0,"key":"Weak Potion"},{"floor":5.0,"key":"Weak Potion"},{"floor":6.0,"key":"Fire Potion"},{"floor":7.0,"key":"Dexterity Potion"},{"floor":12.0,"key":"LiquidBronze"},{"floor":14.0,"key":"SneckoOil"},{"floor":16.0,"key":"Weak Potion"},{"floor":18.0,"key":"Weak Potion"},{"floor":20.0,"key":"Fire Potion"},{"floor":21.0,"key":"SteroidPotion"},{"floor":24.0,"key":"Energy Potion"},{"floor":27.0,"key":"Swift Potion"},{"floor":28.0,"key":"EntropicBrew"},{"floor":29.0,"key":"Explosive Potion"},{"floor":31.0,"key":"Fire Potion"},{"floor":33.0,"key":"Dexterity Potion"},{"floor":35.0,"key":"LiquidBronze"},{"floor":36.0,"key":"Weak Potion"},{"floor":37.0,"key":"FairyPotion"},{"floor":38,"key":"Energy Potion"},{"floor":41,"key":"GhostInAJar"},{"floor":45,"key":"Weak Potion"},{"floor":46,"key":"EssenceOfSteel"}],"is_trial":false,"path_per_floor":["M","?","?","M","M","E","M","$","T","R","?","E","$","M","R","B",null,"M","?","M","?","?","R","E","R","T","M","E","M","T","E","R","B",null,"M","M","?","M","$","R","E","M","T","R","E","M","?","?","R","B"],"character_chosen":"THE_SILENT","items_purchased":["Membership Card","War Paint","Blood Vial","Bouncing Flask","Regal Pillow","Pen Nib"],"campfire_rested":6,"item_purchase_floors":[8,8,13,39,39,39],"current_hp_per_floor":[60,60,60,58,57,18,17,17,17,38,38,22,22,23,44,11,70,68,68,54,33,33,54,53,53,53,57,52,40,40,47,47,67,70,70,50,50,36,36,70,27,43,43,70,70,47,38,38,70,0],"gold":444,"neow_bonus":"BOSS_RELIC","is_prod":false,"is_daily":false,"chose_seed":false,"campfire_upgraded":2,"win_rate":0.0,"timestamp":1562885194,"path_taken":["M","?","?","?","M","E","M","$","T","R","?","E","$","M","R","BOSS","M","?","M","?","?","R","E","R","T","M","E","M","?","E","R","BOSS","M","M","?","M","$","R","E","M","T","R","E","M","?","?","R","BOSS"],"build_version":"2019-07-05","purchased_purges":0,"victory":false,"max_hp_per_floor":[70,70,70,70,70,70,70,70,70,70,70,70,70,70,70,70,70,70,70,70,70,70,70,70,70,70,70,70,70,70,70,70,70,70,70,70,70,70,70,70,70,70,70,70,70,70,70,70,70,70],"card_choices":[{"not_picked":["Flechettes","Acrobatics"],"picked":"Caltrops","floor":1.0},{"not_picked":["Deadly Poison","Quick Slash"],"picked":"Acrobatics","floor":4.0},{"not_picked":["Flechettes","Cloak And Dagger"],"picked":"Eviscerate","floor":5.0},{"not_picked":["Riddle With Holes","Poisoned Stab"],"picked":"Footwork","floor":6.0},{"not_picked":["Noxious Fumes","Deflect"],"picked":"Dagger Throw","floor":7.0},{"not_picked":["Infinite Blades","Reflex"],"picked":"Blade Dance","floor":12.0},{"not_picked":["Dagger Spray","Catalyst"],"picked":"Distraction","floor":14.0},{"not_picked":["Storm of Steel","Night Terror"],"picked":"Unload","floor":16.0},{"not_picked":["Blade Dance","Flechettes"],"picked":"PiercingWail+1","floor":18.0},{"not_picked":["Accuracy","Distraction"],"picked":"Escape Plan","floor":20.0},{"not_picked":["Flying Knee+1","Endless Agony"],"picked":"Underhanded Strike+1","floor":21.0},{"not_picked":["Dodge and Roll","Slice"],"picked":"Wraith Form v2","floor":24.0},{"not_picked":["Acrobatics","Dodge and Roll"],"picked":"Backflip+1","floor":27.0},{"not_picked":["Accuracy","Endless Agony"],"picked":"Catalyst","floor":28.0},{"not_picked":["Noxious Fumes","Quick Slash"],"picked":"Underhanded Strike","floor":29.0},{"not_picked":["Acrobatics+1","Escape Plan"],"picked":"Footwork","floor":31.0},{"not_picked":["Venomology","Night Terror"],"picked":"Malaise","floor":33.0},{"not_picked":["PiercingWail+1","Infinite Blades+1"],"picked":"Escape Plan+1","floor":35.0},{"not_picked":["PiercingWail","Accuracy"],"picked":"Bouncing Flask","floor":36.0},{"not_picked":["Flying Knee","Slice+1"],"picked":"Footwork+1","floor":38},{"not_picked":["Accuracy","Eviscerate+1"],"picked":"Noxious Fumes+1","floor":41},{"not_picked":["Acrobatics","Flying Knee"],"picked":"Deadly Poison+1","floor":42},{"not_picked":["Tactician","Adrenaline"],"picked":"Bullet Time","floor":45},{"not_picked":["Caltrops+1","Dodge and Roll"],"picked":"Slice+1","floor":46},{"not_picked":["Thinking Ahead","Discovery"],"picked":"Finesse","floor":48},{"not_picked":["Backflip+1","Skewer"],"picked":"Cloak And Dagger","floor":49}],"player_experience":78493,"relics_obtained":[{"floor":6.0,"key":"PreservedInsect"},{"floor":9.0,"key":"Lantern"},{"floor":12.0,"key":"MawBank"},{"floor":21.0,"key":"Red Mask"},{"floor":24.0,"key":"Juzu Bracelet"},{"floor":26.0,"key":"Pantograph"},{"floor":28.0,"key":"The Courier"},{"floor":30.0,"key":"Boot"},{"floor":31.0,"key":"Dodecahedron"},{"floor":41,"key":"Anchor"},{"floor":43,"key":"Snake Skull"},{"floor":45,"key":"Dream Catcher"}],"event_choices":[{"damage_healed":0.0,"max_hp_gain":0.0,"max_hp_loss":0.0,"gold_gain":0.0,"event_name":"Shining Light","player_choice":"Ignored","floor":2.0,"gold_loss":0.0,"damage_taken":0.0},{"damage_healed":0.0,"max_hp_gain":0.0,"max_hp_loss":0.0,"gold_gain":100.0,"event_name":"Golden Shrine","player_choice":"Pray","floor":3.0,"gold_loss":0.0,"damage_taken":0.0},{"damage_healed":0.0,"max_hp_gain":0.0,"max_hp_loss":0.0,"gold_gain":0.0,"event_name":"Living Wall","player_choice":"Grow","floor":11.0,"gold_loss":0.0,"damage_taken":0.0,"cards_upgraded":["Footwork"]},{"damage_healed":0.0,"max_hp_gain":0.0,"max_hp_loss":0.0,"gold_gain":0.0,"event_name":"Vampires","player_choice":"Became a vampire (Vial)","floor":19.0,"relics_lost":["Blood Vial"],"gold_loss":0.0,"damage_taken":0.0,"cards_obtained":["Bite","Bite","Bite","Bite","Bite"]},{"damage_healed":0.0,"max_hp_gain":0.0,"max_hp_loss":0.0,"gold_gain":0.0,"event_name":"Masked Bandits","player_choice":"Fought Bandits","floor":21.0,"gold_loss":0.0,"damage_taken":0.0},{"damage_healed":0.0,"max_hp_gain":0.0,"max_hp_loss":0.0,"gold_gain":0.0,"event_name":"The Mausoleum","player_choice":"Ignored","floor":22.0,"gold_loss":0.0,"damage_taken":0.0},{"damage_healed":0.0,"max_hp_gain":0.0,"max_hp_loss":0.0,"gold_gain":0.0,"event_name":"Lab","player_choice":"Got Potions","floor":37.0,"gold_loss":0.0,"damage_taken":0.0},{"damage_healed":0,"gold_gain":0,"player_choice":"Embrace Madness","damage_taken":9,"max_hp_gain":0,"max_hp_loss":0,"event_name":"Winding Halls","floor":47,"gold_loss":0,"cards_obtained":["Madness","Madness"]},{"damage_healed":0,"gold_gain":0,"player_choice":"Memory 1","damage_taken":0,"max_hp_gain":0,"max_hp_loss":0,"event_name":"SensoryStone","floor":48,"gold_loss":0}],"is_beta":false,"boss_relics":[{"not_picked":["WristBlade","Sozu"],"picked":"Runic Pyramid"},{"not_picked":["Runic Dome","Busted Crown"],"picked":"Astrolabe"}],"items_purged_floors":[],"is_endless":false,"potions_floor_spawned":[1,4,5,6,7,12,14,16,18,20,21,24,27,28,29,31,33,35,36,38,41,42,45,46],"killed_by":"Awakened One","ascension_level":0}