{"gold_per_floor":[114,13,13,33,46,46,78,78,152,162,190,209,209,223,223,319,319,339,339,3,17,30,40,73,73,73,23,41,41,76,86,86,185,185,203,203,213,226,226,226,226],"floor_reached":41,"playtime":2511,"items_purged":[],"score":512,"play_id":"94c8d5aa-a3f8-4176-8c7a-20be768ac733","local_time":"20190717014611","is_ascension_mode":true,"campfire_choices":[{"data":"Cold Snap","floor":6.0,"key":"SMITH"},{"floor":8.0,"key":"REST"},{"floor":13.0,"key":"REST"},{"data":"Zap","floor":15.0,"key":"SMITH"},{"floor":29,"key":"REST"},{"floor":32,"key":"REST"},{"data":"Scrape","floor":40,"key":"SMITH"}],"neow_cost":"NONE","seed_source_timestamp":570792177240497,"circlet_count":0,"master_deck":["Strike_B","Strike_B","Strike_B","Strike_B","Defend_B","Defend_B","Defend_B","Defend_B+1","Zap+1","Dualcast","Sweeping Beam+1","Cold Snap+1","All For One","Leap","Rebound","Go for the Eyes+1","Beam Cell","Compile Driver","Hello World","Machine Learning","Genetic Algorithm","Melter","Stack","Heatsinks","Sunder","Go for the Eyes+1","Scrape+1","Beam Cell","Ball Lightning","Undo","Leap+1","Ball Lightning+1","Seek","Steam"],"special_seed":0,"relics":["Cracked Core","Ancient Tea Set","Mercury Hourglass","Art of War","Orrery","Gremlin Horn","Pocketwatch","Strawberry","Inserter"],"potions_floor_usage":[30,31,33,38,41],"damage_taken":[{"damage":2.0,"enemies":"Jaw Worm","floor":1.0,"turns":3.0},{"damage":0.0,"enemies":"2 Louse","floor":4.0,"turns":2.0},{"damage":0.0,"enemies":"Cultist","floor":5.0,"turns":4.0},{"damage":16.0,"enemies":"Gremlin Nob","floor":7.0,"turns":4.0},{"damage":10.0,"enemies":"Large Slime","floor":10.0,"turns":5.0},{"damage":16.0,"enemies":"Lagavulin","floor":11.0,"turns":6.0},{"damage":10.0,"enemies":"Lots of Slimes","floor":12.0,"turns":2.0},{"damage":4.0,"enemies":"Exordium Wildlife","floor":14.0,"turns":2.0},{"damage":13.0,"enemies":"The Guardian","floor":16.0,"turns":9.0},{"damage":0.0,"enemies":"Spheric Guardian","floor":18.0,"turns":1.0},{"damage":12.0,"enemies":"3 Byrds","floor":21.0,"turns":4.0},{"damage":7.0,"enemies":"Cultist and Chosen","floor":22.0,"turns":5.0},{"damage":18.0,"enemies":"Snecko","floor":23.0,"turns":5.0},{"damage":16.0,"enemies":"Gremlin Leader","floor":24.0,"turns":7.0},{"damage":0,"enemies":"3 Cultists","floor":28,"turns":3},{"damage":4,"enemies":"Slavers","floor":30,"turns":5},{"damage":10,"enemies":"Shelled Parasite and Fungi","floor":31,"turns":4},{"damage":56,"enemies":"Automaton","floor":33,"turns":10},{"damage":16,"enemies":"3 Shapes","floor":35,"turns":4},{"damage":32,"enemies":"3 Darklings","floor":37,"turns":4},{"damage":21,"enemies":"Transient","floor":38,"turns":5},{"damage":75,"enemies":"Nemesis","floor":41,"turns":8}],"seed_played":"6026115068095649004","potions_obtained":[{"floor":0.0,"key":"LiquidBronze"},{"floor":0.0,"key":"Energy Potion"},{"floor":0.0,"key":"GamblersBrew"},{"floor":5.0,"key":"FocusPotion"},{"floor":11.0,"key":"SkillPotion"},{"floor":12.0,"key":"EssenceOfSteel"},{"floor":16.0,"key":"FearPotion"},{"floor":21.0,"key":"Weak Potion"},{"floor":24.0,"key":"Fire Potion"},{"floor":28,"key":"SneckoOil"},{"floor":30,"key":"Ancient Potion"},{"floor":33,"key":"Fire Potion"},{"floor":38,"key":"Dexterity Potion"}],"is_trial":false,"path_per_floor":["M","$","?","M","M","R","E","R","T","M","E","M","R","M","R","B",null,"M","?","$","M","M","M","E","$","T","?","M","R","E","M","R","B",null,"M","?","M","M","?","R","E"],"character_chosen":"DEFECT","items_purchased":["Cold Snap","Fire Potion","Gremlin Horn","Scrape","Block Potion"],"campfire_rested":4,"item_purchase_floors":[2,2,20,20,20],"current_hp_per_floor":[73,73,58,58,58,58,42,64,64,54,38,28,50,46,46,33,75,75,75,75,63,56,38,22,22,22,22,22,44,47,37,61,5,82,66,66,34,13,72,72,0],"gold":226,"neow_bonus":"THREE_SMALL_POTIONS","is_prod":false,"is_daily":false,"chose_seed":false,"campfire_upgraded":3,"win_rate":0,"timestamp":1563342371,"path_taken":["M","$","?","M","M","R","E","R","T","M","E","M","R","M","R","BOSS","M","?","$","M","?","M","E","$","T","?","?","R","E","M","R","BOSS","M","?","M","M","?","R","E"],"build_version":"2019-07-05","purchased_purges":0,"victory":false,"max_hp_per_floor":[75,75,75,75,75,75,75,75,75,75,75,75,75,75,75,75,75,75,75,75,75,75,75,75,75,75,75,75,75,82,82,82,82,82,82,82,82,82,72,72,72],"card_choices":[{"not_picked":["Leap","Conserve Battery"],"picked":"Sweeping Beam","floor":1.0},{"not_picked":["Turbo","Gash"],"picked":"All For One","floor":4.0},{"not_picked":["Compile Driver","Steam Power"],"picked":"Leap","floor":5.0},{"not_picked":["Double Energy","Reboot"],"picked":"Rebound","floor":7.0},{"not_picked":["Rebound","Hello World"],"picked":"Go for the Eyes","floor":10.0},{"not_picked":["Skim","Steam Power"],"picked":"Beam Cell","floor":11.0},{"not_picked":["Beam Cell","Barrage"],"picked":"Compile Driver","floor":12.0},{"not_picked":["Steam","Hologram"],"picked":"Hello World","floor":14.0},{"not_picked":["Thunder Strike","Amplify"],"picked":"Machine Learning","floor":16.0},{"not_picked":["Capacitor","Ball Lightning"],"picked":"Genetic Algorithm","floor":17.0},{"not_picked":["Heatsinks","Compile Driver"],"picked":"Melter","floor":17.0},{"not_picked":["Leap","Coolheaded"],"picked":"Stack","floor":17.0},{"not_picked":["Darkness","Sweeping Beam"],"picked":"Heatsinks","floor":17.0},{"not_picked":["Rebound","Beam Cell"],"picked":"Sunder","floor":17.0},{"not_picked":["Static Discharge+1","Turbo"],"picked":"Go for the Eyes+1","floor":18.0},{"not_picked":["Static Discharge","Tempest","Storm"],"picked":"SKIP","floor":21.0},{"not_picked":["Fusion","Hologram"],"picked":"Beam Cell","floor":22.0},{"not_picked":["All For One","Cold Snap"],"picked":"Ball Lightning","floor":23.0},{"not_picked":["Hyperbeam","Chaos"],"picked":"Undo","floor":24.0},{"not_picked":["Hologram","Barrage"],"picked":"Leap+1","floor":28},{"not_picked":["Cold Snap+1","Conserve Battery","Chill"],"picked":"SKIP","floor":30},{"not_picked":["Chill","Rebound"],"picked":"Ball Lightning+1","floor":31},{"not_picked":["Thunder Strike","Buffer"],"picked":"Seek","floor":33},{"not_picked":["Stack+1","Self Repair+1","Ball Lightning"],"picked":"SKIP","floor":35},{"not_picked":["Tempest+1","Turbo"],"picked":"Steam","floor":37},{"not_picked":["Melter","Chill","Stack"],"picked":"SKIP","floor":38}],"player_experience":193677,"relics_obtained":[{"floor":7.0,"key":"Ancient Tea Set"},{"floor":9.0,"key":"Mercury Hourglass"},{"floor":11.0,"key":"Art of War"},{"floor":24.0,"key":"Pocketwatch"},{"floor":30,"key":"Strawberry"}],"event_choices":[{"damage_healed":0.0,"max_hp_gain":0.0,"max_hp_loss":0.0,"gold_gain":0.0,"event_name":"Shining Light","player_choice":"Entered Light","floor":3.0,"gold_loss":0.0,"damage_taken":15.0,"cards_upgraded":["Defend_B","Sweeping Beam"]},{"damage_healed":0.0,"max_hp_gain":0.0,"max_hp_loss":0.0,"gold_gain":0.0,"event_name":"Upgrade Shrine","player_choice":"Upgraded","floor":19.0,"gold_loss":0.0,"damage_taken":0.0,"cards_upgraded":["Go for the Eyes"]},{"damage_healed":0.0,"max_hp_gain":0.0,"max_hp_loss":0.0,"gold_gain":0.0,"event_name":"The Joust","player_choice":"Bet on Murderer","floor":27.0,"gold_loss":50.0,"damage_taken":0.0},{"damage_healed":0,"gold_gain":0,"player_choice":"Ignored","damage_taken":0,"max_hp_gain":0,"max_hp_loss":0,"event_name":"Mysterious Sphere","floor":36,"gold_loss":0},{"damage_healed":72,"gold_gain":0,"player_choice":"Heal","damage_taken":0,"max_hp_gain":0,"max_hp_loss":10,"event_name":"The Moai Head","floor":39,"gold_loss":0}],"is_beta":false,"boss_relics":[{"not_picked":["Cursed Key","Philosopher\u0027s Stone"],"picked":"Orrery"},{"not_picked":["Lizard Tail","Nuclear Battery"],"picked":"Inserter"}],"items_purged_floors":[],"is_endless":false,"potions_floor_spawned":[5,11,12,16,21,24,28,30,33,38],"killed_by":"Nemesis","ascension_level":3}