{"gold_per_floor":[361,361,361,361,361,397,163,163,163,197,197,16,16,29,29,29],"floor_reached":16,"playtime":2251,"items_purged":["Strike_R","Strike_R"],"score":109,"play_id":"c3181d8d-a7ba-41fb-8229-53818121120c","local_time":"20190720010540","is_ascension_mode":true,"campfire_choices":[{"floor":8,"key":"REST"},{"floor":11,"key":"REST"},{"data":"Sword Boomerang","floor":13,"key":"SMITH"},{"data":"Corruption","floor":15,"key":"SMITH"}],"neow_cost":"CURSE","seed_source_timestamp":872159555007105,"circlet_count":0,"master_deck":["Strike_R","Strike_R","Strike_R","Defend_R","Defend_R","Defend_R","Defend_R","Bash","Sword Boomerang+1","Headbutt","Battle Trance","Infernal Blade","Armaments","Burning Pact","Corruption+1"],"relics":["Burning Blood","Ornamental Fan","Golden Idol","Vajra","Gremlin Horn"],"potions_floor_usage":[16],"damage_taken":[{"damage":22,"enemies":"Jaw Worm","floor":1,"turns":5},{"damage":45,"enemies":"Lagavulin","floor":6,"turns":9},{"damage":19,"enemies":"3 Sentries","floor":10,"turns":7},{"damage":0,"enemies":"Small Slimes","floor":14,"turns":4},{"damage":50,"enemies":"Hexaghost","floor":16,"turns":9}],"seed_played":"7148759360123766186","potions_obtained":[{"floor":1,"key":"Swift Potion"},{"floor":14,"key":"GamblersBrew"}],"is_trial":false,"path_per_floor":["M","?","?","?","?","E","$","R","T","E","R","$","R","M","R","B"],"character_chosen":"IRONCLAD","items_purchased":["Battle Trance","Infernal Blade","Burning Pact"],"campfire_rested":2,"item_purchase_floors":[7,7,12],"current_hp_per_floor":[64,64,57,50,50,11,11,33,33,20,42,42,42,48,48,0],"gold":29,"neow_bonus":"TWO_FIFTY_GOLD","is_prod":false,"is_daily":false,"chose_seed":false,"campfire_upgraded":2,"win_rate":0,"timestamp":1563599140,"path_taken":["M","?","?","?","?","E","$","R","T","E","R","$","R","?","R","BOSS"],"build_version":"2019-06-28","purchased_purges":2,"victory":false,"max_hp_per_floor":[80,80,80,80,74,74,74,74,74,74,74,74,74,74,74,74],"card_choices":[{"not_picked":["Rage","Cleave"],"picked":"Sword Boomerang","floor":1},{"not_picked":["Thunderclap","Warcry"],"picked":"Headbutt","floor":6},{"not_picked":["Clash","Spot Weakness"],"picked":"Armaments","floor":10},{"not_picked":["Searing Blow","Battle Trance"],"picked":"Corruption","floor":14}],"player_experience":85933,"relics_obtained":[{"floor":6,"key":"Vajra"},{"floor":10,"key":"Gremlin Horn"}],"event_choices":[{"damage_healed":0,"gold_gain":0,"player_choice":"Ignored","damage_taken":0,"max_hp_gain":0,"max_hp_loss":0,"event_name":"Shining Light","floor":2,"gold_loss":0},{"damage_healed":0,"gold_gain":0,"player_choice":"Success","damage_taken":7,"relics_obtained":["Ornamental Fan"],"max_hp_gain":0,"max_hp_loss":0,"event_name":"Scrap Ooze","floor":3,"gold_loss":0},{"cards_removed":["Pain"],"damage_healed":0,"gold_gain":0,"player_choice":"Card Removal","damage_taken":7,"max_hp_gain":0,"max_hp_loss":0,"event_name":"Golden Wing","floor":4,"gold_loss":0},{"damage_healed":0,"gold_gain":0,"player_choice":"Lose Max HP","damage_taken":0,"relics_obtained":["Golden Idol"],"max_hp_gain":0,"max_hp_loss":6,"event_name":"Golden Idol","floor":5,"gold_loss":0}],"is_beta":true,"boss_relics":[],"items_purged_floors":[7,12],"is_endless":false,"potions_floor_spawned":[1,14],"killed_by":"Hexaghost","ascension_level":1}