{"gold_per_floor":[115,190,209,209,224,224,257,257,257,272,301,315,315,332,332,430,430,443,454,479,479,252,278,278,289,360,360],"floor_reached":27,"playtime":3212,"items_purged":["Strike_G"],"score":255,"play_id":"2e3479ee-15d0-4baa-9703-eb6eeed4c5f2","local_time":"20190711234623","is_ascension_mode":true,"campfire_choices":[{"floor":6,"key":"REST"},{"floor":8,"key":"REST"},{"floor":13,"key":"REST"},{"data":"Crippling Poison","floor":15,"key":"SMITH"},{"data":"Envenom","floor":24,"key":"SMITH"}],"neow_cost":"TEN_PERCENT_HP_LOSS","seed_source_timestamp":1754966343200,"circlet_count":0,"master_deck":["Strike_G","Strike_G","Strike_G","Strike_G","Defend_G+1","Defend_G","Defend_G","Defend_G","Defend_G","Survivor+1","Neutralize","Flying Knee","Dagger Spray","Quick Slash","Crippling Poison+1","Dagger Spray+1","Backflip","Bane+1","Flying Knee+1","Envenom+1","Skewer+1","Prepared+1","Cloak And Dagger+1","Bane+1","Flying Knee+1","Noxious Fumes","Sucker Punch+1","Sucker Punch+1"],"relics":["Ring of the Snake","Tough Bandages","Question Card","Molten Egg 2","Ancient Tea Set","Philosopher\u0027s Stone","Red Mask","Du-Vu Doll","Toxic Egg 2"],"potions_floor_usage":[12,16,16,20,23,23],"damage_taken":[{"damage":0,"enemies":"Jaw Worm","floor":1,"turns":5},{"damage":2,"enemies":"Small Slimes","floor":3,"turns":3},{"damage":0,"enemies":"2 Louse","floor":5,"turns":2},{"damage":25,"enemies":"Gremlin Nob","floor":7,"turns":6},{"damage":9,"enemies":"Large Slime","floor":10,"turns":8},{"damage":19,"enemies":"Lagavulin","floor":11,"turns":8},{"damage":0,"enemies":"3 Louse","floor":12,"turns":1},{"damage":0,"enemies":"Looter","floor":14,"turns":2},{"damage":16,"enemies":"Slime Boss","floor":16,"turns":7},{"damage":3,"enemies":"Chosen","floor":18,"turns":4},{"damage":11,"enemies":"2 Thieves","floor":19,"turns":3},{"damage":0,"enemies":"Masked Bandits","floor":20,"turns":3},{"damage":22,"enemies":"Gremlin Leader","floor":23,"turns":6},{"damage":9,"enemies":"Centurion and Healer","floor":25,"turns":4},{"damage":12,"enemies":"Snake Plant","floor":27,"turns":2}],"seed_played":"8518905903918677535","potions_obtained":[{"floor":1,"key":"Strength Potion"},{"floor":10,"key":"SneckoOil"},{"floor":12,"key":"EssenceOfSteel"},{"floor":14,"key":"SteroidPotion"},{"floor":18,"key":"AttackPotion"},{"floor":19,"key":"Dexterity Potion"}],"is_trial":false,"path_per_floor":["M","?","M","?","M","R","E","R","T","M","E","M","R","M","R","B",null,"M","M","?","?","$","E","R","M","T","M"],"character_chosen":"THE_SILENT","items_purchased":["Bane+1","Flying Knee+1","Noxious Fumes"],"campfire_rested":3,"item_purchase_floors":[22,22,22],"current_hp_per_floor":[63,52,50,37,37,55,30,48,48,39,20,20,38,38,38,22,63,60,49,49,38,38,16,16,7,7,0],"gold":360,"neow_bonus":"ONE_RARE_RELIC","is_prod":false,"is_daily":false,"chose_seed":false,"campfire_upgraded":2,"win_rate":0,"timestamp":1562881583,"path_taken":["M","?","M","?","M","R","E","R","T","M","E","?","R","M","R","BOSS","M","M","?","?","$","E","R","M","T","M"],"build_version":"2019-07-05","purchased_purges":1,"victory":false,"max_hp_per_floor":[63,63,63,63,63,63,63,63,63,63,63,63,63,63,63,63,63,63,63,63,68,68,68,68,68,68,68],"card_choices":[{"not_picked":["Predator","Footwork"],"picked":"Flying Knee","floor":1},{"not_picked":["Underhanded Strike","Blade Dance"],"picked":"Dagger Spray","floor":3},{"not_picked":["Backstab","Dodge and Roll"],"picked":"Quick Slash","floor":5},{"not_picked":["Quick Slash","Glass Knife"],"picked":"Crippling Poison","floor":7},{"not_picked":["Tactician","Dagger Throw+1","Prepared"],"picked":"Dagger Spray+1","floor":10},{"not_picked":["Deflect","Heel Hook+1","Blade Dance"],"picked":"Backflip","floor":11},{"not_picked":["Masterful Stab+1","Dodge and Roll","Cloak And Dagger"],"picked":"Bane+1","floor":12},{"not_picked":["Tactician","Cloak And Dagger","Acrobatics"],"picked":"Flying Knee+1","floor":14},{"not_picked":["Doppelganger","Night Terror","Unload+1"],"picked":"Envenom","floor":16},{"not_picked":["Heel Hook+1","Reflex","Noxious Fumes"],"picked":"Skewer+1","floor":18},{"not_picked":["PiercingWail","Calculated Gamble+1","Dodge and Roll"],"picked":"Prepared+1","floor":19},{"not_picked":["Prepared","Blade Dance+1","Backflip"],"picked":"Cloak And Dagger+1","floor":20},{"not_picked":["Cloak And Dagger","Endless Agony+1","Blur"],"picked":"Sucker Punch+1","floor":23},{"not_picked":["Skewer+1","Adrenaline","Outmaneuver"],"picked":"Sucker Punch+1","floor":25}],"player_experience":108799,"relics_obtained":[{"floor":7,"key":"Question Card"},{"floor":9,"key":"Molten Egg 2"},{"floor":11,"key":"Ancient Tea Set"},{"floor":20,"key":"Red Mask"},{"floor":23,"key":"Du-Vu Doll"},{"floor":26,"key":"Toxic Egg 2"}],"event_choices":[{"damage_healed":0,"gold_gain":75,"player_choice":"Gather Gold","damage_taken":11,"max_hp_gain":0,"max_hp_loss":0,"event_name":"World of Goop","floor":2,"gold_loss":0},{"damage_healed":0,"gold_gain":0,"player_choice":"Entered Light","damage_taken":13,"max_hp_gain":0,"max_hp_loss":0,"event_name":"Shining Light","floor":4,"gold_loss":0,"cards_upgraded":["Defend_G","Survivor"]},{"damage_healed":0,"gold_gain":0,"player_choice":"Fought Bandits","damage_taken":0,"max_hp_gain":0,"max_hp_loss":0,"event_name":"Masked Bandits","floor":20,"gold_loss":0},{"damage_healed":0,"gold_gain":0,"player_choice":"Shed Blood","damage_taken":16,"max_hp_gain":5,"max_hp_loss":0,"event_name":"Forgotten Altar","floor":21,"gold_loss":0}],"is_beta":false,"boss_relics":[{"not_picked":["Busted Crown","White Beast Statue"],"picked":"Philosopher\u0027s Stone"}],"items_purged_floors":[22],"is_endless":false,"potions_floor_spawned":[1,10,12,14,18,19],"killed_by":"Snake Plant","ascension_level":1}