{"gold_per_floor":[111,125,225,41,55,90,104,130,130,197,97,97,97,97,97,199,199,211,199,199,114,114,114],"floor_reached":23,"playtime":2904,"items_purged":["Strike_G","Strike_G"],"score":305,"play_id":"bfa083f1-4926-4f67-8536-3f2d732041aa","local_time":"20181105182148","is_ascension_mode":true,"campfire_choices":[{"data":"Neutralize","floor":12,"key":"SMITH"},{"data":"Leg Sweep","floor":15,"key":"SMITH"}],"neow_cost":"NONE","seed_source_timestamp":190055724755987,"circlet_count":0,"master_deck":["AscendersBane","Defend_G","Defend_G","Defend_G","Strike_G","Strike_G","Survivor","Neutralize+1","Leg Sweep+1","Well Laid Plans","Predator","Blur","Dash","Terror","Bullet Time","Noxious Fumes+1"],"relics":["Lizard Tail","Ornamental Fan","Bag of Preparation","Dodecahedron","Empty Cage","Girya"],"potions_floor_usage":[8,19],"damage_taken":[{"damage":1,"enemies":"Jaw Worm","floor":1,"turns":5},{"damage":1,"enemies":"Cultist","floor":2,"turns":6},{"damage":2,"enemies":"2 Louse","floor":5,"turns":4},{"damage":21,"enemies":"3 Sentries","floor":6,"turns":16},{"damage":12,"enemies":"2 Fungi Beasts","floor":7,"turns":5},{"damage":49,"enemies":"Gremlin Nob","floor":8,"turns":7},{"damage":5,"enemies":"The Guardian","floor":16,"turns":17},{"damage":10,"enemies":"3 Byrds","floor":18,"turns":12},{"damage":0,"enemies":"2 Thieves","floor":19,"turns":4},{"damage":57,"enemies":"Slavers","floor":23,"turns":6}],"seed_played":"1227469507472830421","potions_obtained":[{"floor":2,"key":"Regen Potion"},{"floor":8,"key":"SteroidPotion"}],"is_trial":false,"path_per_floor":["M","M","?","$","M","E","M","E","T","?","$","R","?","?","R","B",null,"M","M","$","?","?","E"],"character_chosen":"THE_SILENT","items_purchased":["Predator","Blur"],"campfire_rested":0,"item_purchase_floors":[4,4],"current_hp_per_floor":[62,61,61,61,59,38,26,35,35,35,35,35,58,58,58,53,66,56,56,56,56,56,0],"gold":114,"neow_bonus":"BOSS_RELIC","is_prod":false,"is_daily":false,"chose_seed":false,"campfire_upgraded":2,"win_rate":0,"timestamp":1541402508,"path_taken":["M","M","?","?","M","E","M","E","T","?","$","R","?","?","R","BOSS","M","?","$","?","?","E"],"build_version":"2018-11-02","purchased_purges":2,"victory":false,"max_hp_per_floor":[70,70,70,70,70,70,70,70,70,70,70,70,70,70,70,70,70,70,70,70,70,70,70],"card_choices":[{"not_picked":["Cloak And Dagger","Acrobatics"],"picked":"Leg Sweep","floor":1},{"not_picked":["Outmaneuver","Acrobatics"],"picked":"Well Laid Plans","floor":2},{"not_picked":["Slice","Reflex"],"picked":"Dash","floor":5},{"not_picked":["Accuracy","Well Laid Plans","Tactician"],"picked":"SKIP","floor":6},{"not_picked":["Terror","Slice","Flechettes"],"picked":"SKIP","floor":7},{"not_picked":["Deflect","Dash","Eviscerate"],"picked":"SKIP","floor":8},{"not_picked":["Corpse Explosion","Night Terror"],"picked":"Bullet Time","floor":16},{"not_picked":["Well Laid Plans","Terror","Cloak And Dagger"],"picked":"SKIP","floor":18},{"not_picked":["Terror","Accuracy+1"],"picked":"Noxious Fumes","floor":19}],"player_experience":425166,"relics_obtained":[{"floor":6,"key":"Ornamental Fan"},{"floor":8,"key":"Bag of Preparation"},{"floor":9,"key":"Dodecahedron"}],"event_choices":[{"damage_healed":0,"gold_gain":100,"player_choice":"Pray","damage_taken":0,"max_hp_gain":0,"max_hp_loss":0,"event_name":"Golden Shrine","floor":3,"gold_loss":0},{"damage_healed":0,"gold_gain":67,"player_choice":"Gained Gold","damage_taken":0,"max_hp_gain":0,"max_hp_loss":0,"event_name":"Golden Wing","floor":10,"gold_loss":0},{"damage_healed":23,"gold_gain":0,"player_choice":"Banana","damage_taken":0,"max_hp_gain":0,"max_hp_loss":0,"event_name":"Big Fish","floor":13,"gold_loss":0},{"damage_healed":0,"gold_gain":0,"cards_transformed":["Defend_G"],"player_choice":"Transformed","damage_taken":0,"max_hp_gain":0,"max_hp_loss":0,"event_name":"Transmorgrifier","floor":14,"gold_loss":0,"cards_obtained":["Terror"]},{"damage_healed":0,"gold_gain":0,"player_choice":"Obtained Relic","damage_taken":0,"relics_obtained":["Girya"],"max_hp_gain":0,"max_hp_loss":0,"event_name":"Addict","floor":21,"gold_loss":85},{"damage_healed":0,"gold_gain":0,"player_choice":"Upgraded","damage_taken":0,"max_hp_gain":0,"max_hp_loss":0,"event_name":"Upgrade Shrine","floor":22,"gold_loss":0,"cards_upgraded":["Noxious Fumes"]}],"is_beta":true,"boss_relics":[{"not_picked":["Orrery","Fusion Hammer"],"picked":"Empty Cage"}],"items_purged_floors":[4,11],"is_endless":false,"potions_floor_spawned":[2,8],"killed_by":"Slavers","ascension_level":11}