{"gold_per_floor":[117,117,133,145,157,157,77,77,127,127,147,147,165,179,179,280,280,298,298,298,101,118,118,92,92,139,156,81,81,141,153,153,256,256,273,293,308,76,76,95,95,95,143,172,172,272,272,284,284,284],"floor_reached":50,"playtime":3166,"items_purged":[],"score":532,"play_id":"81e6f888-38a4-4dfc-ade9-f8162ae7f253","local_time":"20190710170314","is_ascension_mode":false,"campfire_choices":[{"data":"Blade Dance","floor":6,"key":"SMITH"},{"data":"Blade Dance","floor":8,"key":"SMITH"},{"data":"Infinite Blades","floor":10,"key":"SMITH"},{"data":"Accuracy","floor":12,"key":"SMITH"},{"data":"Dagger Spray","floor":15,"key":"SMITH"},{"data":"Accuracy","floor":23,"key":"SMITH"},{"data":"Envenom","floor":25,"key":"SMITH"},{"floor":32,"key":"REST"},{"floor":41,"key":"REST"},{"floor":45,"key":"REST"},{"data":"Bandage Up","floor":47,"key":"SMITH"},{"floor":49,"key":"REST"}],"neow_cost":"NONE","seed_source_timestamp":20604057049017,"circlet_count":0,"master_deck":["Strike_G+1","Strike_G+1","Strike_G+1","Strike_G+1","Defend_G+1","Defend_G+1","Defend_G+1","Defend_G+1","Defend_G+1","Survivor","Neutralize","Blade Dance+1","Blade Dance+1","After Image","Cloak And Dagger","Infinite Blades+1","Accuracy+1","Cloak And Dagger","Dagger Spray+1","Envenom+1","Finisher","Accuracy+1","Leg Sweep","Slice+1","Sucker Punch","Slice","Blade Dance","Finisher","Blade Dance+1","Wraith Form v2","Cloak And Dagger","Dodge and Roll","Footwork","Finisher+1","Bandage Up+1","Choke+1","PiercingWail","Dagger Spray","Endless Agony"],"relics":["Eternal Feather","Centennial Puzzle","Runic Pyramid","Lantern","Tiny Chest","White Beast Statue","Whetstone","Anchor","StoneCalendar"],"potions_floor_usage":[4,16,40,48,50],"damage_taken":[{"damage":3,"enemies":"Jaw Worm","floor":1,"turns":6},{"damage":0,"enemies":"2 Louse","floor":3,"turns":3},{"damage":0,"enemies":"Small Slimes","floor":4,"turns":3},{"damage":0,"enemies":"3 Louse","floor":5,"turns":4},{"damage":0,"enemies":"Looter","floor":11,"turns":4},{"damage":9,"enemies":"Large Slime","floor":13,"turns":3},{"damage":5,"enemies":"Blue Slaver","floor":14,"turns":2},{"damage":7,"enemies":"Slime Boss","floor":16,"turns":6},{"damage":13,"enemies":"Spheric Guardian","floor":18,"turns":4},{"damage":0,"enemies":"3 Byrds","floor":22,"turns":4},{"damage":10,"enemies":"Sentry and Sphere","floor":27,"turns":4},{"damage":10,"enemies":"Gremlin Leader","floor":30,"turns":5},{"damage":6,"enemies":"Centurion and Healer","floor":31,"turns":3},{"damage":23,"enemies":"Champ","floor":33,"turns":10},{"damage":27,"enemies":"3 Darklings","floor":35,"turns":6},{"damage":14,"enemies":"Orb Walker","floor":36,"turns":3},{"damage":19,"enemies":"3 Darklings","floor":37,"turns":5},{"damage":8,"enemies":"Transient","floor":40,"turns":5},{"damage":41,"enemies":"Nemesis","floor":44,"turns":5},{"damage":21,"enemies":"Mind Bloom Boss Battle","floor":46,"turns":6},{"damage":59,"enemies":"Maw","floor":48,"turns":9},{"damage":54,"enemies":"Time Eater","floor":50,"turns":5}],"seed_played":"-359488277662429382","potions_obtained":[{"floor":4,"key":"Fruit Juice"},{"floor":11,"key":"Ancient Potion"},{"floor":13,"key":"FearPotion"},{"floor":16,"key":"PowerPotion"},{"floor":18,"key":"Poison Potion"},{"floor":22,"key":"Strength Potion"},{"floor":36,"key":"Poison Potion"},{"floor":37,"key":"GhostInAJar"},{"floor":40,"key":"Poison Potion"},{"floor":46,"key":"Block Potion"},{"floor":48,"key":"AttackPotion"}],"is_trial":false,"path_per_floor":["M","?","M","M","M","R","$","R","T","R","M","R","M","M","R","B",null,"M","?","?","$","M","R","$","R","T","M","?","?","E","M","R","B",null,"M","M","M","$","?","M","R","?","T","E","R","?","R","M","R","B"],"character_chosen":"THE_SILENT","items_purchased":["Infinite Blades","Accuracy","Leg Sweep","Slice","Slice","Footwork","Finisher","Bandage Up"],"campfire_rested":4,"item_purchase_floors":[7,21,21,21,24,38,38,38],"current_hp_per_floor":[67,67,67,72,72,75,75,75,75,75,75,75,66,61,73,66,75,62,62,62,62,62,75,75,75,75,65,65,65,55,49,75,52,75,48,34,15,15,15,7,50,50,50,13,56,39,60,7,50,0],"gold":284,"neow_bonus":"BOSS_RELIC","is_prod":false,"is_daily":false,"chose_seed":false,"campfire_upgraded":8,"win_rate":0.0,"timestamp":1562792594,"path_taken":["M","?","M","M","M","R","$","R","T","R","M","R","M","M","R","BOSS","M","?","?","$","M","R","$","R","T","M","?","?","E","M","R","BOSS","M","M","M","$","?","M","R","?","T","E","R","?","R","?","R","BOSS"],"build_version":"2019-07-05","purchased_purges":0,"victory":false,"max_hp_per_floor":[70,70,70,75,75,75,75,75,75,75,75,75,75,75,75,75,75,75,75,75,75,75,75,75,75,75,75,75,75,75,75,75,75,75,75,75,75,75,75,75,75,75,75,75,75,75,75,75,75,75],"card_choices":[{"not_picked":["Slice","Terror"],"picked":"Blade Dance","floor":1},{"not_picked":["Backflip","Deadly Poison"],"picked":"Blade Dance","floor":3},{"not_picked":["Bouncing Flask","Bane"],"picked":"After Image","floor":4},{"not_picked":["Underhanded Strike","Finisher"],"picked":"Cloak And Dagger","floor":5},{"not_picked":["Sucker Punch","Expertise"],"picked":"Accuracy","floor":11},{"not_picked":["Deflect","PiercingWail"],"picked":"Cloak And Dagger","floor":13},{"not_picked":["Crippling Poison","Sucker Punch"],"picked":"Dagger Spray","floor":14},{"not_picked":["Storm of Steel","Adrenaline"],"picked":"Envenom","floor":16},{"not_picked":["Deflect","Deadly Poison"],"picked":"Finisher","floor":18},{"not_picked":["Prepared","Dagger Throw"],"picked":"Sucker Punch","floor":22},{"not_picked":["Quick Slash","Leg Sweep+1"],"picked":"Blade Dance","floor":27},{"not_picked":["Masterful Stab","Infinite Blades"],"picked":"Finisher","floor":30},{"not_picked":["Flying Knee","Expertise+1"],"picked":"Blade Dance+1","floor":31},{"not_picked":["Night Terror","Glass Knife"],"picked":"Wraith Form v2","floor":33},{"not_picked":["Prepared+1","Underhanded Strike"],"picked":"Cloak And Dagger","floor":35},{"not_picked":["Bouncing Flask","Dagger Throw"],"picked":"Acrobatics+1","floor":36},{"not_picked":["Bane+1","Eviscerate"],"picked":"Dodge and Roll","floor":37},{"not_picked":["Deadly Poison","Predator"],"picked":"Choke+1","floor":40},{"not_picked":["Calculated Gamble","Night Terror"],"picked":"PiercingWail","floor":44},{"not_picked":["Expertise+1","Predator"],"picked":"Dagger Spray","floor":46},{"not_picked":["Noxious Fumes+1","Deflect"],"picked":"Endless Agony","floor":48}],"player_experience":41864,"relics_obtained":[{"floor":9,"key":"Centennial Puzzle"},{"floor":26,"key":"Lantern"},{"floor":30,"key":"Tiny Chest"},{"floor":43,"key":"Whetstone"},{"floor":44,"key":"Anchor"},{"floor":46,"key":"StoneCalendar"}],"event_choices":[{"damage_healed":0,"gold_gain":0,"player_choice":"Leave","damage_taken":0,"max_hp_gain":0,"max_hp_loss":0,"event_name":"The Cleric","floor":2,"gold_loss":0},{"damage_healed":0,"gold_gain":0,"player_choice":"Ignored","damage_taken":0,"max_hp_gain":0,"max_hp_loss":0,"event_name":"The Mausoleum","floor":19,"gold_loss":0},{"damage_healed":0,"gold_gain":0,"player_choice":"Simplicity","damage_taken":0,"max_hp_gain":0,"max_hp_loss":0,"event_name":"Back to Basics","floor":20,"gold_loss":0,"cards_upgraded":["Strike_G","Strike_G","Strike_G","Strike_G","Strike_G","Defend_G","Defend_G","Defend_G","Defend_G","Defend_G"]},{"cards_removed":["Strike_G"],"damage_healed":0,"gold_gain":0,"player_choice":"Gave Gold","damage_taken":0,"max_hp_gain":0,"max_hp_loss":0,"event_name":"Beggar","floor":28,"gold_loss":75},{"damage_healed":0,"gold_gain":0,"player_choice":"Ignored","damage_taken":0,"max_hp_gain":0,"max_hp_loss":0,"event_name":"Cursed Tome","floor":29,"gold_loss":0},{"cards_removed":["Acrobatics"],"damage_healed":0,"gold_gain":0,"player_choice":"Removed Skill","damage_taken":0,"max_hp_gain":0,"max_hp_loss":0,"event_name":"Falling","floor":39,"gold_loss":0},{"damage_healed":0,"gold_gain":0,"player_choice":"Ignored","damage_taken":0,"max_hp_gain":0,"max_hp_loss":0,"event_name":"Mysterious Sphere","floor":42,"gold_loss":0},{"damage_healed":0,"gold_gain":0,"player_choice":"Fight","damage_taken":0,"max_hp_gain":0,"max_hp_loss":0,"event_name":"MindBloom","floor":46,"gold_loss":0}],"is_beta":false,"boss_relics":[{"not_picked":["HoveringKite","Sozu"],"picked":"Runic Pyramid"},{"not_picked":["Velvet Choker","Empty Cage"],"picked":"White Beast Statue"}],"items_purged_floors":[],"is_endless":false,"potions_floor_spawned":[4,11,13,16,18,22,35,36,37,40,44,46,48],"killed_by":"Time Eater","ascension_level":0}