{"gold_per_floor":[112,131,56,56,74,107,123,166,166,17,33,33,33,57,57,57],"floor_reached":16,"playtime":1742,"items_purged":["Strike_G","Strike_G"],"score":118,"play_id":"d87d8445-9961-4544-bec7-f1725c1cbc31","local_time":"20190703204450","is_ascension_mode":true,"campfire_choices":[{"floor":13,"key":"REST"},{"data":"Infinite Blades","floor":15,"key":"SMITH"}],"neow_cost":"NONE","seed_source_timestamp":894339058775816,"circlet_count":0,"master_deck":["Strike_G","Strike_G","Strike_G","Defend_G","Defend_G","Defend_G","Defend_G","Defend_G","Survivor","Neutralize","Endless Agony","Slice","Quick Slash","Infinite Blades+1","Slice","Blade Dance","Dagger Throw","Acrobatics"],"relics":["Ring of the Snake","Golden Idol","Tingsha","Paper Crane"],"potions_floor_usage":[8,16,16,16,16,16],"damage_taken":[{"damage":0,"enemies":"Cultist","floor":1,"turns":4},{"damage":0,"enemies":"Jaw Worm","floor":2,"turns":3},{"damage":0,"enemies":"2 Louse","floor":5,"turns":4},{"damage":23,"enemies":"3 Sentries","floor":6,"turns":13},{"damage":0,"enemies":"2 Fungi Beasts","floor":7,"turns":4},{"damage":11,"enemies":"Lagavulin","floor":8,"turns":8},{"damage":2,"enemies":"Blue Slaver","floor":11,"turns":3},{"damage":0,"enemies":"Red Slaver","floor":14,"turns":3},{"damage":61,"enemies":"Hexaghost","floor":16,"turns":11}],"seed_played":"7227234822985960815","potions_obtained":[{"floor":6,"key":"SteroidPotion"},{"floor":11,"key":"EntropicBrew"},{"floor":14,"key":"Swift Potion"}],"is_trial":false,"path_per_floor":["M","M","$","?","M","E","M","E","T","$","M","?","R","M","R","B"],"character_chosen":"THE_SILENT","items_purchased":["Dagger Throw"],"campfire_rested":1,"item_purchase_floors":[10],"current_hp_per_floor":[77,77,77,58,58,35,35,24,24,24,22,22,45,45,45,0],"gold":57,"neow_bonus":"TEN_PERCENT_HP_BONUS","is_prod":false,"is_daily":false,"chose_seed":false,"campfire_upgraded":1,"win_rate":0,"timestamp":1562157890,"path_taken":["M","M","?","?","M","E","M","E","T","?","?","?","R","M","R","BOSS"],"build_version":"2019-07-01","purchased_purges":2,"victory":false,"max_hp_per_floor":[77,77,77,77,77,77,77,77,77,77,77,77,77,77,77,77],"card_choices":[{"not_picked":["Dagger Throw","Quick Slash"],"picked":"Endless Agony","floor":1},{"not_picked":["Backflip","PiercingWail"],"picked":"Slice","floor":2},{"not_picked":["Poisoned Stab","Crippling Poison"],"picked":"Quick Slash","floor":5},{"not_picked":["Sucker Punch","Leg Sweep"],"picked":"Infinite Blades","floor":6},{"not_picked":["Acrobatics","Dash"],"picked":"Slice","floor":7},{"not_picked":["Grand Finale","Setup"],"picked":"Blade Dance","floor":8},{"not_picked":["Dagger Spray","Riddle With Holes","Prepared"],"picked":"SKIP","floor":11},{"not_picked":["Bane","Slice"],"picked":"Acrobatics","floor":14}],"player_experience":100061,"relics_obtained":[{"floor":6,"key":"Tingsha"},{"floor":8,"key":"Paper Crane"}],"event_choices":[{"damage_healed":0,"gold_gain":0,"player_choice":"Take Damage","damage_taken":19,"relics_obtained":["Golden Idol"],"max_hp_gain":0,"max_hp_loss":0,"event_name":"Golden Idol","floor":4,"gold_loss":0},{"damage_healed":0,"gold_gain":0,"player_choice":"Ignored","damage_taken":0,"max_hp_gain":0,"max_hp_loss":0,"event_name":"Liars Game","floor":12,"gold_loss":0}],"is_beta":false,"boss_relics":[],"items_purged_floors":[3,10],"is_endless":false,"potions_floor_spawned":[6,11,14],"killed_by":"Hexaghost","ascension_level":1}