{"gold_per_floor":[362,132,151,163,183,183,109,139,139,139,67,77,77,77,77,207,207,225,225,225,243,243,243,243],"floor_reached":24,"playtime":937,"items_purged":["Defend_R"],"score":194,"play_id":"b3364b94-445c-40e5-a9f5-d5d94c7798b2","local_time":"20181102193602","is_ascension_mode":false,"campfire_choices":[{"data":"Rampage","floor":6.0,"key":"SMITH"},{"data":"Searing Blow","floor":13.0,"key":"SMITH"},{"data":"Searing Blow+1","floor":15.0,"key":"SMITH"},{"data":"Searing Blow+2","floor":23,"key":"SMITH"}],"neow_cost":"TEN_PERCENT_HP_LOSS","seed_source_timestamp":515123789400618,"circlet_count":0,"master_deck":["Strike_R","Strike_R","Strike_R","Strike_R","Defend_R","Defend_R","Defend_R","Bash","Sentinel","Rampage+1","Corruption","Searing Blow+3","Battle Trance","Feel No Pain","Double Tap","Dark Embrace","True Grit","Flame Barrier","Shrug It Off","True Grit","Burning Pact"],"special_seed":0,"relics":["Burning Blood","Pen Nib","Orichalcum","Golden Idol","Orrery","Sundial"],"potions_floor_usage":[16,24],"damage_taken":[{"damage":0.0,"enemies":"Small Slimes","floor":1.0,"turns":3.0},{"damage":0.0,"enemies":"Cultist","floor":3.0,"turns":3.0},{"damage":0.0,"enemies":"2 Louse","floor":4.0,"turns":3.0},{"damage":10.0,"enemies":"Looter","floor":5.0,"turns":4.0},{"damage":39.0,"enemies":"Lagavulin","floor":8.0,"turns":6.0},{"damage":14.0,"enemies":"Exordium Thugs","floor":12.0,"turns":4.0},{"damage":27,"enemies":"The Guardian","floor":16,"turns":10},{"damage":26,"enemies":"Shell Parasite","floor":18,"turns":7},{"damage":20,"enemies":"Spheric Guardian","floor":21,"turns":5},{"damage":64,"enemies":"Book of Stabbing","floor":24,"turns":5}],"seed_played":"-2046678215571967662","potions_obtained":[{"floor":1.0,"key":"FearPotion"},{"floor":3.0,"key":"Strength Potion"},{"floor":8.0,"key":"SpeedPotion"}],"is_trial":false,"path_per_floor":["M","$","M","M","M","R","$","E","T","?","$","M","R","?","R","B",null,"M","?","T","M","?","R","E"],"character_chosen":"IRONCLAD","items_purchased":["Rampage","Corruption","Searing Blow","Feel No Pain"],"campfire_rested":0,"item_purchase_floors":[2,2,7,11],"current_hp_per_floor":[72,72,72,72,68,68,68,35,35,72,72,64,64,46,46,25,72,52,52,52,38,62,62,0],"gold":243,"neow_bonus":"TWO_FIFTY_GOLD","is_prod":false,"is_daily":false,"chose_seed":false,"campfire_upgraded":4,"win_rate":0,"timestamp":1541147762,"path_taken":["M","$","M","M","M","R","$","E","T","?","?","?","R","?","R","BOSS","M","?","?","M","?","R","E"],"build_version":"2018-11-01v2","purchased_purges":1,"victory":false,"max_hp_per_floor":[72,72,72,72,72,72,72,72,72,72,72,72,72,72,72,72,72,72,72,72,72,72,72,72],"card_choices":[{"not_picked":["Perfected Strike","Armaments"],"picked":"Sentinel","floor":1.0},{"not_picked":["Shrug It Off","Sever Soul"],"picked":"Whirlwind","floor":3.0},{"not_picked":["Reckless Charge","Clothesline","Whirlwind"],"picked":"SKIP","floor":4.0},{"not_picked":["Rage","Hemokinesis","Infernal Blade"],"picked":"SKIP","floor":5.0},{"not_picked":["Pommel Strike","Iron Wave"],"picked":"Battle Trance","floor":8.0},{"not_picked":["Sword Boomerang","Iron Wave"],"picked":"Double Tap","floor":12.0},{"not_picked":["Juggernaut","Double Tap"],"picked":"Dark Embrace","floor":16},{"not_picked":["Twin Strike","Headbutt"],"picked":"True Grit","floor":17},{"not_picked":["Carnage","Combust"],"picked":"Flame Barrier","floor":17},{"not_picked":["Entrench","Flex"],"picked":"Shrug It Off","floor":17},{"not_picked":["Pommel Strike","Evolve"],"picked":"True Grit","floor":17},{"not_picked":["Iron Wave","Corruption","Rage"],"picked":"SKIP","floor":18},{"not_picked":["Spot Weakness+1","Cleave"],"picked":"Burning Pact","floor":21}],"player_experience":402853,"relics_obtained":[{"floor":8.0,"key":"Pen Nib"},{"floor":9.0,"key":"Orichalcum"},{"floor":20,"key":"Sundial"}],"event_choices":[{"cards_removed":["Whirlwind"],"damage_healed":37.0,"max_hp_gain":0.0,"max_hp_loss":0.0,"gold_gain":0.0,"event_name":"Bonfire Elementals","player_choice":"Offered Uncommon","floor":10.0,"gold_loss":0.0,"damage_taken":0.0},{"damage_healed":0.0,"max_hp_gain":0.0,"max_hp_loss":0.0,"gold_gain":0.0,"event_name":"Golden Idol","player_choice":"Take Damage","floor":14.0,"gold_loss":0.0,"damage_taken":18.0,"relics_obtained":["Golden Idol"]},{"cards_removed":["Strike_R"],"damage_healed":0,"gold_gain":0,"player_choice":"Elegance","damage_taken":0,"max_hp_gain":0,"max_hp_loss":0,"event_name":"Back to Basics","floor":19,"gold_loss":0},{"damage_healed":24,"gold_gain":0,"player_choice":"Heal","damage_taken":0,"max_hp_gain":0,"max_hp_loss":0,"event_name":"The Library","floor":22,"gold_loss":0}],"is_beta":true,"boss_relics":[{"not_picked":["Eternal Feather","Runic Pyramid"],"picked":"Orrery"}],"items_purged_floors":[2],"is_endless":false,"potions_floor_spawned":[1,3,8],"killed_by":"Book of Stabbing","ascension_level":0}