{"gold_per_floor":[111,127,138,138,157,157,188,198,223,223,240,43,43,58,58,153,153,164,174,190,66,78,78,78,78,78,92,102,102,14,31,31,130,130,145,145,162,173,185,185,218,21,21,21,39,59,0,12,12,12,12,12,12,44,44],"floor_reached":55,"playtime":9626,"items_purged":[],"score":757,"play_id":"54611021-df4e-4e85-b6e4-65e38108bf7c","local_time":"20190707030711","is_ascension_mode":false,"campfire_choices":[{"data":"Armaments","floor":6.0,"key":"SMITH"},{"data":"Body Slam","floor":10.0,"key":"SMITH"},{"floor":15.0,"key":"RECALL"},{"data":"Brutality","floor":23.0,"key":"SMITH"},{"data":"Rage","floor":25.0,"key":"SMITH"},{"data":"Body Slam","floor":29.0,"key":"SMITH"},{"data":"Rage","floor":32.0,"key":"SMITH"},{"data":"Body Slam","floor":40,"key":"SMITH"},{"data":"Double Tap","floor":44,"key":"SMITH"},{"data":"Rage","floor":49,"key":"SMITH"},{"data":"Bash","floor":52,"key":"SMITH"}],"neow_cost":"NONE","seed_source_timestamp":0,"circlet_count":0,"master_deck":["Strike_R","Strike_R","Strike_R","Strike_R","Strike_R","Defend_R+1","Defend_R","Defend_R","Defend_R","Bash+1","Dropkick","Seeing Red+1","Armaments+1","Body Slam+1","Cleave","Shrug It Off","Brutality+1","Blood for Blood","Dropkick+1","Rage+1","Iron Wave","Bludgeon","Rage+1","Iron Wave","Bash+1","Body Slam+1","Rage+1","Rage+1","Double Tap+1","Inflame+1","Body Slam+1","Armaments+1","Cleave+1","Iron Wave+1","Thunderclap+1","Seeing Red"],"special_seed":0,"relics":["Burning Blood","Calipers","Bronze Scales","War Paint","FaceOfCleric","Coffee Dripper","Bottled Flame","Runic Cube","Omamori","Lee\u0027s Waffle","Red Mask","Red Skull"],"potions_floor_usage":[45,45,46,50],"damage_taken":[{"damage":1.0,"enemies":"Cultist","floor":1.0,"turns":3.0},{"damage":5.0,"enemies":"Small Slimes","floor":2.0,"turns":4.0},{"damage":9.0,"enemies":"Jaw Worm","floor":3.0,"turns":4.0},{"damage":5.0,"enemies":"2 Fungi Beasts","floor":5.0,"turns":4.0},{"damage":41.0,"enemies":"Gremlin Nob","floor":7.0,"turns":5.0},{"damage":2.0,"enemies":"Exordium Wildlife","floor":8.0,"turns":3.0},{"damage":0.0,"enemies":"3 Louse","floor":11.0,"turns":2.0},{"damage":2.0,"enemies":"Looter","floor":14.0,"turns":2.0},{"damage":49.0,"enemies":"Hexaghost","floor":16.0,"turns":10.0},{"damage":8.0,"enemies":"Shell Parasite","floor":18.0,"turns":4.0},{"damage":16.0,"enemies":"Spheric Guardian","floor":19.0,"turns":3.0},{"damage":10.0,"enemies":"Snecko","floor":20.0,"turns":4.0},{"damage":25.0,"enemies":"Snake Plant","floor":22.0,"turns":4.0},{"damage":3.0,"enemies":"Cultist and Chosen","floor":27.0,"turns":4.0},{"damage":2.0,"enemies":"Snecko","floor":28.0,"turns":3.0},{"damage":13.0,"enemies":"Centurion and Healer","floor":31.0,"turns":4.0},{"damage":29.0,"enemies":"Automaton","floor":33.0,"turns":12.0},{"damage":10.0,"enemies":"3 Darklings","floor":35.0,"turns":4.0},{"damage":16,"enemies":"Orb Walker","floor":37,"turns":2},{"damage":13,"enemies":"Spire Growth","floor":38,"turns":3},{"damage":11,"enemies":"Maw","floor":39,"turns":7},{"damage":19,"enemies":"Giant Head","floor":41,"turns":6},{"damage":19,"enemies":"Sphere and 2 Shapes","floor":45,"turns":3},{"damage":13,"enemies":"3 Darklings","floor":46,"turns":3},{"damage":15,"enemies":"Jaw Worm Horde","floor":48,"turns":4},{"damage":37,"enemies":"Donu and Deca","floor":50,"turns":9},{"damage":58,"enemies":"Shield and Spear","floor":54,"turns":6},{"damage":72,"enemies":"The Heart","floor":55,"turns":5}],"seed_played":"-8307641300632171229","potions_obtained":[{"floor":2.0,"key":"Explosive Potion"},{"floor":3.0,"key":"Ancient Potion"},{"floor":11.0,"key":"BloodPotion"},{"floor":19.0,"key":"Dexterity Potion"},{"floor":22.0,"key":"Dexterity Potion"},{"floor":27.0,"key":"Block Potion"},{"floor":39,"key":"Poison Potion"},{"floor":41,"key":"Poison Potion"},{"floor":45,"key":"Poison Potion"},{"floor":46,"key":"SkillPotion"}],"is_trial":false,"path_per_floor":["M","M","M","?","M","R","E","M","T","R","M","$","?","M","R","B",null,"M","M","M","$","M","R","?","R","T","M","M","R","$","M","R","B",null,"M","?","M","M","M","R","E","$","T","R","M","M","?","M","R","B",null,"R","$","E","B"],"character_chosen":"IRONCLAD","items_purchased":["Shrug It Off","War Paint","Rage","Iron Wave","Rage","Block Potion","Lee\u0027s Waffle"],"campfire_rested":0,"item_purchase_floors":[12,12,21,21,30,30,42],"current_hp_per_floor":[80,80,77,82,83,83,48,52,52,52,58,58,58,63,63,42,87,86,77,74,74,56,56,56,56,56,60,65,65,65,59,59,37,95,92,92,83,77,73,73,61,107,107,107,95,89,89,81,81,51,111,111,111,60,0],"gold":44,"neow_bonus":"UPGRADE_CARD","is_prod":false,"is_daily":false,"chose_seed":false,"campfire_upgraded":10,"win_rate":0,"timestamp":1562461631,"path_taken":["M","M","M","?","M","R","E","M","T","R","M","$","?","M","R","BOSS","M","M","M","$","M","R","?","R","T","M","M","R","$","?","R","BOSS","M","?","M","M","M","R","E","$","T","R","M","M","?","M","R","BOSS","R","$","E","BOSS"],"build_version":"2019-07-05","purchased_purges":0,"victory":false,"max_hp_per_floor":[80,80,80,85,85,85,85,85,85,85,85,85,85,86,86,87,87,88,89,90,90,91,91,91,91,91,92,93,93,93,94,94,95,95,96,96,97,98,99,99,100,107,107,107,108,109,109,110,110,111,111,111,111,112,112],"card_choices":[{"not_picked":["Cleave","Flex"],"picked":"Dropkick","floor":1.0},{"not_picked":["Second Wind","Anger","Pommel Strike"],"picked":"SKIP","floor":2.0},{"not_picked":["Warcry","Pummel"],"picked":"Seeing Red","floor":3.0},{"not_picked":["Warcry","Bloodletting"],"picked":"Armaments","floor":5.0},{"not_picked":["Clash","Offering"],"picked":"Body Slam","floor":7.0},{"not_picked":["Twin Strike","Burning Pact"],"picked":"Cleave","floor":8.0},{"not_picked":["Clash","Pommel Strike","Corruption"],"picked":"SKIP","floor":11.0},{"not_picked":["Pommel Strike","Heavy Blade","Clash"],"picked":"SKIP","floor":14.0},{"not_picked":["Offering","Demon Form"],"picked":"Brutality","floor":16.0},{"not_picked":["True Grit","Anger"],"picked":"Blood for Blood","floor":18.0},{"not_picked":["Second Wind","Pommel Strike"],"picked":"Dropkick+1","floor":19.0},{"not_picked":["Pommel Strike+1","Clash","Thunderclap"],"picked":"SKIP","floor":20.0},{"not_picked":["Fire Breathing","Burning Pact"],"picked":"Bludgeon","floor":22.0},{"not_picked":["True Grit+1","Anger","Feel No Pain+1"],"picked":"SKIP","floor":27.0},{"not_picked":["True Grit+1","Battle Trance"],"picked":"Body Slam","floor":28.0},{"not_picked":["Heavy Blade","Clothesline"],"picked":"Rage+1","floor":31.0},{"not_picked":["Limit Break","Reaper"],"picked":"Double Tap","floor":33.0},{"not_picked":["Bloodletting","Twin Strike"],"picked":"Inflame+1","floor":35},{"not_picked":["Warcry+1","Blood for Blood+1"],"picked":"Body Slam","floor":37},{"not_picked":["Dual Wield","Uppercut+1","Clothesline+1"],"picked":"SKIP","floor":38},{"not_picked":["Sword Boomerang+1","Bloodletting+1"],"picked":"Armaments+1","floor":39},{"not_picked":["Whirlwind+1","Heavy Blade","Fiend Fire"],"picked":"SKIP","floor":41},{"not_picked":["Clothesline+1","Rampage"],"picked":"Cleave+1","floor":45},{"not_picked":["Warcry+1","Flex"],"picked":"Iron Wave+1","floor":46},{"not_picked":["Flame Barrier+1","Sword Boomerang"],"picked":"Thunderclap+1","floor":48},{"not_picked":["Thunderclap","Sword Boomerang+1"],"picked":"Seeing Red","floor":54}],"player_experience":44382,"relics_obtained":[{"floor":7.0,"key":"Calipers"},{"floor":9.0,"key":"Bronze Scales"},{"floor":26.0,"key":"Bottled Flame"},{"floor":41,"key":"Omamori"},{"floor":54,"key":"Red Skull"}],"event_choices":[{"damage_healed":0.0,"max_hp_gain":5.0,"max_hp_loss":0.0,"gold_gain":0.0,"event_name":"Big Fish","player_choice":"Donut","floor":4.0,"gold_loss":0.0,"damage_taken":0.0},{"damage_healed":0.0,"max_hp_gain":0.0,"max_hp_loss":0.0,"gold_gain":0.0,"event_name":"FaceTrader","player_choice":"Trade","floor":13.0,"gold_loss":0.0,"damage_taken":0.0,"relics_obtained":["FaceOfCleric"]},{"damage_healed":0.0,"max_hp_gain":0.0,"max_hp_loss":0.0,"gold_gain":0.0,"event_name":"Match and Keep!","player_choice":"3 cards matched","floor":24.0,"gold_loss":0.0,"damage_taken":0.0,"cards_obtained":["Rage","Iron Wave","Bash"]},{"damage_healed":0,"gold_gain":0,"player_choice":"Memory 1","damage_taken":0,"max_hp_gain":0,"max_hp_loss":0,"event_name":"SensoryStone","floor":36,"gold_loss":0},{"damage_healed":0,"gold_gain":0,"player_choice":"Paid","damage_taken":0,"relics_obtained":["Red Mask"],"max_hp_gain":0,"max_hp_loss":0,"event_name":"Tomb of Lord Red Mask","floor":47,"gold_loss":59}],"is_beta":false,"boss_relics":[{"not_picked":["Runic Dome","Astrolabe"],"picked":"Coffee Dripper"},{"not_picked":["Calling Bell","Empty Cage"],"picked":"Runic Cube"}],"items_purged_floors":[],"is_endless":false,"potions_floor_spawned":[2,3,11,19,22,27,39,41,45,46],"killed_by":"The Heart","ascension_level":0}