{"gold_per_floor":[118,20,20,36,46,46,60,85,85,102,102,122,86,86,86,205,205,223,148,73,88,88,88,126,141,141,141,177,177,190,203,203,329,329,347,347],"floor_reached":36,"playtime":4778,"items_purged":[],"score":404,"play_id":"384a74d9-ae03-46f7-af87-53c363c54acd","local_time":"20190718223823","is_ascension_mode":false,"campfire_choices":[{"data":"Chaos","floor":6.0,"key":"SMITH"},{"floor":11.0,"key":"REST"},{"floor":15.0,"key":"REST"},{"data":"Streamline","floor":23.0,"key":"SMITH"},{"floor":27.0,"key":"REST"},{"floor":29.0,"key":"REST"},{"floor":32.0,"key":"REST"}],"neow_cost":"NONE","seed_source_timestamp":0,"circlet_count":0,"master_deck":["Strike_B","Strike_B","Defend_B","Defend_B","Zap","Dualcast","Trip","Genetic Algorithm","Static Discharge+1","Compile Driver","BootSequence","Chaos+1","Sweeping Beam","Biased Cognition","Streamline+1","Glacier","All For One","Machine Learning+1","All For One+1","Defragment+1","Melter","Loop+1","Gash+1","White Noise","Doom and Gloom+1","Electrodynamics","Glacier+1"],"special_seed":0,"relics":["Cracked Core","Bronze Scales","Vajra","Golden Idol","Astrolabe","Gremlin Horn","Kunai","Torii","Inserter"],"potions_floor_usage":[],"damage_taken":[{"damage":6.0,"enemies":"Cultist","floor":1.0,"turns":3.0},{"damage":4.0,"enemies":"Small Slimes","floor":4.0,"turns":3.0},{"damage":7.0,"enemies":"2 Louse","floor":5.0,"turns":3.0},{"damage":23.0,"enemies":"Gremlin Gang","floor":7.0,"turns":4.0},{"damage":18.0,"enemies":"Gremlin Nob","floor":8.0,"turns":3.0},{"damage":1.0,"enemies":"Exordium Wildlife","floor":10.0,"turns":3.0},{"damage":2.0,"enemies":"Blue Slaver","floor":12.0,"turns":2.0},{"damage":25.0,"enemies":"Hexaghost","floor":16.0,"turns":10.0},{"damage":6.0,"enemies":"3 Byrds","floor":18.0,"turns":1.0},{"damage":10.0,"enemies":"Spheric Guardian","floor":21.0,"turns":2.0},{"damage":39.0,"enemies":"Gremlin Leader","floor":24.0,"turns":6.0},{"damage":0.0,"enemies":"Shelled Parasite and Fungi","floor":25.0,"turns":3.0},{"damage":13.0,"enemies":"Book of Stabbing","floor":28.0,"turns":5.0},{"damage":14.0,"enemies":"Snake Plant","floor":30.0,"turns":3.0},{"damage":0.0,"enemies":"Snecko","floor":31.0,"turns":4.0},{"damage":34.0,"enemies":"Collector","floor":33.0,"turns":8.0},{"damage":41.0,"enemies":"3 Darklings","floor":35.0,"turns":4.0},{"damage":62,"enemies":"2 Orb Walkers","floor":36,"turns":3}],"seed_played":"-8923565600866266183","potions_obtained":[{"floor":4.0,"key":"Strength Potion"},{"floor":7.0,"key":"Weak Potion"},{"floor":12.0,"key":"EssenceOfSteel"},{"floor":31.0,"key":"Fruit Juice"},{"floor":35,"key":"FairyPotion"}],"is_trial":false,"path_per_floor":["M","$","?","M","M","R","M","E","T","M","R","M","?","?","R","B",null,"M","?","$","M","?","R","E","M","T","R","E","R","M","M","R","B",null,"M","?"],"character_chosen":"DEFECT","items_purchased":["Static Discharge","Compile Driver","Melter"],"campfire_rested":5,"item_purchase_floors":[2,2,20],"current_hp_per_floor":[69,69,69,65,58,58,35,17,17,16,38,36,36,36,56,31,69,63,63,63,53,53,53,14,14,14,34,21,41,27,32,54,20,74,33,0],"gold":347,"neow_bonus":"RANDOM_COLORLESS","is_prod":false,"is_daily":false,"chose_seed":false,"campfire_upgraded":2,"win_rate":0.0,"timestamp":1563503903,"path_taken":["M","$","?","M","M","R","M","E","T","?","R","?","?","?","R","BOSS","M","?","$","M","?","R","E","?","T","R","E","R","M","M","R","BOSS","M","?"],"build_version":"2019-06-28","purchased_purges":0,"victory":false,"max_hp_per_floor":[75,75,75,75,75,75,75,75,75,75,75,75,75,69,69,69,69,69,69,69,69,69,69,69,69,69,69,69,69,69,74,74,74,74,74,74],"card_choices":[{"not_picked":["Conserve Battery","Leap"],"picked":"Genetic Algorithm","floor":1.0},{"not_picked":["Tempest","Redo"],"picked":"BootSequence","floor":4.0},{"not_picked":["Go for the Eyes","Scrape"],"picked":"Chaos","floor":5.0},{"not_picked":["Ball Lightning","Hologram"],"picked":"Sweeping Beam","floor":7.0},{"not_picked":["Skim","Steam"],"picked":"Biased Cognition","floor":8.0},{"not_picked":["Stack","Storm"],"picked":"Streamline","floor":10.0},{"not_picked":["Genetic Algorithm","Auto Shields"],"picked":"Glacier","floor":12.0},{"not_picked":["Reboot","Biased Cognition"],"picked":"All For One","floor":16.0},{"not_picked":["Coolheaded","Leap","Fusion"],"picked":"SKIP","floor":18.0},{"not_picked":["Leap","Consume"],"picked":"Loop","floor":21.0},{"not_picked":["Melter","Hologram"],"picked":"Gash+1","floor":24.0},{"not_picked":["Aggregate","Compile Driver"],"picked":"White Noise","floor":25.0},{"not_picked":["Fusion","Redo+1"],"picked":"Doom and Gloom+1","floor":28.0},{"not_picked":["Glacier","Redo","Leap"],"picked":"SKIP","floor":30.0},{"not_picked":["Machine Learning","Compile Driver","Streamline"],"picked":"SKIP","floor":31.0},{"not_picked":["Fission","Seek"],"picked":"Electrodynamics","floor":33.0},{"not_picked":["Hologram","Cold Snap"],"picked":"Glacier+1","floor":35}],"player_experience":17403,"relics_obtained":[{"floor":8.0,"key":"Bronze Scales"},{"floor":9.0,"key":"Vajra"},{"floor":24.0,"key":"Gremlin Horn"},{"floor":26.0,"key":"Kunai"},{"floor":28.0,"key":"Torii"}],"event_choices":[{"damage_healed":0.0,"max_hp_gain":0.0,"max_hp_loss":0.0,"gold_gain":0.0,"event_name":"Accursed Blacksmith","player_choice":"Forge","floor":3.0,"gold_loss":0.0,"damage_taken":0.0,"cards_upgraded":["Static Discharge"]},{"damage_healed":0.0,"max_hp_gain":0.0,"max_hp_loss":0.0,"gold_gain":0.0,"event_name":"World of Goop","player_choice":"Left Gold","floor":13.0,"gold_loss":36.0,"damage_taken":0.0},{"damage_healed":0.0,"max_hp_gain":0.0,"max_hp_loss":6.0,"gold_gain":0.0,"event_name":"Golden Idol","player_choice":"Lose Max HP","floor":14.0,"gold_loss":0.0,"damage_taken":0.0,"relics_obtained":["Golden Idol"]},{"cards_removed":["Defend_B"],"damage_healed":0.0,"max_hp_gain":0.0,"max_hp_loss":0.0,"gold_gain":0.0,"event_name":"Beggar","player_choice":"Gave Gold","floor":19.0,"gold_loss":75.0,"damage_taken":0.0},{"damage_healed":0.0,"max_hp_gain":0.0,"max_hp_loss":0.0,"gold_gain":0.0,"event_name":"Upgrade Shrine","player_choice":"Upgraded","floor":22.0,"gold_loss":0.0,"damage_taken":0.0,"cards_upgraded":["Loop"]},{"damage_healed":0,"gold_gain":0,"player_choice":"Fight","damage_taken":0,"max_hp_gain":0,"max_hp_loss":0,"event_name":"Mysterious Sphere","floor":36,"gold_loss":0}],"is_beta":true,"boss_relics":[{"not_picked":["Empty Cage","FrozenCore"],"picked":"Astrolabe"},{"not_picked":["Philosopher\u0027s Stone","Eternal Feather"],"picked":"Inserter"}],"items_purged_floors":[],"is_endless":false,"potions_floor_spawned":[4,7,12,18,24,31,35],"killed_by":"2 Orb Walkers","ascension_level":0}