{"gold_per_floor":[118,128,144,144,167,167,181,221,221,148,148,164,164,184,184,184],"floor_reached":16,"playtime":1036,"items_purged":["Strike_G"],"score":114,"play_id":"aa6ff619-e04c-40dd-ab70-8f8c4aebbeab","local_time":"20190704194845","is_ascension_mode":true,"campfire_choices":[{"floor":6,"key":"REST"},{"floor":11,"key":"REST"},{"data":"Concentrate","floor":15,"key":"SMITH"}],"neow_cost":"NONE","seed_source_timestamp":20567363037770,"circlet_count":0,"master_deck":["Strike_G","Strike_G","Strike_G","Strike_G","Defend_G","Defend_G","Defend_G","Defend_G","Defend_G","Survivor","Neutralize","Crippling Poison","Bane","Dash","Bane","Sucker Punch","Crippling Poison","Acrobatics","Leg Sweep","Concentrate+1"],"relics":["Ring of the Snake","Golden Idol","Smiling Mask","Mummified Hand"],"potions_floor_usage":[8,16,16],"damage_taken":[{"damage":1,"enemies":"Cultist","floor":1,"turns":5},{"damage":8,"enemies":"Jaw Worm","floor":2,"turns":4},{"damage":4,"enemies":"2 Louse","floor":3,"turns":4},{"damage":0,"enemies":"Looter","floor":5,"turns":4},{"damage":10,"enemies":"Exordium Thugs","floor":7,"turns":5},{"damage":32,"enemies":"3 Sentries","floor":8,"turns":11},{"damage":5,"enemies":"Blue Slaver","floor":12,"turns":4},{"damage":0,"enemies":"3 Louse","floor":14,"turns":3},{"damage":44,"enemies":"Slime Boss","floor":16,"turns":7}],"seed_played":"8819068206070761895","potions_obtained":[{"floor":1,"key":"Ancient Potion"},{"floor":5,"key":"AttackPotion"},{"floor":12,"key":"Swift Potion"},{"floor":14,"key":"AttackPotion"}],"is_trial":false,"path_per_floor":["M","M","M","?","M","R","M","E","T","$","R","M","?","M","R","B"],"character_chosen":"THE_SILENT","items_purchased":["Acrobatics"],"campfire_rested":2,"item_purchase_floors":[10],"current_hp_per_floor":[76,68,64,45,45,68,58,26,26,26,49,44,44,44,44,0],"gold":184,"neow_bonus":"TEN_PERCENT_HP_BONUS","is_prod":false,"is_daily":false,"chose_seed":false,"campfire_upgraded":1,"win_rate":0,"timestamp":1562240925,"path_taken":["M","M","M","?","M","R","M","E","T","$","R","M","?","M","R","BOSS"],"build_version":"2019-07-01","purchased_purges":1,"victory":false,"max_hp_per_floor":[77,77,77,77,77,77,77,77,77,77,77,77,77,77,77,77],"card_choices":[{"not_picked":["Underhanded Strike","Deflect"],"picked":"Crippling Poison","floor":1},{"not_picked":["Outmaneuver","PiercingWail"],"picked":"Bane","floor":2},{"not_picked":["Masterful Stab","Outmaneuver"],"picked":"Dash","floor":3},{"not_picked":["Prepared","Expertise"],"picked":"Bane","floor":5},{"not_picked":["Endless Agony","Dagger Spray"],"picked":"Sucker Punch","floor":7},{"not_picked":["Dagger Spray","Well Laid Plans"],"picked":"Crippling Poison","floor":8},{"not_picked":["Sucker Punch","Accuracy"],"picked":"Leg Sweep","floor":12},{"not_picked":["Dagger Throw","Endless Agony"],"picked":"Concentrate","floor":14}],"player_experience":141684,"relics_obtained":[{"floor":8,"key":"Smiling Mask"},{"floor":9,"key":"Mummified Hand"}],"event_choices":[{"damage_healed":0,"gold_gain":0,"player_choice":"Take Damage","damage_taken":19,"relics_obtained":["Golden Idol"],"max_hp_gain":0,"max_hp_loss":0,"event_name":"Golden Idol","floor":4,"gold_loss":0},{"damage_healed":0,"gold_gain":0,"player_choice":"Bought 0 Potions","damage_taken":0,"max_hp_gain":0,"max_hp_loss":0,"event_name":"The Woman in Blue","floor":13,"gold_loss":0}],"is_beta":false,"boss_relics":[],"items_purged_floors":[10],"is_endless":false,"potions_floor_spawned":[1,5,12,14],"killed_by":"Slime Boss","ascension_level":2}