{"gold_per_floor":[118,137,152,152,162,221,240,240,240,273,273,273,87,100,100,204,204,219,293,122,152,167,50,50,68,68,68,79,102,130,148,148,248,248,262,278,278,298,398,431,431,463,487,90,110,137,137,37,37,37,37,37,15,41,41],"floor_reached":55,"playtime":5402,"items_purged":["Blade Dance+1","Strike_G"],"score":944,"play_id":"e28fe795-b2be-4daa-9cdd-85eb60f0e70c","local_time":"20190712161324","is_ascension_mode":true,"campfire_choices":[{"data":"Leg Sweep","floor":8,"key":"SMITH"},{"floor":12,"key":"REST"},{"floor":15,"key":"REST"},{"floor":27,"key":"REST"},{"floor":32,"key":"REST"},{"floor":41,"key":"REST"},{"floor":49,"key":"RECALL"},{"data":"After Image","floor":52,"key":"SMITH"}],"neow_cost":"NONE","seed_source_timestamp":188174455702513,"circlet_count":0,"master_deck":["Strike_G","Defend_G","Defend_G","Defend_G","Defend_G","Survivor","Neutralize+1","Acrobatics","Deadly Poison","Leg Sweep+1","Dodge and Roll","Dagger Spray","Bouncing Flask","Catalyst","Well Laid Plans","PiercingWail","Corpse Explosion","Acrobatics","After Image+1","PiercingWail+1","Deflect+1","Dodge and Roll","Footwork+1","Poisoned Stab","Noxious Fumes+1","PiercingWail","Crippling Poison","Blur","Skewer","Dagger Spray","Poisoned Stab","Dash","Corpse Explosion+1","Dodge and Roll+1","Backflip+1","Malaise+1","Dash+1","Leg Sweep+1","PiercingWail+1","Skewer+1","Backflip+1","Dodge and Roll+1"],"relics":["Velvet Choker","Tiny Chest","Omamori","Astrolabe","Frozen Egg 2","Red Mask","Toxic Egg 2","Centennial Puzzle","Ornamental Fan","Snecko Eye","Peace Pipe","Question Card","Bottled Flame","Blood Vial","Bag of Marbles","HandDrill","Regal Pillow","Bag of Preparation"],"potions_floor_usage":[6,16,21,28,28,38,50,50],"damage_taken":[{"damage":0,"enemies":"Cultist","floor":1,"turns":4},{"damage":0,"enemies":"Jaw Worm","floor":2,"turns":4},{"damage":2,"enemies":"Small Slimes","floor":3,"turns":3},{"damage":3,"enemies":"Exordium Wildlife","floor":5,"turns":6},{"damage":6,"enemies":"3 Sentries","floor":6,"turns":15},{"damage":0,"enemies":"Lots of Slimes","floor":7,"turns":2},{"damage":20,"enemies":"Gremlin Nob","floor":10,"turns":5},{"damage":6,"enemies":"Gremlin Gang","floor":14,"turns":4},{"damage":2,"enemies":"Hexaghost","floor":16,"turns":11},{"damage":0,"enemies":"Chosen","floor":18,"turns":5},{"damage":7,"enemies":"Masked Bandits","floor":21,"turns":3},{"damage":18,"enemies":"2 Thieves","floor":22,"turns":4},{"damage":4,"enemies":"Shelled Parasite and Fungi","floor":25,"turns":5},{"damage":6,"enemies":"3 Cultists","floor":28,"turns":5},{"damage":0,"enemies":"Book of Stabbing","floor":30,"turns":6},{"damage":0,"enemies":"Cultist and Chosen","floor":31,"turns":6},{"damage":45,"enemies":"Automaton","floor":33,"turns":13},{"damage":15,"enemies":"3 Shapes","floor":35,"turns":3},{"damage":2,"enemies":"3 Darklings","floor":36,"turns":3},{"damage":8,"enemies":"Writhing Mass","floor":38,"turns":10},{"damage":2,"enemies":"Mind Bloom Boss Battle","floor":39,"turns":11},{"damage":0,"enemies":"Giant Head","floor":40,"turns":10},{"damage":11,"enemies":"Reptomancer","floor":42,"turns":9},{"damage":3,"enemies":"Maw","floor":45,"turns":9},{"damage":21,"enemies":"Donu and Deca","floor":50,"turns":8},{"damage":30,"enemies":"Shield and Spear","floor":54,"turns":7},{"damage":43,"enemies":"The Heart","floor":55,"turns":3}],"seed_played":"1259345506268570395","potions_obtained":[{"floor":2,"key":"Strength Potion"},{"floor":3,"key":"Explosive Potion"},{"floor":7,"key":"Ancient Potion"},{"floor":10,"key":"SpeedPotion"},{"floor":11,"key":"GamblersBrew"},{"floor":11,"key":"LiquidBronze"},{"floor":16,"key":"PowerPotion"},{"floor":22,"key":"Energy Potion"},{"floor":25,"key":"EssenceOfSteel"},{"floor":30,"key":"Dexterity Potion"},{"floor":36,"key":"EssenceOfSteel"},{"floor":42,"key":"Poison Potion"}],"is_trial":false,"path_per_floor":["M","M","M","?","M","E","M","R","T","E","?","R","$","M","R","B",null,"M","T","$","?","M","$","$","M","T","R","M","T","E","M","R","B",null,"M","M","?","M","?","E","R","E","T","$","M","T","?","$","R","B",null,"R","$","E","B"],"character_chosen":"THE_SILENT","items_purchased":["Well Laid Plans","PiercingWail","Corpse Explosion","Footwork+1","Poisoned Stab","Crippling Poison","Blur","Bag of Marbles","PiercingWail+1","HandDrill","Backflip+1"],"campfire_rested":5,"item_purchase_floors":[13,13,13,20,20,23,23,44,44,44,53],"current_hp_per_floor":[70,70,68,68,65,59,59,59,59,39,39,60,60,54,70,68,70,70,70,70,63,45,45,45,41,41,62,56,56,56,56,70,25,70,55,53,53,45,43,43,62,51,51,51,50,50,50,50,50,31,66,66,66,36,0],"gold":41,"neow_bonus":"BOSS_RELIC","is_prod":false,"is_daily":false,"chose_seed":false,"campfire_upgraded":2,"win_rate":0,"timestamp":1562962404,"path_taken":["M","M","?","?","?","E","?","R","T","E","?","R","$","M","R","BOSS","M","?","$","?","?","?","$","M","T","R","M","?","E","M","R","BOSS","M","?","?","M","?","E","R","E","T","$","M","?","?","?","R","BOSS","R","$","E","BOSS"],"build_version":"2019-07-05","purchased_purges":2,"victory":false,"max_hp_per_floor":[70,70,70,70,70,70,70,70,70,70,70,70,70,70,70,70,70,70,70,70,70,70,70,70,70,70,70,70,70,70,70,70,70,70,70,70,66,66,66,66,66,66,66,66,66,66,66,66,66,66,66,66,66,66,66],"card_choices":[{"not_picked":["Flying Knee","Reflex"],"picked":"Acrobatics","floor":1},{"not_picked":["Cloak And Dagger","Riddle With Holes"],"picked":"Deadly Poison","floor":2},{"not_picked":["Dodge and Roll","Flying Knee"],"picked":"Leg Sweep","floor":3},{"not_picked":["Noxious Fumes","Cloak And Dagger"],"picked":"Dodge and Roll","floor":5},{"not_picked":["Dodge and Roll","Acrobatics"],"picked":"Dagger Spray","floor":6},{"not_picked":["Cloak And Dagger","Envenom"],"picked":"Bouncing Flask","floor":7},{"not_picked":["Riddle With Holes","Dagger Spray"],"picked":"Catalyst","floor":10},{"not_picked":["Prepared","Deflect"],"picked":"Acrobatics","floor":14},{"not_picked":["Storm of Steel","Bullet Time"],"picked":"After Image","floor":16},{"not_picked":["Outmaneuver","Accuracy"],"picked":"Dodge and Roll","floor":18},{"not_picked":["Slice","Bane"],"picked":"Noxious Fumes+1","floor":21},{"not_picked":["Cloak And Dagger+1","Acrobatics+1"],"picked":"PiercingWail","floor":22},{"not_picked":["Underhanded Strike+1","Dagger Spray"],"picked":"Skewer","floor":25},{"not_picked":["Underhanded Strike+1","Flying Knee"],"picked":"Dagger Spray","floor":28},{"not_picked":["Flying Knee","Masterful Stab"],"picked":"Poisoned Stab","floor":30},{"not_picked":["Blade Dance+1","Wraith Form v2+1"],"picked":"Dash","floor":31},{"not_picked":["Doppelganger+1","Unload"],"picked":"Corpse Explosion+1","floor":33},{"not_picked":["Bane","Dagger Spray+1"],"picked":"Dodge and Roll+1","floor":35},{"not_picked":["Sucker Punch","Skewer+1","Prepared+1"],"picked":"SKIP","floor":36},{"not_picked":["Bane+1","Well Laid Plans+1"],"picked":"Backflip+1","floor":38},{"not_picked":["Heel Hook","Escape Plan+1"],"picked":"Malaise+1","floor":39},{"not_picked":["Outmaneuver+1","Acrobatics+1"],"picked":"Dash+1","floor":40},{"not_picked":["Accuracy+1","Escape Plan+1","Underhanded Strike"],"picked":"Leg Sweep+1","floor":42},{"not_picked":["Calculated Gamble+1","Backstab","Terror+1"],"picked":"Skewer+1","floor":45},{"not_picked":["Underhanded Strike+1","Masterful Stab","Backflip+1"],"picked":"Dodge and Roll+1","floor":54}],"player_experience":100435,"relics_obtained":[{"floor":6,"key":"Tiny Chest"},{"floor":10,"key":"Omamori"},{"floor":19,"key":"Frozen Egg 2"},{"floor":21,"key":"Red Mask"},{"floor":26,"key":"Toxic Egg 2"},{"floor":29,"key":"Centennial Puzzle"},{"floor":30,"key":"Ornamental Fan"},{"floor":39,"key":"Peace Pipe"},{"floor":40,"key":"Question Card"},{"floor":42,"key":"Bottled Flame"},{"floor":43,"key":"Blood Vial"},{"floor":46,"key":"Regal Pillow"},{"floor":54,"key":"Bag of Preparation"}],"event_choices":[{"damage_healed":0,"gold_gain":0,"player_choice":"Upgraded","damage_taken":0,"max_hp_gain":0,"max_hp_loss":0,"event_name":"Upgrade Shrine","floor":4,"gold_loss":0,"cards_upgraded":["Neutralize"]},{"damage_healed":0,"gold_gain":0,"player_choice":"Got Potions","damage_taken":0,"max_hp_gain":0,"max_hp_loss":0,"event_name":"Lab","floor":11,"gold_loss":0},{"damage_healed":0,"gold_gain":0,"player_choice":"Fought Bandits","damage_taken":0,"max_hp_gain":0,"max_hp_loss":0,"event_name":"Masked Bandits","floor":21,"gold_loss":0},{"damage_healed":0,"gold_gain":0,"player_choice":"Max HP","damage_taken":0,"max_hp_gain":0,"max_hp_loss":4,"event_name":"Winding Halls","floor":37,"gold_loss":0},{"damage_healed":0,"gold_gain":0,"player_choice":"Fight","damage_taken":0,"max_hp_gain":0,"max_hp_loss":0,"event_name":"MindBloom","floor":39,"gold_loss":0},{"cards_removed":["Defend_G"],"damage_healed":0,"gold_gain":0,"player_choice":"Removed Skill","damage_taken":0,"max_hp_gain":0,"max_hp_loss":0,"event_name":"Falling","floor":47,"gold_loss":0}],"is_beta":false,"boss_relics":[{"not_picked":["Coffee Dripper","Runic Dome"],"picked":"Astrolabe"},{"not_picked":["HoveringKite","White Beast Statue"],"picked":"Snecko Eye"}],"items_purged_floors":[20,48],"is_endless":false,"potions_floor_spawned":[2,3,7,10,16,22,25,30,36,42],"killed_by":"The Heart","ascension_level":1}