{"gold_per_floor":[115,130,141,141,141,141,66,91,115,115,142,157,157,176,176,278,278,294,310,210,229,229,259,259,272,295,313,345,47,64,14,14,118,118,130,23,23,23,35,35,64,64,119,69,28,43,59,73,73,73],"floor_reached":51,"playtime":7041,"items_purged":["Defend_G","Defend_G","Strike_G","Defend_G","Strike_G","Defend_G"],"score":737,"play_id":"e9b0a901-c34c-47ab-a636-e7078ce658ea","local_time":"20190704004235","is_ascension_mode":true,"campfire_choices":[{"floor":6,"key":"RECALL"},{"data":"Reflex","floor":10,"key":"SMITH"},{"floor":13,"key":"REST"},{"data":"Storm of Steel","floor":15,"key":"SMITH"},{"floor":24,"key":"REST"},{"floor":32,"key":"REST"},{"floor":40,"key":"REST"},{"floor":42,"key":"REST"},{"floor":49,"key":"REST"}],"neow_cost":"NONE","seed_source_timestamp":903288980856030,"circlet_count":0,"master_deck":["Survivor","Neutralize+1","Dagger Throw","Sucker Punch","Flying Knee","Reflex+1","Backflip","Flying Knee","Cloak And Dagger","Storm of Steel+1","Unload","Dash+1","Quick Slash+1","Heel Hook+1","PiercingWail+1","Reflex","Accuracy","Backstab+1","Terror+1","Endless Agony","Acrobatics","Infinite Blades","Dark Shackles","Blade Dance","Well Laid Plans+1","Cloak And Dagger+1","Blade Dance"],"relics":["Ring of the Snake","Ancient Tea Set","Dream Catcher","Oddly Smooth Stone","Astrolabe","The Courier","Smiling Mask","Vajra","Regal Pillow","Bag of Marbles","Fusion Hammer","Blood Vial","Art of War"],"potions_floor_usage":[8,28,33,33,50,50,50],"damage_taken":[{"damage":3,"enemies":"2 Louse","floor":1,"turns":3},{"damage":0,"enemies":"Small Slimes","floor":2,"turns":4},{"damage":0,"enemies":"Cultist","floor":3,"turns":3},{"damage":4,"enemies":"Gremlin Nob","floor":8,"turns":3},{"damage":24,"enemies":"3 Sentries","floor":11,"turns":11},{"damage":0,"enemies":"Blue Slaver","floor":12,"turns":4},{"damage":0,"enemies":"Lots of Slimes","floor":14,"turns":5},{"damage":29,"enemies":"Hexaghost","floor":16,"turns":12},{"damage":5,"enemies":"3 Byrds","floor":18,"turns":4},{"damage":8,"enemies":"Shell Parasite","floor":19,"turns":5},{"damage":8,"enemies":"Centurion and Healer","floor":21,"turns":7},{"damage":36,"enemies":"Gremlin Leader","floor":23,"turns":9},{"damage":0,"enemies":"Cultist and Chosen","floor":25,"turns":7},{"damage":7,"enemies":"Shelled Parasite and Fungi","floor":27,"turns":6},{"damage":34,"enemies":"Book of Stabbing","floor":28,"turns":6},{"damage":9,"enemies":"Centurion and Healer","floor":30,"turns":4},{"damage":26,"enemies":"Collector","floor":33,"turns":8},{"damage":3,"enemies":"3 Shapes","floor":35,"turns":2},{"damage":0,"enemies":"Orb Walker","floor":39,"turns":1},{"damage":0,"enemies":"Giant Head","floor":41,"turns":5},{"damage":0,"enemies":"Maw","floor":46,"turns":5},{"damage":14,"enemies":"Jaw Worm Horde","floor":47,"turns":4},{"damage":21,"enemies":"4 Shapes","floor":48,"turns":3},{"damage":48,"enemies":"Donu and Deca","floor":50,"turns":9}],"seed_played":"-8799742855579544280","potions_obtained":[{"floor":1,"key":"SpeedPotion"},{"floor":3,"key":"PowerPotion"},{"floor":11,"key":"Weak Potion"},{"floor":12,"key":"Weak Potion"},{"floor":16,"key":"Energy Potion"},{"floor":30,"key":"Swift Potion"},{"floor":33,"key":"SmokeBomb"},{"floor":46,"key":"Fire Potion"},{"floor":48,"key":"Weak Potion"}],"is_trial":false,"path_per_floor":["M","M","M","?","?","R","$","E","T","R","E","M","R","M","R","B",null,"M","M","$","M","?","E","R","M","T","M","E","$","M","$","R","B",null,"M","$","?","?","M","R","E","R","T","$","$","M","M","M","R","B",null],"character_chosen":"THE_SILENT","items_purchased":["Regal Pillow","Bag of Marbles","Infinite Blades","Swift Potion"],"campfire_rested":6,"item_purchase_floors":[29,29,36,45],"current_hp_per_floor":[74,74,74,67,67,67,67,63,63,63,39,39,62,62,62,33,77,72,64,64,56,77,41,64,64,64,57,23,23,14,14,52,26,77,74,74,64,64,64,73,73,73,73,73,73,73,59,40,73,25],"gold":73,"neow_bonus":"TEN_PERCENT_HP_BONUS","is_prod":false,"is_daily":false,"chose_seed":false,"campfire_upgraded":2,"win_rate":0,"timestamp":1562172155,"path_taken":["M","M","M","?","?","R","$","E","T","R","E","?","R","M","R","BOSS","M","M","$","M","?","E","R","M","T","M","E","$","?","$","R","BOSS","M","$","?","?","M","R","E","R","T","?","$","M","M","M","R","BOSS"],"build_version":"2019-07-01","purchased_purges":6,"victory":true,"max_hp_per_floor":[77,77,77,77,77,77,77,77,77,77,77,77,77,77,77,77,77,77,77,77,77,77,77,77,77,77,77,77,77,77,77,77,77,77,77,77,77,73,73,73,73,73,73,73,73,73,73,73,73,73],"card_choices":[{"not_picked":["Masterful Stab","Footwork"],"picked":"Dagger Throw","floor":1},{"not_picked":["Accuracy","Acrobatics"],"picked":"Sucker Punch","floor":2},{"not_picked":["Dagger Spray","Poisoned Stab"],"picked":"Flying Knee","floor":3},{"not_picked":["Catalyst","Blur"],"picked":"Reflex","floor":8},{"not_picked":["Well Laid Plans","Masterful Stab"],"picked":"Backflip","floor":11},{"not_picked":["Footwork","Well Laid Plans"],"picked":"Flying Knee","floor":12},{"not_picked":["Acrobatics","Reflex"],"picked":"Cloak And Dagger","floor":13},{"not_picked":["Flying Knee","Flechettes"],"picked":"Storm of Steel","floor":14},{"not_picked":["Night Terror","A Thousand Cuts"],"picked":"Unload","floor":16},{"not_picked":["Quick Slash","Noxious Fumes","Concentrate+1"],"picked":"SKIP","floor":18},{"not_picked":["Flying Knee+1","Calculated Gamble"],"picked":"PiercingWail+1","floor":19},{"not_picked":["Sucker Punch","Slice"],"picked":"Escape Plan","floor":21},{"not_picked":["Dodge and Roll+1","Concentrate"],"picked":"Reflex","floor":23},{"not_picked":["Blade Dance","Flying Knee"],"picked":"Accuracy","floor":25},{"not_picked":["Predator","Bane+1"],"picked":"Backstab+1","floor":27},{"not_picked":["Deflect","Flechettes","Flying Knee"],"picked":"SKIP","floor":28},{"not_picked":["Underhanded Strike","Quick Slash"],"picked":"Terror+1","floor":30},{"not_picked":["Quick Slash+1","Backflip"],"picked":"Endless Agony","floor":32},{"not_picked":["Well Laid Plans","Caltrops"],"picked":"Acrobatics","floor":35},{"not_picked":["Sadistic Nature","Chrysalis"],"picked":"Dark Shackles","floor":37},{"not_picked":["Sucker Punch+1","Catalyst+1"],"picked":"Blade Dance","floor":39},{"not_picked":["Deflect+1","Blade Dance"],"picked":"Well Laid Plans+1","floor":40},{"not_picked":["Poisoned Stab","Dodge and Roll","Dagger Spray+1"],"picked":"SKIP","floor":41},{"not_picked":["Underhanded Strike+1","Deflect","PiercingWail+1"],"picked":"SKIP","floor":46},{"not_picked":["Quick Slash","Setup","Poisoned Stab"],"picked":"SKIP","floor":47},{"not_picked":["Outmaneuver+1","Poisoned Stab"],"picked":"Cloak And Dagger+1","floor":48},{"not_picked":["Night Terror","Slice+1"],"picked":"Blade Dance","floor":49}],"player_experience":108951,"relics_obtained":[{"floor":8,"key":"Ancient Tea Set"},{"floor":9,"key":"Dream Catcher"},{"floor":11,"key":"Oddly Smooth Stone"},{"floor":23,"key":"The Courier"},{"floor":26,"key":"Smiling Mask"},{"floor":28,"key":"Vajra"},{"floor":41,"key":"Blood Vial"},{"floor":43,"key":"Art of War"}],"event_choices":[{"cards_removed":["Strike_G"],"damage_healed":0,"gold_gain":0,"player_choice":"Card Removal","damage_taken":7,"max_hp_gain":0,"max_hp_loss":0,"event_name":"Golden Wing","floor":4,"gold_loss":0},{"damage_healed":0,"gold_gain":0,"player_choice":"Forge","damage_taken":0,"max_hp_gain":0,"max_hp_loss":0,"event_name":"Accursed Blacksmith","floor":5,"gold_loss":0,"cards_upgraded":["Neutralize"]},{"cards_removed":["Escape Plan"],"damage_healed":21,"gold_gain":0,"player_choice":"Offered Uncommon","damage_taken":0,"max_hp_gain":0,"max_hp_loss":0,"event_name":"Bonfire Elementals","floor":22,"gold_loss":0},{"damage_healed":0,"gold_gain":0,"player_choice":"Memory 3","damage_taken":10,"max_hp_gain":0,"max_hp_loss":0,"event_name":"SensoryStone","floor":37,"gold_loss":0},{"damage_healed":0,"gold_gain":0,"player_choice":"Max HP","damage_taken":0,"max_hp_gain":0,"max_hp_loss":4,"event_name":"Winding Halls","floor":38,"gold_loss":0}],"is_beta":false,"boss_relics":[{"not_picked":["Ectoplasm","Coffee Dripper"],"picked":"Astrolabe"},{"not_picked":["Sozu","Orrery"],"picked":"Fusion Hammer"}],"items_purged_floors":[7,20,29,31,36,44],"is_endless":false,"potions_floor_spawned":[1,3,11,12,14,16,21,27,30,33,39,46,48],"ascension_level":1}