{"gold_per_floor":[19,37,37,50,61,94,94,119,144,144,144],"floor_reached":11,"playtime":423,"items_purged":[],"score":166,"play_id":"db32b0a8-b28c-46e0-969b-0ffad5c87d83","local_time":"20190716234152","is_ascension_mode":true,"campfire_choices":[{"data":"Rainbow","floor":7,"key":"SMITH"},{"data":"Creative AI","floor":10,"key":"SMITH"}],"neow_cost":"NO_GOLD","seed_source_timestamp":576179173571447,"circlet_count":0,"master_deck":["AscendersBane","Strike_B","Strike_B","Strike_B","Strike_B","Defend_B","Defend_B","Defend_B","Zap","Dualcast","Genetic Algorithm","Sweeping Beam","Melter","Rainbow+1","Creative AI+1"],"special_seed":0,"relics":["Cracked Core","Dead Branch","Torii","Vajra","Bag of Preparation"],"potions_floor_usage":[5,5],"damage_taken":[{"damage":7.0,"enemies":"Small Slimes","floor":1.0,"turns":3.0},{"damage":1.0,"enemies":"Cultist","floor":2.0,"turns":3.0},{"damage":4.0,"enemies":"2 Louse","floor":4.0,"turns":2.0},{"damage":25,"enemies":"Gremlin Gang","floor":5,"turns":5},{"damage":8,"enemies":"Lagavulin","floor":6,"turns":8},{"damage":20,"enemies":"3 Sentries","floor":8,"turns":6},{"damage":10,"enemies":"Exordium Thugs","floor":11,"turns":2}],"seed_played":"-2027155533302668347","potions_obtained":[{"floor":1.0,"key":"Block Potion"},{"floor":4.0,"key":"SneckoOil"},{"floor":6,"key":"FairyPotion"}],"is_trial":false,"path_per_floor":["M","M","?","M","M","E","R","E","T","R","M"],"character_chosen":"DEFECT","items_purchased":[],"campfire_rested":0,"item_purchase_floors":[],"current_hp_per_floor":[57,56,56,52,27,19,19,6,6,6,0],"gold":144,"neow_bonus":"ONE_RARE_RELIC","is_prod":false,"is_daily":false,"chose_seed":false,"campfire_upgraded":2,"win_rate":0,"timestamp":1563313312,"path_taken":["M","M","?","M","M","E","R","E","T","R","M"],"build_version":"2019-07-05","purchased_purges":0,"victory":false,"max_hp_per_floor":[71,71,71,71,71,71,71,71,71,71,71],"card_choices":[{"not_picked":["Streamline","Rebound"],"picked":"Genetic Algorithm","floor":1.0},{"not_picked":["Conserve Battery","Force Field"],"picked":"Sweeping Beam","floor":2.0},{"not_picked":["Hologram","Conserve Battery"],"picked":"Melter","floor":4.0},{"not_picked":["Leap","Barrage"],"picked":"Rainbow","floor":5},{"not_picked":["Barrage","Cold Snap","Consume"],"picked":"SKIP","floor":6},{"not_picked":["Consume","Rip and Tear"],"picked":"Creative AI","floor":8}],"player_experience":628007,"relics_obtained":[{"floor":6,"key":"Torii"},{"floor":8,"key":"Vajra"},{"floor":9,"key":"Bag of Preparation"}],"event_choices":[{"cards_removed":["Defend_B"],"damage_healed":0.0,"max_hp_gain":0.0,"max_hp_loss":0.0,"gold_gain":0.0,"event_name":"Purifier","player_choice":"Purged","floor":3.0,"gold_loss":0.0,"damage_taken":0.0}],"is_beta":false,"boss_relics":[],"items_purged_floors":[],"is_endless":false,"potions_floor_spawned":[1,4,6],"killed_by":"Exordium Thugs","ascension_level":20}