{"gold_per_floor":[111,111,126,55,55,89,89,101,170,170,199,6,62,89,89,190,190,207,231,8,8,8,34,34,62,109,124,124,159,170,170,170,267,267,282,136,154,0,46,74,74,23,23,53,75,87,99,149,161,173,185,197,10,37,37],"floor_reached":55,"playtime":2143,"items_purged":["Strike_B+1"],"score":1118,"play_id":"adb4b2b3-fd97-4c8d-8a04-78c250ffccd2","local_time":"20190719144511","is_ascension_mode":true,"campfire_choices":[{"data":"Doom and Gloom","floor":7.0,"key":"SMITH"},{"data":"White Noise","floor":10.0,"key":"SMITH"},{"data":"Biased Cognition","floor":15.0,"key":"SMITH"},{"floor":24.0,"key":"REST"},{"data":"Electrodynamics","floor":28.0,"key":"SMITH"},{"floor":32.0,"key":"REST"},{"floor":41.0,"key":"REST"},{"floor":47.0,"key":"REST"},{"floor":49,"key":"RECALL"},{"floor":52,"key":"DIG"}],"neow_cost":"NONE","seed_source_timestamp":790935473379490,"circlet_count":0,"master_deck":["Strike_B+1","Defend_B+1","Defend_B+1","Defend_B+1","Zap+1","Dualcast","Auto Shields","White Noise+1","Ball Lightning+1","Stack","Doom and Gloom+1","Compile Driver","Compile Driver","Biased Cognition+1","Electrodynamics+1","Cold Snap","Capacitor","Steam+1","Undo+1","White Noise+1","All For One","Glacier+1","Core Surge","Hyperbeam+1","Conserve Battery+1","Darkness+1","Redo+1","FTL","Hologram+1","Barrage+1","Conserve Battery+1","Biased Cognition","Apotheosis+1","Skim+1","Undo+1"],"special_seed":0,"relics":["Cracked Core","NeowsBlessing","Pen Nib","Cables","Matryoshka","Lee\u0027s Waffle","Tiny Chest","Juzu Bracelet","Lantern","Black Star","Centennial Puzzle","PreservedInsect","Ancient Tea Set","MutagenicStrength","Omamori","Toxic Egg 2","Ornamental Fan","War Paint","Vajra","DataDisk","Bronze Scales","Astrolabe","Red Mask","Shovel","Bag of Marbles","Blood Vial","Bottled Lightning","MawBank","Happy Flower","Regal Pillow","Bottled Flame","Runic Capacitor","Boot","FossilizedHelix"],"potions_floor_usage":[50,50,55],"damage_taken":[{"damage":0.0,"enemies":"2 Louse","floor":1.0,"turns":1.0},{"damage":0.0,"enemies":"Cultist","floor":3.0,"turns":1.0},{"damage":0.0,"enemies":"Gremlin Nob","floor":6.0,"turns":1.0},{"damage":3.0,"enemies":"Small Slimes","floor":8.0,"turns":3.0},{"damage":19.0,"enemies":"Lagavulin","floor":11.0,"turns":5.0},{"damage":5.0,"enemies":"Gremlin Nob","floor":13.0,"turns":3.0},{"damage":37.0,"enemies":"Hexaghost","floor":16.0,"turns":6.0},{"damage":44.0,"enemies":"2 Thieves","floor":18.0,"turns":3.0},{"damage":0.0,"enemies":"Gremlin Leader","floor":23.0,"turns":3.0},{"damage":4.0,"enemies":"Slavers","floor":25.0,"turns":3.0},{"damage":1.0,"enemies":"Chosen","floor":27.0,"turns":4.0},{"damage":8.0,"enemies":"Gremlin Leader","floor":29.0,"turns":4.0},{"damage":19.0,"enemies":"Centurion and Healer","floor":30.0,"turns":2.0},{"damage":31.0,"enemies":"Collector","floor":33.0,"turns":5.0},{"damage":0.0,"enemies":"Orb Walker","floor":35.0,"turns":2.0},{"damage":22.0,"enemies":"3 Darklings","floor":37.0,"turns":2.0},{"damage":46.0,"enemies":"2 Orb Walkers","floor":39.0,"turns":5.0},{"damage":29.0,"enemies":"Reptomancer","floor":40.0,"turns":5.0},{"damage":11.0,"enemies":"Giant Head","floor":44.0,"turns":9.0},{"damage":6.0,"enemies":"Jaw Worm Horde","floor":45.0,"turns":3.0},{"damage":0.0,"enemies":"Reptomancer","floor":48.0,"turns":4.0},{"damage":46,"enemies":"Donu and Deca","floor":50,"turns":8},{"damage":34,"enemies":"Shield and Spear","floor":54,"turns":3},{"damage":51,"enemies":"The Heart","floor":55,"turns":3}],"seed_played":"-175000087629555397","potions_obtained":[{"floor":1.0,"key":"Explosive Potion"},{"floor":11.0,"key":"SpeedPotion"},{"floor":23.0,"key":"Dexterity Potion"},{"floor":27.0,"key":"FairyPotion"},{"floor":30.0,"key":"SkillPotion"},{"floor":33.0,"key":"Fire Potion"},{"floor":35.0,"key":"FairyPotion"},{"floor":40.0,"key":"Weak Potion"},{"floor":48,"key":"SkillPotion"}],"is_trial":false,"path_per_floor":["M","?","M","$","?","E","R","M","T","R","E","$","E","T","R","B",null,"M","T","$","$","?","E","R","E","T","M","R","E","M","?","R","B",null,"M","$","M","?","?","E","R","$","T","E","M","?","R","E","R","B",null,"R","$","E","B"],"character_chosen":"DEFECT","items_purchased":["Ball Lightning","Stack","Lee\u0027s Waffle","Capacitor","Ancient Tea Set","FTL","Swift Potion","Runic Capacitor"],"campfire_rested":4,"item_purchase_floors":[4,4,12,20,20,36,42,53],"current_hp_per_floor":[75,75,75,75,75,75,75,72,72,72,53,82,77,77,77,40,82,38,38,38,38,38,38,62,58,58,57,57,49,30,30,54,23,82,82,82,60,60,14,8,32,32,32,23,19,19,43,45,45,1,82,82,82,48,0],"gold":37,"neow_bonus":"THREE_ENEMY_KILL","is_prod":false,"is_daily":false,"chose_seed":false,"campfire_upgraded":4,"win_rate":0,"timestamp":1563561911,"path_taken":["M","?","?","?","?","E","R","?","T","R","E","$","E","?","R","BOSS","M","?","?","$","?","E","R","E","T","M","R","E","M","?","R","BOSS","M","$","M","?","?","E","R","$","T","E","M","?","R","E","R","BOSS","R","$","E","BOSS"],"build_version":"2019-07-17","purchased_purges":1,"victory":false,"max_hp_per_floor":[75,75,75,75,75,75,75,75,75,75,75,82,82,82,82,82,82,82,82,82,82,82,82,82,82,82,82,82,82,82,82,82,82,82,82,82,82,82,82,82,82,82,82,82,82,82,82,82,82,82,82,82,82,82,82],"card_choices":[{"not_picked":["White Noise","Turbo"],"picked":"Auto Shields","floor":1.0},{"not_picked":["Redo","Turbo","White Noise"],"picked":"SKIP","floor":3.0},{"not_picked":["Redo","Turbo"],"picked":"White Noise","floor":3.0},{"not_picked":["Streamline","Skim"],"picked":"Doom and Gloom","floor":6.0},{"not_picked":["Gash","Lockon"],"picked":"Compile Driver","floor":8.0},{"not_picked":["Barrage","Stack"],"picked":"Compile Driver","floor":11.0},{"not_picked":["Scrape","Conserve Battery"],"picked":"Biased Cognition","floor":13.0},{"not_picked":["Biased Cognition","Hyperbeam"],"picked":"Electrodynamics","floor":16.0},{"not_picked":["Stack","Gash"],"picked":"Cold Snap","floor":18.0},{"not_picked":["Machine Learning","Stack"],"picked":"Steam","floor":23.0},{"not_picked":["Streamline","Self Repair"],"picked":"Undo+1","floor":25.0},{"not_picked":["Redo+1","Static Discharge+1"],"picked":"White Noise+1","floor":27.0},{"not_picked":["Double Energy+1","Amplify+1"],"picked":"All For One","floor":29.0},{"not_picked":["Sweeping Beam","Chaos+1"],"picked":"Glacier+1","floor":30.0},{"not_picked":["Electrodynamics","All For One"],"picked":"Core Surge","floor":33.0},{"not_picked":["Genetic Algorithm+1","Rebound+1"],"picked":"Redo+1","floor":35.0},{"not_picked":["Aggregate+1","Rip and Tear"],"picked":"Hologram+1","floor":37.0},{"not_picked":["Streamline","Turbo+1"],"picked":"Barrage+1","floor":39.0},{"not_picked":["Cold Snap+1","Barrage+1"],"picked":"Conserve Battery+1","floor":40.0},{"not_picked":["Hologram+1","Reprogram+1"],"picked":"Biased Cognition","floor":44.0},{"not_picked":["BootSequence+1","Hologram+1","Coolheaded+1"],"picked":"SKIP","floor":45.0},{"not_picked":["Impatience+1","Secret Technique+1"],"picked":"Apotheosis+1","floor":46.0},{"not_picked":["Go for the Eyes","Auto Shields+1"],"picked":"Skim+1","floor":48},{"not_picked":["Storm+1","Beam Cell+1"],"picked":"Undo+1","floor":54}],"player_experience":223454,"relics_obtained":[{"floor":6.0,"key":"Pen Nib"},{"floor":9.0,"key":"Cables"},{"floor":11.0,"key":"Matryoshka"},{"floor":13.0,"key":"Tiny Chest"},{"floor":14.0,"key":"Juzu Bracelet"},{"floor":14.0,"key":"Lantern"},{"floor":19.0,"key":"Centennial Puzzle"},{"floor":19.0,"key":"PreservedInsect"},{"floor":23.0,"key":"Omamori"},{"floor":23.0,"key":"Toxic Egg 2"},{"floor":25.0,"key":"Ornamental Fan"},{"floor":25.0,"key":"War Paint"},{"floor":26.0,"key":"Vajra"},{"floor":29.0,"key":"DataDisk"},{"floor":29.0,"key":"Bronze Scales"},{"floor":39.0,"key":"Shovel"},{"floor":40.0,"key":"Bag of Marbles"},{"floor":40.0,"key":"Blood Vial"},{"floor":44.0,"key":"Bottled Lightning"},{"floor":44.0,"key":"MawBank"},{"floor":48,"key":"Happy Flower"},{"floor":48,"key":"Regal Pillow"},{"floor":52,"key":"Bottled Flame"},{"floor":54,"key":"Boot"},{"floor":54,"key":"FossilizedHelix"}],"event_choices":[{"damage_healed":0.0,"max_hp_gain":0.0,"max_hp_loss":0.0,"gold_gain":0.0,"event_name":"Accursed Blacksmith","player_choice":"Forge","floor":2.0,"gold_loss":0.0,"damage_taken":0.0,"cards_upgraded":["Zap"]},{"damage_healed":0.0,"max_hp_gain":0.0,"max_hp_loss":0.0,"gold_gain":0.0,"event_name":"Upgrade Shrine","player_choice":"Upgraded","floor":5.0,"gold_loss":0.0,"damage_taken":0.0,"cards_upgraded":["Ball Lightning"]},{"damage_healed":0.0,"max_hp_gain":0.0,"max_hp_loss":0.0,"gold_gain":0.0,"event_name":"Drug Dealer","player_choice":"Inject Mutagens","floor":22.0,"gold_loss":0.0,"damage_taken":0.0,"relics_obtained":["MutagenicStrength"]},{"damage_healed":0.0,"max_hp_gain":0.0,"max_hp_loss":0.0,"gold_gain":0.0,"event_name":"Back to Basics","player_choice":"Simplicity","floor":31.0,"gold_loss":0.0,"damage_taken":0.0,"cards_upgraded":["Strike_B","Strike_B","Strike_B","Strike_B","Defend_B","Defend_B"]},{"damage_healed":0.0,"max_hp_gain":0.0,"max_hp_loss":0.0,"gold_gain":0.0,"event_name":"Tomb of Lord Red Mask","player_choice":"Paid","floor":38.0,"gold_loss":154.0,"damage_taken":0.0,"relics_obtained":["Red Mask"]},{"damage_healed":0.0,"max_hp_gain":0.0,"max_hp_loss":0.0,"gold_gain":0.0,"event_name":"Mysterious Sphere","player_choice":"Fight","floor":39.0,"gold_loss":0.0,"damage_taken":0.0},{"damage_healed":0.0,"max_hp_gain":0.0,"max_hp_loss":0.0,"gold_gain":0.0,"event_name":"SensoryStone","player_choice":"Memory 1","floor":46.0,"gold_loss":0.0,"damage_taken":0.0}],"is_beta":false,"boss_relics":[{"not_picked":["Nuclear Battery","Cursed Key"],"picked":"Black Star"},{"not_picked":["Snecko Eye","Sozu"],"picked":"Astrolabe"}],"items_purged_floors":[36],"is_endless":false,"potions_floor_spawned":[1,11,23,27,30,33,35,40,48],"killed_by":"The Heart","ascension_level":4}