{"gold_per_floor":[17,37,112,112,42,42,57,57,57,72,49,75,88,104,104,207,207,224,224,241,23,33,66,79,79,79,79,95,107,119,130,130,232,232,245,257,257,81,92,92,17,17],"floor_reached":42,"playtime":6734,"items_purged":["Strike_R","Defend_R"],"score":424,"play_id":"7a3e907a-c446-4f3e-8679-4fc152441903","local_time":"20190716213619","is_ascension_mode":false,"campfire_choices":[{"floor":6.0,"key":"REST"},{"data":"Anger","floor":8.0,"key":"SMITH"},{"data":"Warcry","floor":15.0,"key":"SMITH"},{"floor":27,"key":"REST"},{"floor":32,"key":"REST"},{"floor":40,"key":"REST"}],"neow_cost":"NO_GOLD","seed_source_timestamp":0,"circlet_count":0,"master_deck":["Strike_R","Strike_R","Strike_R","Defend_R","Defend_R","Defend_R+1","Bash+1","Anger+1","Clothesline","Metallicize","Flex","Impervious","Warcry+1","Disarm","Shrug It Off","Sever Soul","Juggernaut","Sword Boomerang+1","Cleave","Pommel Strike+1","Bloodletting+1","Seeing Red","Battle Trance","Barricade","Pommel Strike+1","Second Wind","Metallicize","Iron Wave+1","Fire Breathing"],"special_seed":0,"relics":["Burning Blood","Magic Flower","Shuriken","Red Skull","PreservedInsect","Darkstone Periapt","Bag of Marbles","White Beast Statue"],"potions_floor_usage":[29,33,33,39,39,39,42],"damage_taken":[{"damage":5.0,"enemies":"Small Slimes","floor":1.0,"turns":3.0},{"damage":6.0,"enemies":"Jaw Worm","floor":2.0,"turns":3.0},{"damage":0.0,"enemies":"2 Louse","floor":7.0,"turns":2.0},{"damage":3.0,"enemies":"Large Slime","floor":10.0,"turns":7.0},{"damage":12.0,"enemies":"Gremlin Nob","floor":12.0,"turns":4.0},{"damage":4.0,"enemies":"Exordium Thugs","floor":13.0,"turns":3.0},{"damage":6.0,"enemies":"Red Slaver","floor":14.0,"turns":4.0},{"damage":9.0,"enemies":"Hexaghost","floor":16.0,"turns":11.0},{"damage":25,"enemies":"Spheric Guardian","floor":18,"turns":5},{"damage":16,"enemies":"Shell Parasite","floor":20,"turns":6},{"damage":13,"enemies":"Snecko","floor":22,"turns":5},{"damage":29,"enemies":"Gremlin Leader","floor":23,"turns":4},{"damage":0,"enemies":"Snake Plant","floor":24,"turns":2},{"damage":18,"enemies":"Cultist and Chosen","floor":28,"turns":7},{"damage":28,"enemies":"3 Cultists","floor":29,"turns":5},{"damage":22,"enemies":"Snake Plant","floor":30,"turns":4},{"damage":7,"enemies":"Snecko","floor":31,"turns":4},{"damage":56,"enemies":"Champ","floor":33,"turns":10},{"damage":15,"enemies":"Orb Walker","floor":35,"turns":4},{"damage":33,"enemies":"3 Shapes","floor":36,"turns":6},{"damage":28,"enemies":"Transient","floor":39,"turns":5},{"damage":69,"enemies":"Giant Head","floor":42,"turns":7}],"seed_played":"-6275990705516483873","potions_obtained":[{"floor":1.0,"key":"GamblersBrew"},{"floor":13.0,"key":"FairyPotion"},{"floor":14.0,"key":"Fire Potion"},{"floor":30,"key":"Fire Potion"},{"floor":35,"key":"SpeedPotion"},{"floor":36,"key":"SkillPotion"},{"floor":37,"key":"Fire Potion"},{"floor":39,"key":"SpeedPotion"}],"is_trial":false,"path_per_floor":["M","M","?","?","$","R","M","R","T","M","$","E","M","M","R","B",null,"M","?","M","$","M","E","M","$","T","R","M","M","M","M","R","B",null,"M","M","?","$","M","R","$","E"],"character_chosen":"IRONCLAD","items_purchased":["Metallicize","Warcry","PreservedInsect","Metallicize","Fire Breathing"],"campfire_rested":4,"item_purchase_floors":[5,11,21,38,41],"current_hp_per_floor":[80,80,69,53,53,77,80,80,80,80,80,77,80,80,80,80,80,64,64,57,57,53,33,42,42,42,66,57,38,25,27,51,21,80,74,50,50,50,31,55,55,0],"gold":17,"neow_bonus":"ONE_RARE_RELIC","is_prod":false,"is_daily":false,"chose_seed":false,"campfire_upgraded":2,"win_rate":0.0,"timestamp":1563327379,"path_taken":["M","M","?","?","$","R","M","R","T","M","$","E","M","M","R","BOSS","M","?","M","$","M","E","M","$","T","R","M","M","M","M","R","BOSS","M","M","?","$","M","R","?","E"],"build_version":"2019-06-28","purchased_purges":2,"victory":false,"max_hp_per_floor":[80,80,80,80,80,80,80,80,80,80,80,80,80,80,80,80,80,80,80,80,80,80,80,80,80,80,80,80,80,80,80,80,80,80,80,80,80,80,80,80,80,80],"card_choices":[{"not_picked":["Combust","True Grit"],"picked":"Anger","floor":1.0},{"not_picked":["Sword Boomerang","Second Wind"],"picked":"Clothesline","floor":2.0},{"not_picked":["Thunderclap","Sword Boomerang"],"picked":"Flex","floor":7.0},{"not_picked":["Thunderclap","Shrug It Off"],"picked":"Impervious","floor":10.0},{"not_picked":["Twin Strike","Dropkick"],"picked":"Disarm","floor":12.0},{"not_picked":["Disarm","Uppercut"],"picked":"Shrug It Off","floor":13.0},{"not_picked":["Iron Wave","Clash"],"picked":"Sever Soul","floor":14.0},{"not_picked":["Berserk","Brutality"],"picked":"Juggernaut","floor":16.0},{"not_picked":["Shrug It Off","Thunderclap"],"picked":"Sword Boomerang+1","floor":18},{"not_picked":["Feel No Pain","Clash+1"],"picked":"Cleave","floor":20},{"not_picked":["Blood for Blood","Ghostly Armor"],"picked":"Pommel Strike+1","floor":22},{"not_picked":["Anger+1","Corruption","Perfected Strike+1"],"picked":"SKIP","floor":23},{"not_picked":["True Grit","Reckless Charge"],"picked":"Bloodletting+1","floor":24},{"not_picked":["Uppercut","Perfected Strike","Combust"],"picked":"SKIP","floor":28},{"not_picked":["Pummel","Bloodletting"],"picked":"Seeing Red","floor":29},{"not_picked":["Thunderclap","Clash","Twin Strike"],"picked":"SKIP","floor":30},{"not_picked":["Ghostly Armor","Clash"],"picked":"Battle Trance","floor":31},{"not_picked":["Dark Embrace","Fiend Fire"],"picked":"Barricade","floor":33},{"not_picked":["Shockwave+1","Disarm+1"],"picked":"Pommel Strike+1","floor":35},{"not_picked":["Thunderclap+1","Shrug It Off"],"picked":"Second Wind","floor":36},{"not_picked":["Hemokinesis+1","Battle Trance"],"picked":"Iron Wave+1","floor":39}],"player_experience":3097,"relics_obtained":[{"floor":9.0,"key":"Shuriken"},{"floor":12.0,"key":"Red Skull"},{"floor":23,"key":"Darkstone Periapt"},{"floor":26,"key":"Bag of Marbles"}],"event_choices":[{"damage_healed":0.0,"max_hp_gain":0.0,"max_hp_loss":0.0,"gold_gain":75.0,"event_name":"World of Goop","player_choice":"Gather Gold","floor":3.0,"gold_loss":0.0,"damage_taken":11.0},{"damage_healed":0.0,"max_hp_gain":0.0,"max_hp_loss":0.0,"gold_gain":0.0,"event_name":"Shining Light","player_choice":"Entered Light","floor":4.0,"gold_loss":0.0,"damage_taken":16.0,"cards_upgraded":["Bash","Defend_R"]},{"cards_removed":["Strike_R"],"damage_healed":0,"gold_gain":0,"player_choice":"Elegance","damage_taken":0,"max_hp_gain":0,"max_hp_loss":0,"event_name":"Back to Basics","floor":19,"gold_loss":0},{"damage_healed":0,"gold_gain":0,"player_choice":"Got Potions","damage_taken":0,"max_hp_gain":0,"max_hp_loss":0,"event_name":"Lab","floor":37,"gold_loss":0}],"is_beta":true,"boss_relics":[{"not_picked":["Runic Dome","Ectoplasm","Snecko Eye"]},{"not_picked":["Sozu","Cursed Key"],"picked":"White Beast Statue"}],"items_purged_floors":[21,38],"is_endless":false,"potions_floor_spawned":[1,13,14,18,23,24,30,35,36,39],"killed_by":"Giant Head","ascension_level":0}