{"gold_per_floor":[119,119,44,44,44,44,76,92,122,138,148,159,178,196,196,291,291,311,168,187,204,218,218,233,233,233,250,250,273,290,340,340,340],"floor_reached":33,"playtime":3124,"items_purged":["Regret"],"score":406,"play_id":"65759482-07aa-49c8-b651-df2510fd0321","local_time":"20190719124734","is_ascension_mode":true,"campfire_choices":[{"data":"Neutralize","floor":6,"key":"SMITH"},{"floor":15,"key":"REST"},{"floor":23,"key":"REST"},{"floor":25,"key":"REST"},{"floor":32,"key":"REST"}],"neow_cost":"NONE","seed_source_timestamp":0,"circlet_count":0,"master_deck":["Strike_G","Strike_G","Strike_G","Strike_G","Defend_G","Defend_G","Defend_G","Defend_G+1","Defend_G+1","Survivor","Neutralize+1","Flying Knee","Footwork","Flying Knee","Poisoned Stab","Well Laid Plans","Adrenaline","Terror+1","Backflip+1","Dodge and Roll+1","Caltrops"],"special_seed":0,"relics":["Ring of the Snake","Lantern","StoneCalendar","Happy Flower","Tiny Chest","Eternal Feather","War Paint","Blood Vial","Dream Catcher","Vajra"],"potions_floor_usage":[16,16,16,18,21,24],"damage_taken":[{"damage":1,"enemies":"2 Louse","floor":1,"turns":4},{"damage":30,"enemies":"Gremlin Nob","floor":7,"turns":5},{"damage":0,"enemies":"Small Slimes","floor":8,"turns":4},{"damage":0,"enemies":"Jaw Worm","floor":10,"turns":4},{"damage":0,"enemies":"Large Slime","floor":11,"turns":6},{"damage":0,"enemies":"Blue Slaver","floor":12,"turns":3},{"damage":0,"enemies":"2 Fungi Beasts","floor":13,"turns":3},{"damage":1,"enemies":"Red Slaver","floor":14,"turns":3},{"damage":19,"enemies":"Hexaghost","floor":16,"turns":9},{"damage":1,"enemies":"Chosen","floor":18,"turns":5},{"damage":12,"enemies":"3 Byrds","floor":20,"turns":6},{"damage":43,"enemies":"3 Cultists","floor":21,"turns":7},{"damage":2,"enemies":"Cultist and Chosen","floor":22,"turns":7},{"damage":17,"enemies":"Centurion and Healer","floor":24,"turns":7},{"damage":12,"enemies":"Snake Plant","floor":27,"turns":6},{"damage":32,"enemies":"3 Cultists","floor":30,"turns":7},{"damage":59,"enemies":"Champ","floor":33,"turns":12}],"seed_played":"-2678824200842246658","potions_obtained":[{"floor":7,"key":"Strength Potion"},{"floor":11,"key":"Swift Potion"},{"floor":14,"key":"Strength Potion"},{"floor":16,"key":"Explosive Potion"},{"floor":18,"key":"FearPotion"},{"floor":22,"key":"Explosive Potion"}],"is_trial":false,"path_per_floor":["M","?","$","?","?","R","E","M","T","M","M","M","M","M","R","B",null,"M","$","M","M","M","R","M","R","T","M","?","T","M","T","R","B"],"character_chosen":"THE_SILENT","items_purchased":["War Paint"],"campfire_rested":4,"item_purchase_floors":[19],"current_hp_per_floor":[76,76,76,69,62,62,32,32,32,32,32,32,32,31,54,35,77,76,76,64,21,19,51,34,66,66,56,42,42,12,12,48,0],"gold":340,"neow_bonus":"TEN_PERCENT_HP_BONUS","is_prod":false,"is_daily":false,"chose_seed":false,"campfire_upgraded":1,"win_rate":0,"timestamp":1563536854,"path_taken":["M","?","$","?","?","R","E","M","T","M","M","M","?","M","R","BOSS","M","$","M","M","M","R","M","R","T","M","?","?","M","?","R","BOSS"],"build_version":"2019-07-17","purchased_purges":1,"victory":false,"max_hp_per_floor":[77,77,77,77,77,77,77,77,77,77,77,77,77,77,77,77,77,77,77,77,77,77,77,77,77,77,77,82,82,82,82,82,82],"card_choices":[{"not_picked":["Sucker Punch","Cloak And Dagger"],"picked":"Flying Knee","floor":1},{"not_picked":["Deadly Poison","Predator","Endless Agony"],"picked":"SKIP","floor":7},{"not_picked":["Terror","Blade Dance"],"picked":"Footwork","floor":8},{"not_picked":["Slice","Catalyst"],"picked":"Flying Knee","floor":10},{"not_picked":["Blade Dance","Flying Knee","Underhanded Strike"],"picked":"SKIP","floor":11},{"not_picked":["Catalyst","Masterful Stab"],"picked":"Poisoned Stab","floor":12},{"not_picked":["PiercingWail","Dash","Masterful Stab"],"picked":"SKIP","floor":13},{"not_picked":["Caltrops","Bane"],"picked":"Well Laid Plans","floor":14},{"not_picked":["Glass Knife","After Image"],"picked":"Adrenaline","floor":16},{"not_picked":["Masterful Stab+1","Bouncing Flask+1"],"picked":"Terror+1","floor":18},{"not_picked":["Dagger Throw+1","Flechettes+1","Flying Knee"],"picked":"SKIP","floor":20},{"not_picked":["Expertise","Choke","Bane"],"picked":"SKIP","floor":21},{"not_picked":["Deadly Poison","Deflect"],"picked":"Backflip+1","floor":22},{"not_picked":["Deflect","Sucker Punch","Flechettes"],"picked":"SKIP","floor":24},{"not_picked":["Tactician","Prepared","Eviscerate"],"picked":"SKIP","floor":27},{"not_picked":["Prepared","Accuracy"],"picked":"Dodge and Roll+1","floor":30},{"not_picked":["Endless Agony+1","Storm of Steel"],"picked":"Caltrops","floor":32}],"player_experience":476343,"relics_obtained":[{"floor":7,"key":"Happy Flower"},{"floor":9,"key":"Tiny Chest"},{"floor":26,"key":"Blood Vial"},{"floor":29,"key":"Dream Catcher"},{"floor":31,"key":"Vajra"}],"event_choices":[{"damage_healed":0,"gold_gain":0,"player_choice":"Box","damage_taken":0,"relics_obtained":["Lantern"],"max_hp_gain":0,"max_hp_loss":0,"event_name":"Big Fish","floor":2,"gold_loss":0,"cards_obtained":["Regret"]},{"cards_removed":["Strike_G"],"damage_healed":0,"gold_gain":0,"player_choice":"Card Removal","damage_taken":7,"max_hp_gain":0,"max_hp_loss":0,"event_name":"Golden Wing","floor":4,"gold_loss":0},{"damage_healed":0,"gold_gain":0,"player_choice":"Success","damage_taken":7,"relics_obtained":["StoneCalendar"],"max_hp_gain":0,"max_hp_loss":0,"event_name":"Scrap Ooze","floor":5,"gold_loss":0},{"damage_healed":0,"gold_gain":0,"player_choice":"Shed Blood","damage_taken":19,"max_hp_gain":5,"max_hp_loss":0,"event_name":"Forgotten Altar","floor":28,"gold_loss":0}],"is_beta":false,"boss_relics":[{"not_picked":["White Beast Statue","HoveringKite"],"picked":"Eternal Feather"}],"items_purged_floors":[3],"is_endless":false,"potions_floor_spawned":[7,11,14,16,18,22],"killed_by":"Champ","ascension_level":3}