{"gold_per_floor":[117,117,13,23,96,128,128,155,155,166,199,210,210,210,210,306,306,288,288,288,303,303,303,316,348,373,373,389,409,409],"floor_reached":30,"playtime":2027,"items_purged":[],"score":284,"play_id":"bc4e5b3f-6dc6-409d-a50d-53e906884c0e","local_time":"20190712200840","is_ascension_mode":true,"campfire_choices":[{"data":"Bash","floor":7.0,"key":"SMITH"},{"data":"Inflame","floor":13.0,"key":"SMITH"},{"data":"Shrug It Off","floor":15.0,"key":"SMITH"},{"floor":23.0,"key":"REST"},{"floor":27,"key":"REST"}],"neow_cost":"NONE","seed_source_timestamp":205373159619172,"circlet_count":0,"master_deck":["Strike_R","Strike_R","Strike_R","Strike_R","Defend_R","Defend_R","Defend_R","Defend_R","Bash+1","True Grit","Battle Trance","Heavy Blade","Spot Weakness","Shrug It Off+1","Inflame+1","Shrug It Off","Reaper","Perfected Strike+1","J.A.X.","Flame Barrier","Inflame","Cleave","Flame Barrier","Clothesline"],"special_seed":0,"relics":["Burning Blood","Bronze Scales","Sundial","Potion Belt","Black Star","WingedGreaves","Happy Flower","Oddly Smooth Stone"],"potions_floor_usage":[25,25,25,29],"damage_taken":[{"damage":0.0,"enemies":"Small Slimes","floor":1.0,"turns":3.0},{"damage":1.0,"enemies":"Cultist","floor":4.0,"turns":4.0},{"damage":24.0,"enemies":"Gremlin Nob","floor":6.0,"turns":5.0},{"damage":3.0,"enemies":"2 Louse","floor":10.0,"turns":2.0},{"damage":24.0,"enemies":"3 Sentries","floor":11.0,"turns":11.0},{"damage":4.0,"enemies":"Looter","floor":12.0,"turns":3.0},{"damage":24.0,"enemies":"The Guardian","floor":16.0,"turns":8.0},{"damage":33.0,"enemies":"2 Thieves","floor":18.0,"turns":4.0},{"damage":26.0,"enemies":"Spheric Guardian","floor":21.0,"turns":4.0},{"damage":59.0,"enemies":"Centurion and Healer","floor":24.0,"turns":8.0},{"damage":36,"enemies":"Slavers","floor":25,"turns":6},{"damage":52,"enemies":"Shelled Parasite and Fungi","floor":28,"turns":6},{"damage":29,"enemies":"3 Cultists","floor":29,"turns":6},{"damage":17,"enemies":"Gremlin Leader","floor":30,"turns":3}],"seed_played":"-1662834476509752641","potions_obtained":[{"floor":6.0,"key":"Poison Potion"},{"floor":10.0,"key":"Dexterity Potion"},{"floor":11.0,"key":"SkillPotion"},{"floor":21.0,"key":"Energy Potion"},{"floor":22.0,"key":"Fire Potion"},{"floor":22.0,"key":"LiquidBronze"},{"floor":22.0,"key":"Energy Potion"},{"floor":28,"key":"Strength Potion"}],"is_trial":false,"path_per_floor":["M","?","$","M","?","E","R","T","T","M","E","M","R","?","R","B",null,"M","?","?","M","?","R","M","E","T","R","M","M","E"],"character_chosen":"IRONCLAD","items_purchased":["Battle Trance","Heavy Blade"],"campfire_rested":2,"item_purchase_floors":[3,3],"current_hp_per_floor":[88,88,88,88,88,70,70,70,70,73,55,57,57,57,57,39,88,71,71,71,56,56,82,46,30,30,56,19,14,0],"gold":409,"neow_bonus":"TEN_PERCENT_HP_BONUS","is_prod":false,"is_daily":false,"chose_seed":false,"campfire_upgraded":3,"win_rate":0,"timestamp":1562976520,"path_taken":["M","?","?","M","?","E","R","?","T","?","E","M","R","?","R","BOSS","M","?","?","M","?","R","?","E","T","R","?","M","E"],"build_version":"2019-07-05","purchased_purges":0,"victory":false,"max_hp_per_floor":[88,88,88,88,88,88,88,88,88,88,88,88,88,88,88,88,88,88,88,88,88,88,88,88,88,88,88,88,88,88],"card_choices":[{"not_picked":["Headbutt","Feel No Pain"],"picked":"True Grit","floor":1.0},{"not_picked":["Clash","Thunderclap","Sentinel"],"picked":"SKIP","floor":4.0},{"not_picked":["Clash","Clothesline"],"picked":"Spot Weakness","floor":6.0},{"not_picked":["Clothesline","Sever Soul"],"picked":"Shrug It Off","floor":10.0},{"not_picked":["Whirlwind","Warcry"],"picked":"Inflame","floor":11.0},{"not_picked":["Havoc","Headbutt"],"picked":"Shrug It Off","floor":12.0},{"not_picked":["Double Tap","Fiend Fire"],"picked":"Reaper","floor":16.0},{"not_picked":["Rage","Clash+1"],"picked":"Perfected Strike+1","floor":18.0},{"not_picked":["Havoc","Entrench"],"picked":"Inflame","floor":21.0},{"not_picked":["Pommel Strike","Twin Strike"],"picked":"Cleave","floor":24.0},{"not_picked":["Clash","Sentinel","Inflame"],"picked":"SKIP","floor":25},{"not_picked":["Spot Weakness","Havoc"],"picked":"Flame Barrier","floor":28},{"not_picked":["True Grit","Warcry"],"picked":"Clothesline","floor":29}],"player_experience":110218,"relics_obtained":[{"floor":6.0,"key":"Bronze Scales"},{"floor":9.0,"key":"Sundial"},{"floor":11.0,"key":"Potion Belt"},{"floor":25,"key":"WingedGreaves"},{"floor":25,"key":"Happy Flower"},{"floor":26,"key":"Oddly Smooth Stone"}],"event_choices":[{"cards_removed":["Strike_R"],"damage_healed":0.0,"max_hp_gain":0.0,"max_hp_loss":0.0,"gold_gain":0.0,"event_name":"Bonfire Elementals","player_choice":"Offered Basic","floor":2.0,"gold_loss":0.0,"damage_taken":0.0},{"damage_healed":0.0,"max_hp_gain":0.0,"max_hp_loss":0.0,"gold_gain":73.0,"event_name":"Golden Wing","player_choice":"Gained Gold","floor":5.0,"gold_loss":0.0,"damage_taken":0.0},{"damage_healed":0.0,"max_hp_gain":0.0,"max_hp_loss":0.0,"gold_gain":0.0,"event_name":"Liars Game","player_choice":"Ignored","floor":14.0,"gold_loss":0.0,"damage_taken":0.0},{"damage_healed":0.0,"max_hp_gain":0.0,"max_hp_loss":0.0,"gold_gain":0.0,"event_name":"Drug Dealer","player_choice":"Obtain J.A.X.","floor":19.0,"gold_loss":0.0,"damage_taken":0.0,"cards_obtained":["J.A.X."]},{"damage_healed":0.0,"max_hp_gain":0.0,"max_hp_loss":0.0,"gold_gain":0.0,"event_name":"The Library","player_choice":"Read","floor":20.0,"gold_loss":0.0,"damage_taken":0.0,"cards_obtained":["Flame Barrier"]},{"damage_healed":0.0,"max_hp_gain":0.0,"max_hp_loss":0.0,"gold_gain":0.0,"event_name":"Lab","player_choice":"Got Potions","floor":22.0,"gold_loss":0.0,"damage_taken":0.0}],"is_beta":false,"boss_relics":[{"not_picked":["Lizard Tail","Black Blood"],"picked":"Black Star"}],"items_purged_floors":[],"is_endless":false,"potions_floor_spawned":[6,10,11,21,28],"killed_by":"Gremlin Leader","ascension_level":2}