{"gold_per_floor":[209,227,242,261,271,303,378,343,369,387,421,440,25,39,39,137,137,147,147,165,177,157,192,192,219,219,219,219,219,234,251,251,356,356,373,373,373,373,373],"floor_reached":39,"playtime":1978,"items_purged":[],"score":480,"play_id":"5b128782-9599-4b08-9868-33047655816c","local_time":"20190721045259","is_ascension_mode":true,"campfire_choices":[{"data":"Terror","floor":15.0,"key":"SMITH"},{"floor":32,"key":"REST"}],"neow_cost":"NONE","seed_source_timestamp":0,"circlet_count":0,"master_deck":["Strike_G","Strike_G","Defend_G","Defend_G+1","Defend_G","Defend_G","Defend_G","Survivor","Neutralize","Outmaneuver","Reflex","Flying Knee","PiercingWail+1","All Out Attack","Dash","Dash","Well Laid Plans","Terror+1","Footwork","Blade Dance","Dodge and Roll","Leg Sweep","Glass Knife+1","Cloak And Dagger+1","Finisher+1","Blade Dance+1","Predator+1","Leg Sweep+1","Heel Hook+1","Dagger Spray+1","Malaise","Dagger Spray+1","Backflip","Blur","Tactician+1","Burst","Accuracy","Madness","Madness","Trip","Dark Shackles"],"special_seed":0,"relics":["Ring of the Snake","The Courier","PreservedInsect","Anchor","Membership Card","Blood Vial","Molten Egg 2","Astrolabe","War Paint","Kunai","Sozu"],"potions_floor_usage":[],"damage_taken":[{"damage":0.0,"enemies":"Small Slimes","floor":1.0,"turns":3.0},{"damage":3.0,"enemies":"Jaw Worm","floor":2.0,"turns":6.0},{"damage":2.0,"enemies":"Cultist","floor":3.0,"turns":5.0},{"damage":0.0,"enemies":"Blue Slaver","floor":4.0,"turns":5.0},{"damage":0.0,"enemies":"3 Louse","floor":5.0,"turns":7.0},{"damage":26.0,"enemies":"Lagavulin","floor":6.0,"turns":8.0},{"damage":12.0,"enemies":"Large Slime","floor":10.0,"turns":7.0},{"damage":14.0,"enemies":"Gremlin Nob","floor":11.0,"turns":4.0},{"damage":4.0,"enemies":"Exordium Wildlife","floor":12.0,"turns":6.0},{"damage":4.0,"enemies":"Lots of Slimes","floor":14.0,"turns":5.0},{"damage":14.0,"enemies":"Hexaghost","floor":16.0,"turns":12.0},{"damage":11.0,"enemies":"Spheric Guardian","floor":18.0,"turns":4.0},{"damage":8.0,"enemies":"2 Thieves","floor":20.0,"turns":4.0},{"damage":0.0,"enemies":"Snecko","floor":21.0,"turns":4.0},{"damage":5.0,"enemies":"Gremlin Leader","floor":23.0,"turns":5.0},{"damage":7,"enemies":"Book of Stabbing","floor":25,"turns":5},{"damage":3,"enemies":"Chosen and Byrds","floor":30,"turns":3},{"damage":7,"enemies":"Snake Plant","floor":31,"turns":4},{"damage":26,"enemies":"Collector","floor":33,"turns":13},{"damage":7,"enemies":"3 Shapes","floor":35,"turns":5},{"damage":0,"enemies":"Orb Walker","floor":39,"turns":3}],"seed_played":"9092864519539314820","potions_obtained":[{"floor":1.0,"key":"SteroidPotion"},{"floor":3.0,"key":"Block Potion"},{"floor":4.0,"key":"SkillPotion"},{"floor":14.0,"key":"Weak Potion"},{"floor":20.0,"key":"EssenceOfSteel"},{"floor":21.0,"key":"SmokeBomb"}],"is_trial":false,"path_per_floor":["M","M","M","M","M","E","?","?","T","M","E","M","$","M","R","B",null,"M","?","M","M","$","E","?","E","T","?","?","$","M","M","R","B",null,"M","?","?","?","M"],"character_chosen":"THE_SILENT","items_purchased":["Membership Card","Terror","Footwork","Blade Dance","Dodge and Roll","Blood Vial","Molten Egg 2","Dagger Spray+1"],"campfire_rested":1,"item_purchase_floors":[13,13,13,13,13,13,13,22],"current_hp_per_floor":[70,67,65,65,65,39,28,45,45,33,19,15,15,13,13,1,70,59,59,53,55,55,52,52,47,47,47,34,34,33,28,50,26,75,68,59,49,49,51],"gold":373,"neow_bonus":"HUNDRED_GOLD","is_prod":false,"is_daily":false,"chose_seed":false,"campfire_upgraded":1,"win_rate":0,"timestamp":1563652379,"path_taken":["M","M","M","M","M","E","?","?","T","M","E","M","$","M","R","BOSS","M","?","M","M","?","E","?","E","T","?","?","?","M","M","R","BOSS","M","?","?","?","?"],"build_version":"2019-07-17","purchased_purges":0,"victory":false,"max_hp_per_floor":[70,70,70,70,70,70,70,70,70,70,70,70,70,70,70,70,70,70,70,70,70,70,70,70,70,70,70,75,75,75,75,75,75,75,75,75,75,75,75],"card_choices":[{"not_picked":["Setup","Endless Agony"],"picked":"Outmaneuver","floor":1.0},{"not_picked":["Quick Slash","Setup"],"picked":"Reflex","floor":2.0},{"not_picked":["Slice","Bane"],"picked":"Flying Knee","floor":3.0},{"not_picked":["Slice","Infinite Blades"],"picked":"PiercingWail","floor":4.0},{"not_picked":["Blade Dance","Bane"],"picked":"All Out Attack","floor":5.0},{"not_picked":["Finisher","Escape Plan"],"picked":"Dash","floor":6.0},{"not_picked":["Slice","Underhanded Strike"],"picked":"Dash","floor":10.0},{"not_picked":["Dodge and Roll","Acrobatics"],"picked":"Well Laid Plans","floor":11.0},{"not_picked":["Wraith Form v2","Calculated Gamble"],"picked":"Dash","floor":12.0},{"not_picked":["Escape Plan","Crippling Poison"],"picked":"Leg Sweep","floor":14.0},{"not_picked":["A Thousand Cuts","Die Die Die+1"],"picked":"Glass Knife+1","floor":16.0},{"not_picked":["Well Laid Plans","Slice+1"],"picked":"Predator+1","floor":18.0},{"not_picked":["Sucker Punch+1","Reflex"],"picked":"Leg Sweep+1","floor":20.0},{"not_picked":["Slice+1","Infinite Blades"],"picked":"Heel Hook+1","floor":21.0},{"not_picked":["Flying Knee+1","Quick Slash+1"],"picked":"Malaise","floor":23},{"not_picked":["PiercingWail+1","Endless Agony+1"],"picked":"Dagger Spray+1","floor":25},{"not_picked":["Acrobatics","Flying Knee+1"],"picked":"Blur","floor":30},{"not_picked":["Backstab+1","A Thousand Cuts"],"picked":"Tactician+1","floor":31},{"not_picked":["Night Terror","Unload+1"],"picked":"Burst","floor":33},{"not_picked":["Slice+1","Outmaneuver"],"picked":"Accuracy","floor":35},{"not_picked":["Metamorphosis","Jack Of All Trades"],"picked":"Trip","floor":37},{"not_picked":["Purity","PanicButton"],"picked":"Dark Shackles","floor":37}],"player_experience":1032720,"relics_obtained":[{"floor":6.0,"key":"The Courier"},{"floor":9.0,"key":"PreservedInsect"},{"floor":11.0,"key":"Anchor"},{"floor":23,"key":"War Paint"},{"floor":25,"key":"Kunai"}],"event_choices":[{"damage_healed":0.0,"max_hp_gain":0.0,"max_hp_loss":0.0,"gold_gain":75.0,"event_name":"World of Goop","player_choice":"Gather Gold","floor":7.0,"gold_loss":0.0,"damage_taken":11.0},{"damage_healed":17.0,"max_hp_gain":0.0,"max_hp_loss":0.0,"gold_gain":0.0,"event_name":"The Cleric","player_choice":"Healed","floor":8.0,"gold_loss":35.0,"damage_taken":0.0},{"damage_healed":0.0,"max_hp_gain":0.0,"max_hp_loss":0.0,"gold_gain":0.0,"event_name":"NoteForYourself","player_choice":"Ignored","floor":19.0,"gold_loss":0.0,"damage_taken":0.0},{"damage_healed":0,"gold_gain":0,"player_choice":"Ignored","damage_taken":0,"max_hp_gain":0,"max_hp_loss":0,"event_name":"Beggar","floor":24,"gold_loss":0},{"damage_healed":0,"gold_gain":0,"player_choice":"Read","damage_taken":0,"max_hp_gain":0,"max_hp_loss":0,"event_name":"The Library","floor":27,"gold_loss":0,"cards_obtained":["Backflip"]},{"damage_healed":0,"gold_gain":0,"player_choice":"Shed Blood","damage_taken":18,"max_hp_gain":5,"max_hp_loss":0,"event_name":"Forgotten Altar","floor":28,"gold_loss":0},{"damage_healed":0,"gold_gain":0,"player_choice":"Embrace Madness","damage_taken":9,"max_hp_gain":0,"max_hp_loss":0,"event_name":"Winding Halls","floor":36,"gold_loss":0,"cards_obtained":["Madness","Madness"]},{"damage_healed":0,"gold_gain":0,"player_choice":"Memory 3","damage_taken":10,"max_hp_gain":0,"max_hp_loss":0,"event_name":"SensoryStone","floor":37,"gold_loss":0},{"cards_removed":["Dash"],"damage_healed":0,"gold_gain":0,"player_choice":"Removed Attack","damage_taken":0,"max_hp_gain":0,"max_hp_loss":0,"event_name":"Falling","floor":38,"gold_loss":0}],"is_beta":false,"boss_relics":[{"not_picked":["Empty Cage","Eternal Feather"],"picked":"Astrolabe"},{"not_picked":["Busted Crown","HoveringKite"],"picked":"Sozu"}],"items_purged_floors":[],"is_endless":false,"potions_floor_spawned":[1,3,4,14,20,21,30,35],"killed_by":"Orb Walker","ascension_level":1}