{"gold_per_floor":[20,20,20,20,36,36,36,36,84,103,117,141,141,182,182,311,311,329,74,74,98,111,111,36,36,36,135,158,176,190,88,88,88],"floor_reached":33,"playtime":5194,"items_purged":["Parasite","Strike_R"],"score":245,"play_id":"a830a18d-cd19-4abd-94a8-0b14a7ad0289","local_time":"20190720162459","is_ascension_mode":false,"campfire_choices":[{"data":"Clothesline","floor":6,"key":"SMITH"},{"data":"Bash","floor":8,"key":"SMITH"},{"floor":15,"key":"REST"},{"data":"Armaments","floor":23,"key":"SMITH"},{"data":"Flame Barrier","floor":25,"key":"SMITH"},{"floor":32,"key":"REST"}],"neow_cost":"NO_GOLD","seed_source_timestamp":924368933558911,"circlet_count":0,"master_deck":["Strike_R","Strike_R","Defend_R","Defend_R","Defend_R","Defend_R","Bash+1","Demon Form","Pommel Strike","Clothesline+1","Battle Trance","Anger","Infernal Blade","Bludgeon","Flame Barrier+1","Armaments+1","Iron Wave","Combust","Rupture+1","Reaper","Corruption","Ghostly Armor"],"relics":["Burning Blood","Golden Idol","Orichalcum","Strawberry","Smiling Mask","Centennial Puzzle","Orrery","ClockworkSouvenir","Bottled Tornado"],"potions_floor_usage":[16,21,29,30,33,33,33],"damage_taken":[{"damage":8,"enemies":"Small Slimes","floor":1,"turns":4},{"damage":5,"enemies":"Jaw Worm","floor":5,"turns":2},{"damage":0,"enemies":"2 Louse","floor":10,"turns":2},{"damage":17,"enemies":"Large Slime","floor":11,"turns":6},{"damage":28,"enemies":"3 Sentries","floor":14,"turns":9},{"damage":21,"enemies":"The Guardian","floor":16,"turns":10},{"damage":18,"enemies":"2 Thieves","floor":18,"turns":5},{"damage":15,"enemies":"3 Byrds","floor":21,"turns":6},{"damage":38,"enemies":"3 Cultists","floor":22,"turns":7},{"damage":15,"enemies":"Cultist and Chosen","floor":28,"turns":5},{"damage":8,"enemies":"Centurion and Healer","floor":29,"turns":6},{"damage":1,"enemies":"Shelled Parasite and Fungi","floor":30,"turns":3},{"damage":76,"enemies":"Collector","floor":33,"turns":7}],"seed_played":"-7316135461074006858","potions_obtained":[{"floor":1,"key":"FairyPotion"},{"floor":10,"key":"Ancient Potion"},{"floor":11,"key":"SpeedPotion"},{"floor":16,"key":"FearPotion"},{"floor":18,"key":"Energy Potion"},{"floor":22,"key":"FearPotion"},{"floor":30,"key":"SkillPotion"}],"is_trial":false,"path_per_floor":["M","?","?","?","M","R","$","R","T","M","M","T","?","E","R","B",null,"M","$","?","M","M","R","?","R","T","?","M","M","M","$","R","B"],"character_chosen":"IRONCLAD","items_purchased":["ClockworkSouvenir","Block Potion"],"campfire_rested":2,"item_purchase_floors":[19,31],"current_hp_per_floor":[78,58,40,33,34,34,34,34,41,47,36,36,57,35,61,46,87,75,75,75,72,48,48,48,48,48,48,39,37,42,42,67,0],"gold":88,"neow_bonus":"THREE_RARE_CARDS","is_prod":false,"is_daily":false,"chose_seed":false,"campfire_upgraded":4,"win_rate":0,"timestamp":1563654299,"path_taken":["M","?","?","?","M","R","$","R","T","M","?","?","?","E","R","BOSS","M","$","?","M","M","R","?","R","T","?","M","M","M","$","R","BOSS"],"build_version":"2019-06-28","purchased_purges":2,"victory":false,"max_hp_per_floor":[80,80,80,80,80,80,80,80,87,87,87,87,87,87,87,87,87,87,84,84,84,84,84,84,84,84,84,84,84,84,84,84,84],"card_choices":[{"not_picked":["Limit Break","Dark Embrace"],"picked":"Demon Form","floor":0},{"not_picked":["Power Through","Intimidate"],"picked":"Pommel Strike","floor":1},{"not_picked":["Heavy Blade","Flex"],"picked":"Clothesline","floor":5},{"not_picked":["Pummel","Sword Boomerang"],"picked":"Battle Trance","floor":10},{"not_picked":["Immolate","Heavy Blade"],"picked":"Anger","floor":11},{"not_picked":["Evolve","Burning Pact"],"picked":"Infernal Blade","floor":14},{"not_picked":["Juggernaut","Barricade"],"picked":"Bludgeon","floor":16},{"not_picked":["Barricade","Clash"],"picked":"Flame Barrier","floor":17},{"not_picked":["Shrug It Off","Perfected Strike"],"picked":"Armaments","floor":17},{"not_picked":["Sword Boomerang","Pommel Strike"],"picked":"Iron Wave","floor":17},{"not_picked":["Headbutt","Twin Strike"],"picked":"Combust","floor":17},{"not_picked":["Anger+1","Armaments"],"picked":"Rupture+1","floor":18},{"not_picked":["Anger","Clothesline","Flex"],"picked":"SKIP","floor":21},{"not_picked":["Juggernaut","True Grit+1","Warcry"],"picked":"SKIP","floor":22},{"not_picked":["Juggernaut","True Grit+1","Warcry"],"picked":"SKIP","floor":22},{"not_picked":["Spot Weakness+1","Body Slam"],"picked":"Corruption","floor":28},{"not_picked":["Inflame+1","Iron Wave"],"picked":"Ghostly Armor","floor":29},{"not_picked":["True Grit+1","Searing Blow+1","Pummel"],"picked":"SKIP","floor":30}],"player_experience":112323,"relics_obtained":[{"floor":9,"key":"Strawberry"},{"floor":12,"key":"Smiling Mask"},{"floor":14,"key":"Centennial Puzzle"},{"floor":26,"key":"Bottled Tornado"}],"event_choices":[{"damage_healed":0,"gold_gain":0,"player_choice":"Take Damage","damage_taken":20,"relics_obtained":["Golden Idol"],"max_hp_gain":0,"max_hp_loss":0,"event_name":"Golden Idol","floor":2,"gold_loss":0},{"damage_healed":0,"gold_gain":0,"player_choice":"Success","damage_taken":18,"relics_obtained":["Orichalcum"],"max_hp_gain":0,"max_hp_loss":0,"event_name":"Scrap Ooze","floor":3,"gold_loss":0},{"cards_removed":["Strike_R"],"damage_healed":0,"gold_gain":0,"player_choice":"Card Removal","damage_taken":7,"max_hp_gain":0,"max_hp_loss":0,"event_name":"Golden Wing","floor":4,"gold_loss":0},{"damage_healed":21,"gold_gain":0,"player_choice":"Healed and dodged fight","damage_taken":0,"max_hp_gain":0,"max_hp_loss":0,"event_name":"Mushrooms","floor":13,"gold_loss":0,"cards_obtained":["Parasite"]},{"damage_healed":0,"gold_gain":0,"player_choice":"Read","damage_taken":0,"max_hp_gain":0,"max_hp_loss":0,"event_name":"The Library","floor":20,"gold_loss":0,"cards_obtained":["Reaper"]},{"cards_removed":["Strike_R"],"damage_healed":0,"gold_gain":0,"player_choice":"Gave Gold","damage_taken":0,"max_hp_gain":0,"max_hp_loss":0,"event_name":"Beggar","floor":24,"gold_loss":75},{"damage_healed":0,"gold_gain":99,"player_choice":"Stole From Cult","damage_taken":0,"max_hp_gain":0,"max_hp_loss":0,"event_name":"Nest","floor":27,"gold_loss":0}],"is_beta":true,"boss_relics":[{"not_picked":["Busted Crown","White Beast Statue"],"picked":"Orrery"}],"items_purged_floors":[19,31],"is_endless":false,"potions_floor_spawned":[1,10,11,16,18,22,30],"killed_by":"Collector","ascension_level":0}