{"gold_per_floor":[111,111,17,17,33,33,33,48,48,59,122,122,122,139,139,234,234,250,250,264,264,264,264,295,323,335,347,372,404,506,528,540,657,719,751,49,65,65,83,83,103,121,121,132,167,167,180,180],"floor_reached":48,"playtime":5537,"items_purged":["Enlightenment+1"],"score":569,"play_id":"a7ef1335-25b0-4246-8853-48ac1b71fb9f","local_time":"20190710003939","is_ascension_mode":false,"campfire_choices":[{"data":"Survivor","floor":6,"key":"SMITH"},{"floor":13,"key":"REST"},{"floor":15,"key":"REST"},{"floor":23,"key":"REST"},{"floor":32,"key":"REST"},{"floor":40,"key":"REST"},{"floor":46,"key":"REST"}],"neow_cost":"NONE","seed_source_timestamp":471138778447870,"circlet_count":0,"master_deck":["Defend_G","Defend_G","Defend_G","Defend_G","Defend_G","Survivor+1","Neutralize+1","Backstab","Leg Sweep","Acrobatics","Well Laid Plans","After Image","Backstab","Calculated Gamble","Masterful Stab","Heel Hook","Bite","Bite","Bite+1","Bite","Bite","Flechettes","Dodge and Roll","Heel Hook+1","Sucker Punch+1","Distraction","Skewer+1","Malaise","Sucker Punch+1","Flying Knee+1","Footwork","Slice+1","Endless Agony+1","Footwork","Riddle With Holes+1","Dash+1","Slice+1","Backflip","Sucker Punch+1","A Thousand Cuts+1"],"relics":["Ring of the Snake","WingedGreaves","Juzu Bracelet","Black Star","Kunai","Centennial Puzzle","PreservedInsect","MawBank","Molten Egg 2","Omamori","Tiny House","Paper Crane","Question Card","Frozen Egg 2","Shuriken","Boot"],"potions_floor_usage":[24,25,31,33,33,35,41,44,45],"damage_taken":[{"damage":5,"enemies":"Jaw Worm","floor":1,"turns":5},{"damage":0,"enemies":"2 Louse","floor":5,"turns":5},{"damage":0,"enemies":"Small Slimes","floor":8,"turns":2},{"damage":0,"enemies":"3 Louse","floor":10,"turns":3},{"damage":19,"enemies":"Gremlin Nob","floor":11,"turns":6},{"damage":0,"enemies":"Large Slime","floor":14,"turns":6},{"damage":50,"enemies":"Slime Boss","floor":16,"turns":21},{"damage":13,"enemies":"2 Thieves","floor":18,"turns":5},{"damage":13,"enemies":"Spheric Guardian","floor":20,"turns":4},{"damage":38,"enemies":"Slavers","floor":24,"turns":11},{"damage":9,"enemies":"Book of Stabbing","floor":25,"turns":8},{"damage":3,"enemies":"3 Cultists","floor":28,"turns":8},{"damage":1,"enemies":"Chosen and Byrds","floor":29,"turns":8},{"damage":9,"enemies":"Snake Plant","floor":31,"turns":8},{"damage":104,"enemies":"Automaton","floor":33,"turns":22},{"damage":25,"enemies":"3 Darklings","floor":35,"turns":8},{"damage":15,"enemies":"Orb Walker","floor":37,"turns":7},{"damage":13,"enemies":"Spire Growth","floor":39,"turns":10},{"damage":42,"enemies":"Writhing Mass","floor":41,"turns":9},{"damage":28,"enemies":"4 Shapes","floor":42,"turns":6},{"damage":14,"enemies":"Maw","floor":44,"turns":14},{"damage":30,"enemies":"Nemesis","floor":45,"turns":9},{"damage":25,"enemies":"Sphere and 2 Shapes","floor":47,"turns":8},{"damage":59,"enemies":"Writhing Mass","floor":48,"turns":3}],"seed_played":"-480708217747671183","potions_obtained":[{"floor":1,"key":"Explosive Potion"},{"floor":10,"key":"GamblersBrew"},{"floor":14,"key":"FairyPotion"},{"floor":24,"key":"LiquidBronze"},{"floor":28,"key":"EntropicBrew"},{"floor":31,"key":"LiquidBronze"},{"floor":33,"key":"EssenceOfSteel"},{"floor":34,"key":"EssenceOfSteel"},{"floor":37,"key":"FearPotion"},{"floor":44,"key":"PowerPotion"},{"floor":45,"key":"SpeedPotion"},{"floor":47,"key":"Block Potion"}],"is_trial":false,"path_per_floor":["M","?","$","?","M","R","?","M","T","M","?","?","R","M","R","B",null,"M","?","M","T","?","R","E","E","T","?","M","M","?","M","R","B",null,"M","$","M","?","M","R","M","M","T","M","E","R","M","M"],"character_chosen":"THE_SILENT","items_purchased":["Enlightenment","Paper Crane","Question Card","Footwork","Slice+1"],"campfire_rested":6,"item_purchase_floors":[3,36,36,36,36],"current_hp_per_floor":[72,77,77,77,77,77,65,67,67,69,52,36,60,62,82,32,82,69,69,58,58,58,82,68,71,71,71,82,82,66,71,82,16,87,75,75,66,66,63,87,58,41,41,49,35,61,49,0],"gold":180,"neow_bonus":"TEN_PERCENT_HP_BONUS","is_prod":false,"is_daily":false,"chose_seed":false,"campfire_upgraded":1,"win_rate":0.0,"timestamp":1562733579,"path_taken":["M","?","$","?","M","R","?","M","T","M","?","?","R","M","R","BOSS","M","?","M","?","?","R","E","E","T","?","M","M","?","M","R","BOSS","M","$","M","?","M","R","M","M","T","M","E","R","M","M"],"build_version":"2019-07-05","purchased_purges":1,"victory":false,"max_hp_per_floor":[77,82,82,82,82,82,82,82,82,82,82,82,82,82,82,82,82,82,82,82,82,82,82,82,82,82,82,82,82,82,82,82,82,87,87,87,87,87,87,87,87,87,87,87,87,87,87,87],"card_choices":[{"not_picked":["Tactician","Bane"],"picked":"Backstab","floor":1},{"not_picked":["Sucker Punch","Quick Slash"],"picked":"Leg Sweep","floor":5},{"not_picked":["PiercingWail","Quick Slash"],"picked":"Underhanded Strike","floor":8},{"not_picked":["Poisoned Stab","Outmaneuver"],"picked":"Acrobatics","floor":10},{"not_picked":["Dodge and Roll","Quick Slash"],"picked":"Eviscerate","floor":11},{"not_picked":["Dagger Spray","Doppelganger"],"picked":"Well Laid Plans","floor":14},{"not_picked":["Burst","Envenom"],"picked":"After Image","floor":16},{"not_picked":["Underhanded Strike+1","Quick Slash"],"picked":"Backstab","floor":18},{"not_picked":["Crippling Poison","Leg Sweep"],"picked":"Heel Hook","floor":20},{"not_picked":["Poisoned Stab","Choke"],"picked":"Flechettes","floor":24},{"not_picked":["Outmaneuver+1","Night Terror"],"picked":"Dodge and Roll","floor":25},{"not_picked":["Flying Knee+1","Outmaneuver"],"picked":"Sucker Punch+1","floor":28},{"not_picked":["Outmaneuver","Tactician+1"],"picked":"Distraction","floor":29},{"not_picked":["Reflex","Dodge and Roll"],"picked":"Skewer+1","floor":31},{"not_picked":["Wraith Form v2","Doppelganger"],"picked":"Malaise","floor":33},{"not_picked":["Crippling Poison","Well Laid Plans"],"picked":"Sucker Punch+1","floor":34},{"not_picked":["Acrobatics+1","Noxious Fumes"],"picked":"Flying Knee+1","floor":35},{"not_picked":["Choke+1","Sucker Punch+1","PiercingWail"],"picked":"Endless Agony+1","floor":37},{"not_picked":["Sucker Punch+1","Bouncing Flask","Calculated Gamble+1"],"picked":"Riddle With Holes+1","floor":39},{"not_picked":["Deflect+1","Prepared","Sucker Punch+1"],"picked":"Dash+1","floor":41},{"not_picked":["Predator+1","Eviscerate+1","Calculated Gamble"],"picked":"Slice+1","floor":42},{"not_picked":["Outmaneuver","Prepared","Burst"],"picked":"Backflip","floor":44},{"not_picked":["Outmaneuver","Acrobatics+1","Blade Dance"],"picked":"Sucker Punch+1","floor":45},{"not_picked":["Well Laid Plans+1","Quick Slash+1","Deadly Poison+1"],"picked":"A Thousand Cuts+1","floor":47}],"player_experience":27344,"relics_obtained":[{"floor":9,"key":"WingedGreaves"},{"floor":11,"key":"Juzu Bracelet"},{"floor":21,"key":"Kunai"},{"floor":24,"key":"Centennial Puzzle"},{"floor":24,"key":"PreservedInsect"},{"floor":25,"key":"MawBank"},{"floor":25,"key":"Molten Egg 2"},{"floor":26,"key":"Omamori"},{"floor":43,"key":"Frozen Egg 2"},{"floor":45,"key":"Shuriken"},{"floor":45,"key":"Boot"}],"event_choices":[{"damage_healed":0,"gold_gain":0,"player_choice":"Donut","damage_taken":0,"max_hp_gain":5,"max_hp_loss":0,"event_name":"Big Fish","floor":2,"gold_loss":0},{"damage_healed":0,"gold_gain":0,"player_choice":"Grow","damage_taken":0,"max_hp_gain":0,"max_hp_loss":0,"event_name":"Living Wall","floor":4,"gold_loss":0,"cards_upgraded":["Enlightenment"]},{"damage_healed":0,"gold_gain":0,"player_choice":"Success","damage_taken":12,"relics_obtained":["Blood Vial"],"max_hp_gain":0,"max_hp_loss":0,"event_name":"Scrap Ooze","floor":7,"gold_loss":0},{"damage_healed":0,"gold_gain":30,"player_choice":"Searched \u00272\u0027 times","damage_taken":0,"max_hp_gain":0,"max_hp_loss":0,"event_name":"Dead Adventurer","floor":11,"gold_loss":0},{"damage_healed":0,"gold_gain":0,"player_choice":"Entered Light","damage_taken":16,"max_hp_gain":0,"max_hp_loss":0,"event_name":"Shining Light","floor":12,"gold_loss":0,"cards_upgraded":["Neutralize","Strike_G"]},{"damage_healed":0,"gold_gain":0,"cards_transformed":["Underhanded Strike","Eviscerate"],"player_choice":"Became Test Subject","damage_taken":0,"max_hp_gain":0,"max_hp_loss":0,"event_name":"Drug Dealer","floor":19,"gold_loss":0,"cards_obtained":["Calculated Gamble","Masterful Stab"]},{"damage_healed":0,"gold_gain":0,"player_choice":"Became a vampire (Vial)","damage_taken":0,"max_hp_gain":0,"max_hp_loss":0,"event_name":"Vampires","floor":22,"relics_lost":["Blood Vial"],"gold_loss":0,"cards_obtained":["Bite","Bite","Bite","Bite","Bite"]},{"damage_healed":0,"gold_gain":0,"player_choice":"Read","damage_taken":0,"max_hp_gain":0,"max_hp_loss":0,"event_name":"The Library","floor":27,"gold_loss":0,"cards_obtained":["Heel Hook"]},{"damage_healed":0,"gold_gain":90,"player_choice":"GOLD ","damage_taken":16,"max_hp_gain":0,"max_hp_loss":0,"event_name":"Knowing Skull","floor":30,"potions_obtained":[],"gold_loss":0,"cards_obtained":[]},{"damage_healed":0,"gold_gain":0,"player_choice":"Copied","damage_taken":0,"max_hp_gain":0,"max_hp_loss":0,"event_name":"Duplicator","floor":38,"gold_loss":0,"cards_obtained":["Footwork"]}],"is_beta":false,"boss_relics":[{"not_picked":["White Beast Statue","Astrolabe"],"picked":"Black Star"},{"not_picked":["Eternal Feather","Philosopher\u0027s Stone"],"picked":"Tiny House"}],"items_purged_floors":[36],"is_endless":false,"potions_floor_spawned":[1,10,14,24,28,29,31,33,37,44,45,47],"killed_by":"Writhing Mass","ascension_level":0}