{"gold_per_floor":[109,127,8,25,25,25,36,47,98,110,110,75,94,94,94,195,245,235,255,271,271,287,287,202,202,202,129,148,159,159,173,173,275,275,294,294,294,308,308,308,323,323,323,342,357,372,372,372,372,372],"floor_reached":50,"playtime":3006,"items_purged":[],"score":540,"play_id":"124892ef-953b-42a6-ab07-dd3e6661689a","local_time":"20190709230638","is_ascension_mode":false,"campfire_choices":[{"floor":6,"key":"REST"},{"data":"Caltrops","floor":15,"key":"SMITH"},{"floor":23,"key":"REST"},{"floor":25,"key":"REST"},{"floor":30,"key":"REST"},{"floor":32,"key":"REST"},{"floor":40,"key":"REST"},{"floor":42,"key":"REST"},{"floor":47,"key":"REST"},{"floor":49,"key":"REST"}],"neow_cost":"NONE","seed_source_timestamp":468093529816797,"circlet_count":0,"master_deck":["Strike_G","Strike_G","Strike_G+1","Strike_G+1","Defend_G","Defend_G","Defend_G","Defend_G","Defend_G+1","Survivor","Neutralize","Poisoned Stab","Dash","Noxious Fumes+1","Deadly Poison","Bane","Footwork","Infinite Blades","Deadly Poison","Caltrops+1","Die Die Die","Catalyst","PiercingWail+1","Dodge and Roll+1","Poisoned Stab","Corpse Explosion","Dodge and Roll","Deadly Poison","Deadly Poison+1","Backflip+1","Poisoned Stab+1","Poisoned Stab+1","Writhe","Prepared","PiercingWail+1","Deadly Poison+1","Bane+1","Sucker Punch+1","Enlightenment","Mind Blast+1","Mind Blast+1"],"relics":["Ring of the Snake","Oddly Smooth Stone","Pantograph","Tiny House","Strawberry","Meat on the Bone","Fusion Hammer","Molten Egg 2"],"potions_floor_usage":[16,20,22,22,28,33,33,45,50,50],"damage_taken":[{"damage":7,"enemies":"Jaw Worm","floor":1,"turns":5},{"damage":0,"enemies":"Small Slimes","floor":2,"turns":3},{"damage":1,"enemies":"Cultist","floor":4,"turns":4},{"damage":8,"enemies":"Red Slaver","floor":7,"turns":4},{"damage":2,"enemies":"3 Louse","floor":8,"turns":3},{"damage":0,"enemies":"Large Slime","floor":10,"turns":6},{"damage":11,"enemies":"Looter","floor":13,"turns":3},{"damage":46,"enemies":"Slime Boss","floor":16,"turns":7},{"damage":28,"enemies":"2 Thieves","floor":18,"turns":4},{"damage":20,"enemies":"Spheric Guardian","floor":19,"turns":5},{"damage":13,"enemies":"Snake Plant","floor":20,"turns":4},{"damage":12,"enemies":"Chosen and Byrds","floor":22,"turns":6},{"damage":29,"enemies":"Shelled Parasite and Fungi","floor":28,"turns":5},{"damage":27,"enemies":"Snake Plant","floor":29,"turns":4},{"damage":18,"enemies":"3 Cultists","floor":31,"turns":3},{"damage":68,"enemies":"Champ","floor":33,"turns":12},{"damage":1,"enemies":"Orb Walker","floor":35,"turns":4},{"damage":1,"enemies":"3 Shapes","floor":38,"turns":5},{"damage":28,"enemies":"3 Darklings","floor":41,"turns":2},{"damage":16,"enemies":"Maw","floor":44,"turns":7},{"damage":14,"enemies":"Jaw Worm Horde","floor":45,"turns":2},{"damage":45,"enemies":"4 Shapes","floor":46,"turns":6},{"damage":87,"enemies":"Time Eater","floor":50,"turns":10}],"seed_played":"4326679587573955567","potions_obtained":[{"floor":1,"key":"Fire Potion"},{"floor":2,"key":"SkillPotion"},{"floor":10,"key":"LiquidBronze"},{"floor":13,"key":"SpeedPotion"},{"floor":17,"key":"Dexterity Potion"},{"floor":18,"key":"Energy Potion"},{"floor":20,"key":"GamblersBrew"},{"floor":28,"key":"Fruit Juice"},{"floor":29,"key":"Dexterity Potion"},{"floor":33,"key":"Regen Potion"},{"floor":44,"key":"FearPotion"},{"floor":45,"key":"SteroidPotion"},{"floor":46,"key":"SmokeBomb"}],"is_trial":false,"path_per_floor":["M","M","$","M","?","R","M","M","T","M","?","?","M","?","R","B",null,"M","M","M","?","M","R","?","R","T","$","M","M","R","M","R","B",null,"M","?","?","M","?","R","M","R","T","M","M","M","R","?","R","B"],"character_chosen":"THE_SILENT","items_purchased":["Noxious Fumes","Deadly Poison","Dodge and Roll","Deadly Poison"],"campfire_rested":9,"item_purchase_floors":[3,3,27,27],"current_hp_per_floor":[63,63,63,62,48,69,61,59,59,59,59,70,59,59,59,24,75,47,27,14,14,2,24,31,55,55,55,43,28,54,48,74,31,87,86,87,87,86,86,87,59,85,85,69,60,27,53,43,69,0],"gold":372,"neow_bonus":"ONE_RANDOM_RARE_CARD","is_prod":false,"is_daily":false,"chose_seed":false,"campfire_upgraded":1,"win_rate":0.0,"timestamp":1562727998,"path_taken":["M","M","$","M","?","R","M","M","T","M","?","?","M","?","R","BOSS","M","M","M","?","?","R","?","R","T","$","M","M","R","M","R","BOSS","M","?","?","M","?","R","M","R","T","M","M","M","R","?","R","BOSS"],"build_version":"2019-07-05","purchased_purges":0,"victory":false,"max_hp_per_floor":[70,70,70,70,70,70,70,70,70,70,70,70,70,70,70,70,75,75,75,75,75,75,75,82,82,82,82,87,87,87,87,87,87,87,87,87,87,87,87,87,87,87,87,87,87,87,87,87,87,87],"card_choices":[{"not_picked":["Noxious Fumes","Deflect"],"picked":"Poisoned Stab","floor":1},{"not_picked":["Outmaneuver","Quick Slash"],"picked":"Dash","floor":2},{"not_picked":["Prepared","Terror"],"picked":"Bane","floor":4},{"not_picked":["Dagger Throw","Dodge and Roll"],"picked":"Footwork","floor":7},{"not_picked":["Choke","Finisher"],"picked":"Infinite Blades","floor":8},{"not_picked":["Dodge and Roll","Outmaneuver"],"picked":"Deadly Poison","floor":10},{"not_picked":["Night Terror","Dagger Throw"],"picked":"Caltrops","floor":13},{"not_picked":["Doppelganger","Glass Knife"],"picked":"Die Die Die","floor":16},{"not_picked":["Leg Sweep","Prepared"],"picked":"Catalyst","floor":17},{"not_picked":["Calculated Gamble","Blur"],"picked":"PiercingWail+1","floor":18},{"not_picked":["Blade Dance","Acrobatics"],"picked":"Dodge and Roll+1","floor":19},{"not_picked":["Masterful Stab","Outmaneuver"],"picked":"Poisoned Stab","floor":20},{"not_picked":["Bane","Finisher"],"picked":"Corpse Explosion","floor":22},{"not_picked":["Slice","Quick Slash"],"picked":"Deadly Poison+1","floor":28},{"not_picked":["Deflect","Dodge and Roll+1"],"picked":"Backflip+1","floor":29},{"not_picked":["Blade Dance","Predator"],"picked":"Poisoned Stab+1","floor":31},{"not_picked":["Tools of the Trade","Venomology"],"picked":"Wraith Form v2","floor":33},{"not_picked":["Backflip","Caltrops"],"picked":"Poisoned Stab+1","floor":35},{"not_picked":["Quick Slash","Outmaneuver+1"],"picked":"Prepared","floor":38},{"not_picked":["Choke+1","Blade Dance"],"picked":"PiercingWail+1","floor":41},{"not_picked":["Underhanded Strike+1","Dodge and Roll"],"picked":"Deadly Poison+1","floor":44},{"not_picked":["Deadly Poison","Adrenaline"],"picked":"Bane+1","floor":45},{"not_picked":["Deflect","Dodge and Roll"],"picked":"Sucker Punch+1","floor":46},{"not_picked":["Forethought","Violence"],"picked":"Enlightenment","floor":48},{"not_picked":["Dramatic Entrance+1","Thinking Ahead"],"picked":"Mind Blast+1","floor":48},{"not_picked":["Discovery","Panache"],"picked":"Mind Blast+1","floor":48}],"player_experience":24324,"relics_obtained":[{"floor":9,"key":"Oddly Smooth Stone"},{"floor":26,"key":"Meat on the Bone"},{"floor":43,"key":"Molten Egg 2"}],"event_choices":[{"damage_healed":0,"gold_gain":0,"player_choice":"Entered Light","damage_taken":14,"max_hp_gain":0,"max_hp_loss":0,"event_name":"Shining Light","floor":5,"gold_loss":0,"cards_upgraded":["Strike_G","Defend_G"]},{"damage_healed":0,"gold_gain":0,"player_choice":"Grow","damage_taken":0,"max_hp_gain":0,"max_hp_loss":0,"event_name":"Living Wall","floor":11,"gold_loss":0,"cards_upgraded":["Noxious Fumes"]},{"damage_healed":17,"gold_gain":0,"player_choice":"Healed","damage_taken":0,"max_hp_gain":0,"max_hp_loss":0,"event_name":"The Cleric","floor":12,"gold_loss":35},{"cards_removed":["Phantasmal Killer"],"damage_healed":0,"gold_gain":0,"player_choice":"Gave Card","damage_taken":0,"relics_obtained":["Pantograph"],"max_hp_gain":0,"max_hp_loss":0,"event_name":"WeMeetAgain","floor":14,"gold_loss":0},{"cards_removed":["Strike_G"],"damage_healed":0,"gold_gain":0,"player_choice":"Offered Basic","damage_taken":0,"max_hp_gain":0,"max_hp_loss":0,"event_name":"Bonfire Elementals","floor":21,"gold_loss":0},{"damage_healed":0,"gold_gain":0,"player_choice":"Obtained Relic","damage_taken":0,"relics_obtained":["Strawberry"],"max_hp_gain":0,"max_hp_loss":0,"event_name":"Addict","floor":24,"gold_loss":85},{"damage_healed":22,"gold_gain":0,"player_choice":"Writhe","damage_taken":0,"max_hp_gain":0,"max_hp_loss":0,"event_name":"Winding Halls","floor":36,"gold_loss":0,"cards_obtained":["Writhe"]},{"damage_healed":0,"gold_gain":0,"player_choice":"Ignored","damage_taken":0,"max_hp_gain":0,"max_hp_loss":0,"event_name":"Mysterious Sphere","floor":37,"gold_loss":0},{"cards_removed":["Wraith Form v2"],"damage_healed":0,"gold_gain":0,"player_choice":"Removed Power","damage_taken":0,"max_hp_gain":0,"max_hp_loss":0,"event_name":"Falling","floor":39,"gold_loss":0},{"damage_healed":0,"gold_gain":0,"player_choice":"Memory 3","damage_taken":10,"max_hp_gain":0,"max_hp_loss":0,"event_name":"SensoryStone","floor":48,"gold_loss":0}],"is_beta":false,"boss_relics":[{"not_picked":["Ectoplasm","Snecko Eye"],"picked":"Tiny House"},{"not_picked":["White Beast Statue","Cursed Key"],"picked":"Fusion Hammer"}],"items_purged_floors":[],"is_endless":false,"potions_floor_spawned":[1,2,10,13,18,20,28,29,33,44,45,46],"killed_by":"Time Eater","ascension_level":0}