{"gold_per_floor":[110,110,110,125,143,143,143,143,167,167,187,187,44,59,59,164,164,180,190,209,109,109,109,138,150,150,150,185,185,197,72,72,172,172,190,208,220,45,0,33,33,33,79,79,179,197,197,208,208,208,208,208,54,54],"floor_reached":54,"playtime":9883,"items_purged":["Strike_R","Strike_R","Strike_R","Defend_R"],"score":695,"play_id":"15cfa1d6-14aa-48f4-879e-25b72c9cc572","local_time":"20190720191029","is_ascension_mode":false,"campfire_choices":[{"data":"Armaments","floor":6,"key":"SMITH"},{"data":"Heavy Blade","floor":8,"key":"SMITH"},{"floor":10,"key":"REST"},{"data":"Rage","floor":12,"key":"SMITH"},{"floor":15,"key":"REST"},{"floor":23,"key":"REST"},{"floor":27,"key":"REST"},{"data":"Battle Trance","floor":32,"key":"SMITH"},{"floor":42,"key":"REST"},{"floor":44,"key":"RECALL"},{"floor":47,"key":"REST"},{"floor":49,"key":"REST"},{"data":"Flame Barrier","floor":52,"key":"SMITH"}],"neow_cost":"NONE","seed_source_timestamp":929586456140812,"circlet_count":0,"master_deck":["Strike_R+1","Defend_R","Defend_R","Bash+1","Armaments+1","Heavy Blade+1","Cleave","Rage+1","Spot Weakness","Sword Boomerang","Battle Trance+1","Demon Form","Headbutt","Clothesline+1","Corruption+1","Iron Wave+1","Disarm+1","Shrug It Off","Pommel Strike+1","Shrug It Off","Shrug It Off+1","Rage+1","Disarm+1","Anger","Flame Barrier+1","Parasite"],"relics":["Burning Blood","Dream Catcher","Bronze Scales","White Beast Statue","MutagenicStrength","Frozen Egg 2","Letter Opener","Centennial Puzzle","Paper Frog","Empty Cage","Red Mask","Blood Vial","Unceasing Top","Pen Nib"],"potions_floor_usage":[16,16,20,24,24,24,28,33,33,33,37,40,40,45,46,50,50,50],"damage_taken":[{"damage":0,"enemies":"2 Louse","floor":1,"turns":3},{"damage":4,"enemies":"Small Slimes","floor":4,"turns":5},{"damage":1,"enemies":"Cultist","floor":5,"turns":3},{"damage":8,"enemies":"Red Slaver","floor":11,"turns":2},{"damage":0,"enemies":"Exordium Wildlife","floor":14,"turns":2},{"damage":15,"enemies":"Hexaghost","floor":16,"turns":7},{"damage":20,"enemies":"Spheric Guardian","floor":18,"turns":4},{"damage":2,"enemies":"3 Byrds","floor":19,"turns":3},{"damage":25,"enemies":"Snecko","floor":20,"turns":5},{"damage":36,"enemies":"Slavers","floor":24,"turns":6},{"damage":20,"enemies":"Snake Plant","floor":25,"turns":4},{"damage":20,"enemies":"Book of Stabbing","floor":28,"turns":5},{"damage":7,"enemies":"Cultist and Chosen","floor":30,"turns":7},{"damage":40,"enemies":"Champ","floor":33,"turns":8},{"damage":4,"enemies":"3 Shapes","floor":35,"turns":4},{"damage":11,"enemies":"Orb Walker","floor":36,"turns":4},{"damage":34,"enemies":"3 Darklings","floor":37,"turns":7},{"damage":29,"enemies":"Nemesis","floor":40,"turns":9},{"damage":2,"enemies":"Mind Bloom Boss Battle","floor":45,"turns":6},{"damage":44,"enemies":"Maw","floor":46,"turns":12},{"damage":15,"enemies":"Writhing Mass","floor":48,"turns":8},{"damage":31,"enemies":"Time Eater","floor":50,"turns":12},{"damage":95,"enemies":"Shield and Spear","floor":54,"turns":6}],"seed_played":"6639864913980270744","potions_obtained":[{"floor":1,"key":"AttackPotion"},{"floor":5,"key":"Poison Potion"},{"floor":7,"key":"Regen Potion"},{"floor":7,"key":"EntropicBrew"},{"floor":14,"key":"Energy Potion"},{"floor":18,"key":"Poison Potion"},{"floor":19,"key":"Fire Potion"},{"floor":20,"key":"Weak Potion"},{"floor":24,"key":"SkillPotion"},{"floor":25,"key":"PowerPotion"},{"floor":28,"key":"Energy Potion"},{"floor":30,"key":"Poison Potion"},{"floor":33,"key":"Fire Potion"},{"floor":35,"key":"Energy Potion"},{"floor":36,"key":"Dexterity Potion"},{"floor":37,"key":"AttackPotion"},{"floor":40,"key":"Poison Potion"},{"floor":45,"key":"PowerPotion"},{"floor":46,"key":"Swift Potion"},{"floor":48,"key":"Explosive Potion"}],"is_trial":false,"path_per_floor":["M","?","?","M","M","R","?","R","T","R","M","R","$","M","R","B",null,"M","M","M","$","?","R","E","M","T","R","E","T","M","$","R","B",null,"M","M","M","$","?","E","?","R","T","R","?","M","R","M","R","B",null,"R","$","E"],"character_chosen":"IRONCLAD","items_purchased":["Spot Weakness","Shrug It Off","Pen Nib"],"campfire_rested":7,"item_purchase_floors":[13,38,53],"current_hp_per_floor":[80,64,69,71,76,76,76,76,76,85,83,83,83,85,85,76,85,71,75,56,56,56,81,65,51,51,76,62,62,61,61,61,27,85,85,80,52,52,52,29,29,54,54,54,60,24,49,42,67,44,85,85,85,0],"gold":54,"neow_bonus":"RANDOM_COMMON_RELIC","is_prod":false,"is_daily":false,"chose_seed":false,"campfire_upgraded":5,"win_rate":0,"timestamp":1563664229,"path_taken":["M","?","?","M","M","R","?","R","T","R","M","R","$","?","R","BOSS","M","M","M","$","?","R","E","M","T","R","E","?","M","$","R","BOSS","M","M","M","$","?","E","?","R","T","R","?","M","R","M","R","BOSS","R","$","E"],"build_version":"2019-06-28","purchased_purges":4,"victory":false,"max_hp_per_floor":[80,80,85,85,85,85,85,85,85,85,85,85,85,85,85,85,85,85,85,85,85,85,85,85,85,85,85,85,85,85,85,85,85,85,85,85,85,85,85,85,85,85,85,85,85,85,85,85,85,85,85,85,85,85],"card_choices":[{"not_picked":["Anger","Evolve"],"picked":"Inflame","floor":1},{"not_picked":["Pommel Strike","Clothesline"],"picked":"Armaments","floor":4},{"not_picked":["Iron Wave","Twin Strike"],"picked":"Heavy Blade","floor":5},{"not_picked":["Twin Strike","Berserk"],"picked":"Cleave","floor":10},{"not_picked":["Armaments","Searing Blow"],"picked":"Rage","floor":11},{"not_picked":["True Grit","Cleave"],"picked":"Sword Boomerang","floor":14},{"not_picked":["Reaper","Cleave"],"picked":"Battle Trance","floor":15},{"not_picked":["Offering","Impervious"],"picked":"Demon Form","floor":16},{"not_picked":["Inflame+1","Intimidate+1","Cleave"],"picked":"SKIP","floor":18},{"not_picked":["Pummel","Bloodletting+1"],"picked":"Headbutt","floor":19},{"not_picked":["Bloodletting","Hemokinesis","Perfected Strike"],"picked":"SKIP","floor":20},{"not_picked":["Body Slam","Sword Boomerang"],"picked":"Clothesline+1","floor":23},{"not_picked":["Metallicize+1","Sword Boomerang"],"picked":"Corruption+1","floor":24},{"not_picked":["Clothesline","Metallicize+1"],"picked":"Iron Wave+1","floor":25},{"not_picked":["Sword Boomerang","Armaments","Cleave+1"],"picked":"SKIP","floor":28},{"not_picked":["Iron Wave","Thunderclap","Searing Blow"],"picked":"SKIP","floor":30},{"not_picked":["True Grit","Anger"],"picked":"Disarm+1","floor":35},{"not_picked":["True Grit","Evolve+1"],"picked":"Shrug It Off","floor":36},{"not_picked":["Combust+1","Warcry"],"picked":"Pommel Strike+1","floor":37},{"not_picked":["Headbutt+1","Pommel Strike+1"],"picked":"Shrug It Off+1","floor":40},{"not_picked":["Iron Wave","Sever Soul+1"],"picked":"Rage+1","floor":42},{"not_picked":["Dropkick+1","Combust+1"],"picked":"Disarm+1","floor":45},{"not_picked":["Headbutt","Heavy Blade+1"],"picked":"Anger","floor":46},{"not_picked":["Anger+1","Pommel Strike"],"picked":"Flame Barrier","floor":47},{"not_picked":["Shockwave+1","Anger+1","Thunderclap+1"],"picked":"SKIP","floor":48}],"player_experience":117517,"relics_obtained":[{"floor":9,"key":"Bronze Scales"},{"floor":24,"key":"Frozen Egg 2"},{"floor":26,"key":"Letter Opener"},{"floor":28,"key":"Centennial Puzzle"},{"floor":29,"key":"Paper Frog"},{"floor":40,"key":"Blood Vial"},{"floor":45,"key":"Unceasing Top"}],"event_choices":[{"damage_healed":0,"gold_gain":0,"player_choice":"Entered Light","damage_taken":16,"max_hp_gain":0,"max_hp_loss":0,"event_name":"Shining Light","floor":2,"gold_loss":0,"cards_upgraded":["Bash","Strike_R"]},{"damage_healed":0,"gold_gain":0,"player_choice":"Donut","damage_taken":0,"max_hp_gain":5,"max_hp_loss":0,"event_name":"Big Fish","floor":3,"gold_loss":0},{"damage_healed":0,"gold_gain":0,"player_choice":"Got Potions","damage_taken":0,"max_hp_gain":0,"max_hp_loss":0,"event_name":"Lab","floor":7,"gold_loss":0},{"damage_healed":0,"gold_gain":0,"player_choice":"Inject Mutagens","damage_taken":0,"relics_obtained":["MutagenicStrength"],"max_hp_gain":0,"max_hp_loss":0,"event_name":"Drug Dealer","floor":22,"gold_loss":0},{"damage_healed":0,"gold_gain":0,"player_choice":"Paid","damage_taken":0,"relics_obtained":["Red Mask"],"max_hp_gain":0,"max_hp_loss":0,"event_name":"Tomb of Lord Red Mask","floor":39,"gold_loss":45},{"cards_removed":["Inflame"],"damage_healed":0,"gold_gain":0,"player_choice":"Removed Power","damage_taken":0,"max_hp_gain":0,"max_hp_loss":0,"event_name":"Falling","floor":41,"gold_loss":0},{"damage_healed":0,"gold_gain":0,"player_choice":"Fight","damage_taken":0,"max_hp_gain":0,"max_hp_loss":0,"event_name":"MindBloom","floor":45,"gold_loss":0}],"is_beta":true,"boss_relics":[{"not_picked":["Sozu","Runic Dome"],"picked":"White Beast Statue"},{"not_picked":["Astrolabe","Coffee Dripper"],"picked":"Empty Cage"}],"items_purged_floors":[13,21,31,38],"is_endless":false,"potions_floor_spawned":[1,5,14,18,19,20,24,25,28,30,33,35,36,37,40,45,46,48],"killed_by":"Shield and Spear","ascension_level":0}