{"gold_per_floor":[209,227,302,317,15,41,41,60,107,140,140,13,13,23,23,128,128,147,422,65,65,78,111,111,142,142,82,82,95,123,123],"floor_reached":31,"playtime":2589,"items_purged":["Strike_B","Regret"],"score":361,"play_id":"7cfd31cd-c0f4-417f-af5b-2726f657f763","local_time":"20190720080853","is_ascension_mode":true,"campfire_choices":[{"floor":7,"key":"REST"},{"data":"Zap","floor":11,"key":"SMITH"},{"data":"Dualcast","floor":13,"key":"SMITH"},{"floor":15,"key":"REST"},{"floor":24,"key":"REST"},{"floor":28,"key":"REST"}],"neow_cost":"NONE","seed_source_timestamp":872370709866754,"circlet_count":0,"master_deck":["Defend_B","Defend_B","Defend_B","Defend_B","Zap+1","Dualcast+1","Beam Cell+1","Ball Lightning","Compile Driver","Conserve Battery","Cold Snap","Loop+1","Static Discharge+1","Compile Driver","Biased Cognition+1","Conserve Battery+1","Static Discharge+1","Barrage","Thunder Strike","Go for the Eyes+1","Machine Learning+1","Amplify+1","Heatsinks+1","Conserve Battery+1"],"relics":["Cracked Core","Frozen Egg 2","Shuriken","Smiling Mask","Whetstone","Inserter","OrangePellets","WingedGreaves","Singing Bowl","Toxic Egg 2","Regal Pillow"],"potions_floor_usage":[10,10,10,23,23,25,29,31],"damage_taken":[{"damage":4,"enemies":"2 Louse","floor":1,"turns":2},{"damage":6,"enemies":"Cultist","floor":2,"turns":3},{"damage":7,"enemies":"Jaw Worm","floor":4,"turns":2},{"damage":45,"enemies":"3 Sentries","floor":6,"turns":7},{"damage":3,"enemies":"3 Louse","floor":8,"turns":2},{"damage":14,"enemies":"Gremlin Nob","floor":10,"turns":4},{"damage":12,"enemies":"Red Slaver","floor":14,"turns":2},{"damage":13,"enemies":"Hexaghost","floor":16,"turns":6},{"damage":24,"enemies":"Shell Parasite","floor":18,"turns":3},{"damage":1,"enemies":"Spheric Guardian","floor":22,"turns":3},{"damage":34,"enemies":"Slavers","floor":23,"turns":3},{"damage":17,"enemies":"Book of Stabbing","floor":25,"turns":4},{"damage":15,"enemies":"Snake Plant","floor":29,"turns":2},{"damage":34,"enemies":"Slavers","floor":30,"turns":4},{"damage":12,"enemies":"Cultist and Chosen","floor":31,"turns":1}],"seed_played":"7433464015026588223","potions_obtained":[{"floor":1,"key":"FearPotion"},{"floor":6,"key":"Regen Potion"},{"floor":14,"key":"SteroidPotion"},{"floor":16,"key":"FairyPotion"},{"floor":18,"key":"FocusPotion"},{"floor":23,"key":"Weak Potion"},{"floor":25,"key":"LiquidBronze"},{"floor":30,"key":"Fire Potion"}],"is_trial":false,"path_per_floor":["M","M","?","M","$","E","R","M","T","E","R","$","R","M","R","B",null,"M","?","$","?","M","E","R","E","T","?","R","M","E","M"],"character_chosen":"DEFECT","items_purchased":["Frozen Egg 2","Weak Potion","Static Discharge+1","Static Discharge+1","OrangePellets","Darkness"],"campfire_rested":4,"item_purchase_floors":[5,5,12,20,20,20],"current_hp_per_floor":[71,65,58,51,51,6,28,25,25,23,23,23,23,11,33,20,75,51,51,51,51,50,16,38,21,21,21,43,28,9,0],"gold":123,"neow_bonus":"HUNDRED_GOLD","is_prod":false,"is_daily":false,"chose_seed":false,"campfire_upgraded":2,"win_rate":0,"timestamp":1563624533,"path_taken":["M","M","?","M","$","E","R","M","T","E","R","$","R","M","R","BOSS","M","?","?","?","M","E","R","E","T","?","R","?","E","M"],"build_version":"2019-07-17","purchased_purges":2,"victory":false,"max_hp_per_floor":[75,75,75,75,75,75,75,75,75,75,75,75,75,75,75,75,75,75,75,75,75,75,75,75,75,75,75,75,75,77,77],"card_choices":[{"not_picked":["Force Field","Turbo"],"picked":"Beam Cell","floor":1},{"not_picked":["Darkness","Steam"],"picked":"Ball Lightning","floor":2},{"not_picked":["Skim","Steam"],"picked":"Compile Driver","floor":4},{"not_picked":["Redo","Streamline"],"picked":"Conserve Battery","floor":6},{"not_picked":["Sweeping Beam","Turbo"],"picked":"Cold Snap","floor":8},{"not_picked":["Hologram","Steam"],"picked":"Loop+1","floor":10},{"not_picked":["Streamline","Aggregate"],"picked":"Compile Driver","floor":14},{"not_picked":["Meteor Strike","Thunder Strike"],"picked":"Biased Cognition+1","floor":16},{"not_picked":["FTL","Beam Cell"],"picked":"Conserve Battery+1","floor":18},{"not_picked":["Turbo","Stack","Darkness"],"picked":"SKIP","floor":22},{"not_picked":["Force Field+1","Double Energy"],"picked":"Go for the Eyes+1","floor":23},{"not_picked":["Tempest","Darkness"],"picked":"Machine Learning+1","floor":25},{"not_picked":["Capacitor+1","Streamline+1"],"picked":"Conserve Battery+1","floor":29},{"not_picked":["Stack+1","Barrage","Turbo+1"],"picked":"Singing Bowl","floor":30}],"player_experience":697633,"relics_obtained":[{"floor":6,"key":"Shuriken"},{"floor":9,"key":"Smiling Mask"},{"floor":10,"key":"Whetstone"},{"floor":23,"key":"WingedGreaves"},{"floor":25,"key":"Singing Bowl"},{"floor":26,"key":"Toxic Egg 2"},{"floor":30,"key":"Regal Pillow"}],"event_choices":[{"damage_healed":0,"gold_gain":75,"player_choice":"Touch","damage_taken":7,"max_hp_gain":0,"max_hp_loss":0,"event_name":"FaceTrader","floor":3,"gold_loss":0},{"damage_healed":0,"gold_gain":275,"player_choice":"Desecrate","damage_taken":0,"max_hp_gain":0,"max_hp_loss":0,"event_name":"Golden Shrine","floor":19,"gold_loss":0,"cards_obtained":["Regret"]},{"damage_healed":0,"gold_gain":0,"cards_transformed":["Strike_B","Strike_B"],"player_choice":"Became Test Subject","damage_taken":0,"max_hp_gain":0,"max_hp_loss":0,"event_name":"Drug Dealer","floor":21,"gold_loss":0,"cards_obtained":["Barrage","Thunder Strike"]},{"damage_healed":0,"gold_gain":0,"cards_transformed":["Darkness","Strike_B"],"player_choice":"Transformed Cards","damage_taken":0,"max_hp_gain":0,"max_hp_loss":0,"event_name":"Designer","floor":27,"gold_loss":60,"cards_obtained":["Amplify","Heatsinks"]}],"is_beta":false,"boss_relics":[{"not_picked":["Coffee Dripper","FrozenCore"],"picked":"Inserter"}],"items_purged_floors":[12,20],"is_endless":false,"potions_floor_spawned":[1,6,14,16,18,23,25,30],"killed_by":"Cultist and Chosen","ascension_level":4}