{"path_per_floor":["M","?","?","M","$","E","?","R","T","R","E","M","T","M","R","B",null,"M","?","M","?","?","E","?","?","T","E","M","R","E","M","R","B",null,"M","?","?","?","$","R","E","?","T","M","M","$","E","M","R","B"],"character_chosen":"IRONCLAD","items_purchased":["Battle Trance","Molten Egg 2","Secret Weapon","Flame Barrier"],"gold_per_floor":[117,67,67,86,9,44,44,44,94,94,124,136,190,200,200,304,304,317,317,334,334,334,365,280,280,280,309,328,328,359,377,377,482,482,493,493,493,743,406,406,436,436,436,446,458,85,120,137,137,137],"floor_reached":51,"campfire_rested":0,"playtime":6512,"current_hp_per_floor":[80,80,80,80,80,60,60,60,60,60,61,66,66,72,72,78,80,80,80,80,80,65,71,71,71,71,79,85,85,74,82,82,85,85,85,85,85,85,85,85,23,23,23,31,39,39,47,55,55,63],"items_purged":["Regret","Defend_R"],"gold":137,"score":894,"play_id":"be0b4476-d5a5-4e28-a9a7-1c47241e93f9","is_prod":false,"is_daily":false,"is_ascension_mode":false,"campfire_upgraded":4,"path_taken":["M","?","?","M","?","E","?","R","T","R","E","M","?","M","R","BOSS","M","?","M","?","?","E","?","?","T","E","M","R","E","M","R","BOSS","M","?","?","?","$","R","E","?","T","M","M","$","E","M","R","BOSS"],"build_version":"2018-02-08-BETA1","purchased_purges":2,"victory":true,"master_deck":["Defend_R","Defend_R","Defend_R","Bash","Shrug It Off+1","Body Slam+1","Battle Trance+1","Armaments+1","Power Through+1","Impervious+1","Immolate","Evolve+1","True Grit+1","Impervious+1","Whirlwind+1","Secret Weapon+1","Flame Barrier"],"max_hp_per_floor":[80,80,80,80,80,80,80,80,80,80,80,80,80,80,80,80,80,80,80,80,80,85,85,85,85,85,85,85,85,85,85,85,85,85,85,85,85,85,85,85,85,85,85,85,85,85,85,85,85,85],"relics":["Burning Blood","Calipers","Oddly Smooth Stone","Gambling Chip","Juzu Bracelet","Velvet Choker","Ginger","Blood Vial","Peace Pipe","Du-Vu Doll","Ice Cream","Sozu","Molten Egg 2","Red Skull","Champion Belt","War Paint"],"card_choices":[{"not_picked":["Headbutt","Sword Boomerang"],"picked":"Shrug It Off"},{"not_picked":["Spot Weakness","Headbutt"],"picked":"Body Slam"},{"not_picked":["Searing Blow","Reckless Charge"],"picked":"Armaments"},{"not_picked":["Anger","Power Through"],"picked":"Impervious"},{"not_picked":["Bludgeon","Demon Form"],"picked":"Immolate"},{"not_picked":["Clash","Infernal Blade"],"picked":"Evolve"},{"not_picked":["Cleave","Shockwave"],"picked":"True Grit"},{"not_picked":["Bludgeon","Brutality"],"picked":"Impervious"},{"not_picked":["Clash","Uppercut"],"picked":"Whirlwind"}],"player_experience":33320,"potions_floor_usage":[],"damage_taken":[{"damage":6.0,"enemies":"Jaw Worm","floor":1.0,"turns":3.0},{"damage":2.0,"enemies":"2 Louse","floor":4.0,"turns":4.0},{"damage":26.0,"enemies":"Gremlin Nob","floor":6.0,"turns":5.0},{"damage":5.0,"enemies":"3 Sentries","floor":11.0,"turns":9.0},{"damage":1.0,"enemies":"Blue Slaver","floor":12.0,"turns":4.0},{"damage":0.0,"enemies":"Looter","floor":14.0,"turns":3.0},{"damage":0.0,"enemies":"Slime Boss","floor":16.0,"turns":8.0},{"damage":0.0,"enemies":"Chosen","floor":18.0,"turns":4.0},{"damage":0.0,"enemies":"2 Thieves","floor":20.0,"turns":4.0},{"damage":0,"enemies":"Book of Stabbing","floor":23,"turns":4},{"damage":0,"enemies":"Gremlin Leader","floor":27,"turns":5},{"damage":0,"enemies":"Chosen and Byrds","floor":28,"turns":8},{"damage":17,"enemies":"Slavers","floor":30,"turns":6},{"damage":0,"enemies":"Centurion and Healer","floor":31,"turns":5},{"damage":0,"enemies":"Automaton","floor":33,"turns":8},{"damage":0,"enemies":"Orb Walker","floor":35,"turns":2},{"damage":68,"enemies":"2 Orb Walkers","floor":41,"turns":8},{"damage":0,"enemies":"3 Shapes","floor":44,"turns":3},{"damage":0,"enemies":"3 Darklings","floor":45,"turns":5},{"damage":0,"enemies":"Giant Head","floor":47,"turns":6},{"damage":0,"enemies":"Flame Bruiser 2 Orb","floor":48,"turns":4},{"damage":0,"enemies":"Time Eater","floor":50,"turns":9}],"event_choices":[{"event_name":"The Cleric","player_choice":"Card Removal","floor":2.0,"damage_taken":0.0},{"event_name":"Upgrade Shrine","player_choice":"Upgraded","floor":3.0,"damage_taken":0.0},{"event_name":"Transmorgrifier","player_choice":"Transform","floor":7.0,"damage_taken":0.0},{"event_name":"N\u0027loth","player_choice":"Ignored","floor":19.0,"damage_taken":0.0},{"event_name":"Upgrade Shrine","player_choice":"Upgraded","floor":21.0,"damage_taken":0.0},{"event_name":"Forgotten Altar","player_choice":"Shed Blood","floor":22.0,"damage_taken":0.0},{"event_name":"Addict","player_choice":"Obtained Relic","floor":24,"damage_taken":0},{"event_name":"Vampires","player_choice":"Ignored","floor":25,"damage_taken":0},{"event_name":"Transmorgrifier","player_choice":"Skipped","floor":36,"damage_taken":0},{"event_name":"The Lab","player_choice":"Got Potions","floor":37,"damage_taken":0},{"event_name":"Golden Shrine","player_choice":"Desecrate","floor":38,"damage_taken":0},{"event_name":"Tomb of Lord Red Mask","player_choice":"Ignored","floor":42,"damage_taken":0}],"boss_relics":[{"not_picked":["Orrery","Philosopher\u0027s Stone"],"picked":"Sozu"}],"potions_floor_spawned":[4,12,18,30,33,44,45,48],"seed_played":"-1252244090824045854","ascension_level":0,"is_trial":false}