{"gold_per_floor":[115,125,11,11,26,26,38,68,68,68,82,157,170,200,200,277,277,297,28,44,44,54,54],"floor_reached":23,"playtime":1246,"items_purged":["Strike_B"],"score":355,"play_id":"7c375721-8230-4afb-8eba-25325897a689","local_time":"20190305195822","is_ascension_mode":true,"campfire_choices":[{"data":"Zap","floor":6,"key":"SMITH"},{"data":"Sunder","floor":10,"key":"SMITH"},{"floor":15,"key":"REST"}],"neow_cost":"NONE","seed_source_timestamp":1054879865904811,"circlet_count":0,"master_deck":["AscendersBane","Strike_B","Defend_B","Defend_B","Defend_B","Defend_B","Zap+1","Dualcast","Reboot","Melter","Defragment","Chill","Defragment","Sunder+1","Compile Driver","Chaos","Reinforced Body","Auto Shields","Core Surge","Ball Lightning","Loop","White Noise"],"relics":["Cracked Core","Darkstone Periapt","Pantograph","Omamori","Nuclear Battery","Anchor"],"potions_floor_usage":[8,11,23],"damage_taken":[{"damage":9,"enemies":"2 Louse","floor":1,"turns":3},{"damage":1,"enemies":"Cultist","floor":2,"turns":3},{"damage":9,"enemies":"Jaw Worm","floor":5,"turns":3},{"damage":4,"enemies":"Exordium Wildlife","floor":7,"turns":5},{"damage":6,"enemies":"3 Sentries","floor":8,"turns":9},{"damage":3,"enemies":"Large Slime","floor":11,"turns":5},{"damage":5,"enemies":"Looter","floor":13,"turns":3},{"damage":13,"enemies":"Gremlin Nob","floor":14,"turns":4},{"damage":2,"enemies":"The Guardian","floor":16,"turns":9},{"damage":3,"enemies":"Chosen","floor":18,"turns":3},{"damage":20,"enemies":"2 Thieves","floor":20,"turns":4},{"damage":14,"enemies":"Colosseum Slavers","floor":21,"turns":4},{"damage":8,"enemies":"Sentry and Sphere","floor":22,"turns":3},{"damage":25,"enemies":"Book of Stabbing","floor":23,"turns":5}],"seed_played":"-4297444585477218253","potions_obtained":[{"floor":5,"key":"EssenceOfSteel"},{"floor":7,"key":"GamblersBrew"},{"floor":8,"key":"Fruit Juice"},{"floor":14,"key":"Ancient Potion"},{"floor":18,"key":"FocusPotion"}],"is_trial":false,"path_per_floor":["M","M","$","?","M","R","M","E","T","R","M","?","M","E","R","B",null,"M","$","M","?","M","E"],"character_chosen":"DEFECT","items_purchased":["Chill","Defragment","Loop","Anchor"],"campfire_rested":1,"item_purchase_floors":[3,3,19,19],"current_hp_per_floor":[55,54,54,54,45,45,41,35,35,35,37,26,21,8,30,53,70,67,67,47,33,25,0],"gold":54,"neow_bonus":"TRANSFORM_CARD","is_prod":false,"is_daily":false,"chose_seed":false,"campfire_upgraded":2,"win_rate":0,"timestamp":1551812302,"path_taken":["M","M","$","?","?","R","M","E","T","R","M","?","M","E","R","BOSS","M","$","M","?","M","E"],"build_version":"2019-02-06","purchased_purges":1,"victory":false,"max_hp_per_floor":[71,71,71,71,71,71,71,71,71,71,76,76,76,76,76,76,76,76,76,76,76,76,76],"card_choices":[{"not_picked":["Rebound","Steam"],"picked":"Melter","floor":1},{"not_picked":["Cold Snap","Barrage"],"picked":"Defragment","floor":2},{"not_picked":["Turbo","Leap","Rebound"],"picked":"SKIP","floor":5},{"not_picked":["Conserve Battery","Turbo"],"picked":"Sunder","floor":7},{"not_picked":["Go for the Eyes","Streamline"],"picked":"Compile Driver","floor":8},{"not_picked":["Reprogram","Coolheaded"],"picked":"Chaos","floor":11},{"not_picked":["Conserve Battery","FTL"],"picked":"Reinforced Body","floor":13},{"not_picked":["Leap","Beam Cell"],"picked":"Auto Shields","floor":14},{"not_picked":["Hyperbeam","Machine Learning"],"picked":"Core Surge","floor":16},{"not_picked":["Conserve Battery+1","Beam Cell+1"],"picked":"Ball Lightning","floor":18},{"not_picked":["Force Field","Steam Power"],"picked":"White Noise","floor":20},{"not_picked":["Melter","Gash","Rip and Tear"],"picked":"SKIP","floor":22}],"player_experience":855308,"relics_obtained":[{"floor":8,"key":"Darkstone Periapt"},{"floor":9,"key":"Pantograph"},{"floor":14,"key":"Omamori"}],"event_choices":[{"cards_removed":["Strike_B"],"damage_healed":0,"gold_gain":0,"player_choice":"Card Removal","damage_taken":0,"max_hp_gain":0,"max_hp_loss":0,"event_name":"Wheel of Change","floor":4,"gold_loss":0},{"damage_healed":0,"gold_gain":75,"player_choice":"Gather Gold","damage_taken":11,"max_hp_gain":0,"max_hp_loss":0,"event_name":"World of Goop","floor":12,"gold_loss":0},{"damage_healed":0,"gold_gain":0,"player_choice":"Fight","damage_taken":0,"max_hp_gain":0,"max_hp_loss":0,"event_name":"Colosseum","floor":21,"gold_loss":0},{"damage_healed":0,"gold_gain":0,"player_choice":"Fled From Nobs","damage_taken":0,"max_hp_gain":0,"max_hp_loss":0,"event_name":"Colosseum","floor":21,"gold_loss":0}],"is_beta":true,"boss_relics":[{"not_picked":["Snecko Eye","Orrery"],"picked":"Nuclear Battery"}],"items_purged_floors":[19],"is_endless":false,"potions_floor_spawned":[5,7,8,14,18,20,22],"killed_by":"Book of Stabbing","ascension_level":15}