{"gold_per_floor":[116,116,133,133,153,153,175,175,175,205,71,71,81,131,131,208,208,222,137,137,137,148,148,158,158,206,219,61,71,30,30],"floor_reached":31,"playtime":1543,"items_purged":[],"score":419,"play_id":"c2f39ab0-98d1-48ca-baec-b4ee74aa1f01","local_time":"20190216204740","is_ascension_mode":true,"campfire_choices":[{"data":"Footwork","floor":6,"key":"SMITH"},{"floor":8,"key":"REST"},{"data":"Deadly Poison","floor":12,"key":"SMITH"},{"data":"Poisoned Stab","floor":15,"key":"SMITH"},{"data":"Night Terror","floor":23,"key":"SMITH"}],"neow_cost":"NONE","seed_source_timestamp":42678287786117,"circlet_count":0,"master_deck":["AscendersBane","Defend_G+1","Defend_G+1","Defend_G+1","Defend_G+1","Defend_G+1","Strike_G+1","Strike_G+1","Survivor","Neutralize","Footwork+1","PiercingWail","Dodge and Roll","Deadly Poison+1","Burst","Poisoned Stab+1","Night Terror+1","Blur","Catalyst","Skewer","Noxious Fumes"],"relics":["Velvet Choker","Odd Mushroom","Ninja Scroll","PreservedInsect","Empty Cage","Happy Flower","Pen Nib","Ancient Tea Set"],"potions_floor_usage":[10,24,29],"damage_taken":[{"damage":0,"enemies":"2 Louse","floor":1,"turns":4},{"damage":5,"enemies":"Jaw Worm","floor":3,"turns":4},{"damage":0,"enemies":"Cultist","floor":5,"turns":7},{"damage":17,"enemies":"The Mushroom Lair","floor":7,"turns":9},{"damage":21,"enemies":"Lagavulin","floor":10,"turns":14},{"damage":0,"enemies":"Looter","floor":13,"turns":4},{"damage":21,"enemies":"The Guardian","floor":16,"turns":11},{"damage":6,"enemies":"3 Byrds","floor":18,"turns":10},{"damage":4,"enemies":"Colosseum Slavers","floor":20,"turns":8},{"damage":0,"enemies":"Shell Parasite","floor":22,"turns":7},{"damage":4,"enemies":"Sentry and Sphere","floor":24,"turns":6},{"damage":0,"enemies":"Snecko","floor":27,"turns":6},{"damage":20,"enemies":"Snake Plant","floor":29,"turns":4},{"damage":20,"enemies":"3 Cultists","floor":31,"turns":6}],"seed_played":"-4018248585223998129","potions_obtained":[{"floor":5,"key":"SteroidPotion"},{"floor":7,"key":"PowerPotion"},{"floor":16,"key":"Explosive Potion"},{"floor":24,"key":"LiquidBronze"},{"floor":27,"key":"Weak Potion"}],"is_trial":false,"path_per_floor":["M","?","M","?","M","R","?","R","T","E","$","R","M","?","R","B",null,"M","?","?","?","M","R","M","T","T","M","$","M","$","M"],"character_chosen":"THE_SILENT","items_purchased":["Deadly Poison","Burst","Catalyst","Skewer","Noxious Fumes"],"campfire_rested":1,"item_purchase_floors":[11,11,28,28,30],"current_hp_per_floor":[59,59,54,47,47,47,30,49,49,28,28,28,28,28,28,7,51,45,45,41,41,41,41,37,37,37,37,37,17,17,0],"gold":30,"neow_bonus":"BOSS_RELIC","is_prod":false,"is_daily":false,"chose_seed":false,"campfire_upgraded":4,"win_rate":0,"timestamp":1550346460,"path_taken":["M","?","M","?","?","R","?","R","T","E","$","R","M","?","R","BOSS","M","?","?","?","M","R","M","?","T","?","?","M","$","M"],"build_version":"2019-02-06","purchased_purges":0,"victory":false,"max_hp_per_floor":[66,66,66,66,66,66,66,66,66,66,66,66,66,66,66,66,66,66,66,66,66,66,66,66,66,66,66,66,66,66,66],"card_choices":[{"not_picked":["Dagger Spray","Backflip"],"picked":"Footwork","floor":1},{"not_picked":["Dagger Throw","Infinite Blades"],"picked":"PiercingWail","floor":3},{"not_picked":["Flechettes","Calculated Gamble","Caltrops"],"picked":"SKIP","floor":5},{"not_picked":["Backstab","Acrobatics"],"picked":"Dodge and Roll","floor":7},{"not_picked":["Caltrops","Finisher","Quick Slash"],"picked":"SKIP","floor":10},{"not_picked":["Calculated Gamble","Dagger Spray"],"picked":"Poisoned Stab","floor":13},{"not_picked":["Tools of the Trade","Storm of Steel"],"picked":"Night Terror","floor":16},{"not_picked":["Caltrops","All Out Attack"],"picked":"Blur","floor":18},{"not_picked":["Flying Knee","Underhanded Strike","Flechettes"],"picked":"SKIP","floor":22},{"not_picked":["Slice","Backstab","Finisher"],"picked":"SKIP","floor":24},{"not_picked":["Caltrops","Backstab","Adrenaline"],"picked":"SKIP","floor":27},{"not_picked":["Outmaneuver","Bane","Accuracy"],"picked":"SKIP","floor":29}],"player_experience":792744,"relics_obtained":[{"floor":7,"key":"Odd Mushroom"},{"floor":9,"key":"Ninja Scroll"},{"floor":10,"key":"PreservedInsect"},{"floor":25,"key":"Pen Nib"},{"floor":26,"key":"Ancient Tea Set"}],"event_choices":[{"damage_healed":0,"gold_gain":0,"player_choice":"Ignored","damage_taken":0,"max_hp_gain":0,"max_hp_loss":0,"event_name":"Liars Game","floor":2,"gold_loss":0},{"cards_removed":["Strike_G"],"damage_healed":0,"gold_gain":0,"player_choice":"Card Removal","damage_taken":7,"max_hp_gain":0,"max_hp_loss":0,"event_name":"Golden Wing","floor":4,"gold_loss":0},{"damage_healed":0,"gold_gain":0,"player_choice":"Fought Mushrooms","damage_taken":0,"max_hp_gain":0,"max_hp_loss":0,"event_name":"Mushrooms","floor":7,"gold_loss":0},{"damage_healed":0,"gold_gain":50,"player_choice":"Pray","damage_taken":0,"max_hp_gain":0,"max_hp_loss":0,"event_name":"Golden Shrine","floor":14,"gold_loss":0},{"damage_healed":0,"gold_gain":0,"player_choice":"Obtained Relic","damage_taken":0,"relics_obtained":["Happy Flower"],"max_hp_gain":0,"max_hp_loss":0,"event_name":"Addict","floor":19,"gold_loss":85},{"damage_healed":0,"gold_gain":0,"player_choice":"Fight","damage_taken":0,"max_hp_gain":0,"max_hp_loss":0,"event_name":"Colosseum","floor":20,"gold_loss":0},{"damage_healed":0,"gold_gain":0,"player_choice":"Fled From Nobs","damage_taken":0,"max_hp_gain":0,"max_hp_loss":0,"event_name":"Colosseum","floor":20,"gold_loss":0},{"damage_healed":0,"gold_gain":0,"player_choice":"Simplicity","damage_taken":0,"max_hp_gain":0,"max_hp_loss":0,"event_name":"Back to Basics","floor":21,"gold_loss":0,"cards_upgraded":["Defend_G","Defend_G","Defend_G","Defend_G","Defend_G","Strike_G","Strike_G"]}],"is_beta":true,"boss_relics":[{"not_picked":["Tiny House","Eternal Feather"],"picked":"Empty Cage"}],"items_purged_floors":[],"is_endless":false,"potions_floor_spawned":[5,7,16,24,27],"killed_by":"3 Cultists","ascension_level":16}