{"gold_per_floor":[113,188,188,206,131,158,158,185,185,185,210,0,0,30,30,119,119,135,60,74,74,92,92,92],"floor_reached":24,"playtime":835,"items_purged":["Strike_R"],"score":439,"play_id":"a8d8d36f-7995-47a7-aab2-1cb69c9bf3ac","local_time":"20190206103547","is_ascension_mode":true,"campfire_choices":[{"data":"Bash","floor":7,"key":"SMITH"},{"data":"Armaments","floor":13,"key":"SMITH"},{"data":"Anger","floor":15,"key":"SMITH"},{"data":"Double Tap","floor":23,"key":"SMITH"}],"neow_cost":"NONE","seed_source_timestamp":1551041895024258,"circlet_count":0,"master_deck":["AscendersBane","Strike_R","Strike_R","Defend_R","Defend_R","Defend_R","Defend_R","Bash+1","Pommel Strike","Iron Wave","Clothesline","Anger+1","Flex","Armaments+1","Flash of Steel","Double Tap+1","Dropkick","Shrug It Off","Shrug It Off"],"relics":["Burning Blood","NeowsBlessing","Blue Candle","Mango","Vajra","Paper Frog","Golden Idol","Odd Mushroom","Velvet Choker","Centennial Puzzle"],"potions_floor_usage":[16],"damage_taken":[{"damage":0,"enemies":"2 Louse","floor":1,"turns":1},{"damage":0,"enemies":"Small Slimes","floor":4,"turns":1},{"damage":0,"enemies":"Lagavulin","floor":6,"turns":1},{"damage":25,"enemies":"Gremlin Nob","floor":8,"turns":4},{"damage":22,"enemies":"The Mushroom Lair","floor":11,"turns":4},{"damage":48,"enemies":"The Guardian","floor":16,"turns":8},{"damage":21,"enemies":"Shell Parasite","floor":18,"turns":6},{"damage":12,"enemies":"3 Byrds","floor":20,"turns":6},{"damage":12,"enemies":"Snake Plant","floor":22,"turns":3},{"damage":39,"enemies":"Chosen and Byrds","floor":24,"turns":5}],"seed_played":"8621220722970541037","potions_obtained":[{"floor":1,"key":"BloodPotion"},{"floor":16,"key":"Strength Potion"},{"floor":20,"key":"Explosive Potion"},{"floor":22,"key":"Fire Potion"}],"is_trial":false,"path_per_floor":["M","?","?","M","?","E","R","E","T","?","?","$","R","?","R","B",null,"M","?","M","T","M","R","M"],"character_chosen":"IRONCLAD","items_purchased":["Armaments","Flash of Steel"],"campfire_rested":0,"item_purchase_floors":[12,12],"current_hp_per_floor":[74,63,52,58,58,78,78,59,59,59,43,43,43,43,43,9,63,48,48,42,42,36,36,0],"gold":92,"neow_bonus":"THREE_ENEMY_KILL","is_prod":false,"is_daily":false,"chose_seed":false,"campfire_upgraded":4,"win_rate":0,"timestamp":1549445747,"path_taken":["M","?","?","M","?","E","R","E","T","?","?","$","R","?","R","BOSS","M","?","M","?","M","R","M"],"build_version":"2019-01-23","purchased_purges":1,"victory":false,"max_hp_per_floor":[75,75,75,75,75,89,89,89,89,81,81,81,81,81,81,81,81,81,81,81,81,81,81,81],"card_choices":[{"not_picked":["Body Slam","Havoc"],"picked":"Pommel Strike","floor":1},{"not_picked":["Flex","Havoc"],"picked":"Iron Wave","floor":4},{"not_picked":["Warcry","Blood for Blood"],"picked":"Clothesline","floor":6},{"not_picked":["Brutality","Searing Blow"],"picked":"Anger","floor":8},{"not_picked":["Anger","Headbutt"],"picked":"Flex","floor":11},{"not_picked":["Feed","Reaper"],"picked":"Double Tap","floor":16},{"not_picked":["Clothesline+1","Thunderclap"],"picked":"Dropkick","floor":18},{"not_picked":["Pommel Strike","Juggernaut"],"picked":"Shrug It Off","floor":20},{"not_picked":["Disarm","Corruption"],"picked":"Shrug It Off","floor":22}],"player_experience":737998,"relics_obtained":[{"floor":6,"key":"Mango"},{"floor":8,"key":"Vajra"},{"floor":9,"key":"Paper Frog"},{"floor":11,"key":"Odd Mushroom"},{"floor":21,"key":"Centennial Puzzle"}],"event_choices":[{"damage_healed":0,"gold_gain":75,"player_choice":"Gather Gold","damage_taken":11,"max_hp_gain":0,"max_hp_loss":0,"event_name":"World of Goop","floor":2,"gold_loss":0},{"damage_healed":0,"gold_gain":0,"player_choice":"Success","damage_taken":11,"relics_obtained":["Blue Candle"],"max_hp_gain":0,"max_hp_loss":0,"event_name":"Scrap Ooze","floor":3,"gold_loss":0},{"cards_removed":["Strike_R"],"damage_healed":0,"gold_gain":0,"player_choice":"Card Removal","damage_taken":0,"max_hp_gain":0,"max_hp_loss":0,"event_name":"The Cleric","floor":5,"gold_loss":75},{"damage_healed":0,"gold_gain":0,"player_choice":"Lose Max HP","damage_taken":0,"relics_obtained":["Golden Idol"],"max_hp_gain":0,"max_hp_loss":8,"event_name":"Golden Idol","floor":10,"gold_loss":0},{"damage_healed":0,"gold_gain":0,"player_choice":"Fought Mushrooms","damage_taken":0,"max_hp_gain":0,"max_hp_loss":0,"event_name":"Mushrooms","floor":11,"gold_loss":0},{"damage_healed":0,"gold_gain":30,"player_choice":"Searched \u00271\u0027 times","damage_taken":0,"max_hp_gain":0,"max_hp_loss":0,"event_name":"Dead Adventurer","floor":14,"gold_loss":0},{"cards_removed":["Strike_R"],"damage_healed":0,"gold_gain":0,"player_choice":"Gave Gold","damage_taken":0,"max_hp_gain":0,"max_hp_loss":0,"event_name":"Beggar","floor":19,"gold_loss":75}],"is_beta":true,"boss_relics":[{"not_picked":["Orrery","Astrolabe"],"picked":"Velvet Choker"}],"items_purged_floors":[12],"is_endless":false,"potions_floor_spawned":[1,16,20,22],"killed_by":"Chosen and Byrds","ascension_level":19}