{"gold_per_floor":[112,112,129,40,40,60,86,101,101,111,128,155,155,172,172,251,251,271,117,137,187,207,207,207],"floor_reached":24,"playtime":1180,"items_purged":["Strike_G"],"score":399,"play_id":"d3e55349-0fa0-4800-84af-89e160f6674f","local_time":"20190304120310","is_ascension_mode":true,"campfire_choices":[{"data":"Blade Dance","floor":13,"key":"SMITH"},{"data":"Noxious Fumes","floor":15,"key":"SMITH"},{"data":"After Image","floor":23,"key":"SMITH"}],"neow_cost":"NONE","seed_source_timestamp":940011454702351,"circlet_count":0,"master_deck":["AscendersBane","Defend_G","Defend_G","Defend_G","Defend_G","Defend_G","Strike_G","Strike_G","Strike_G","Strike_G","Survivor","Neutralize","Blur","Noxious Fumes+1","Accuracy","Blade Dance+1","Dagger Spray","After Image+1","A Thousand Cuts","Well Laid Plans","Accuracy","Terror","Leg Sweep"],"special_seed":0,"relics":["WristBlade","Meat on the Bone","Mummified Hand","Letter Opener","Incense Burner","Coffee Dripper"],"potions_floor_usage":[7,12,16],"damage_taken":[{"damage":3.0,"enemies":"Small Slimes","floor":1.0,"turns":5.0},{"damage":2.0,"enemies":"Cultist","floor":3.0,"turns":5.0},{"damage":6,"enemies":"Jaw Worm","floor":6,"turns":6},{"damage":26,"enemies":"Gremlin Nob","floor":7,"turns":4},{"damage":8,"enemies":"Exordium Thugs","floor":8,"turns":4},{"damage":0,"enemies":"Gremlin Gang","floor":10,"turns":4},{"damage":9,"enemies":"Looter","floor":11,"turns":4},{"damage":25,"enemies":"Lagavulin","floor":12,"turns":7},{"damage":10,"enemies":"Blue Slaver","floor":14,"turns":3},{"damage":8,"enemies":"The Guardian","floor":16,"turns":10},{"damage":0,"enemies":"Chosen","floor":18,"turns":5},{"damage":25,"enemies":"Shell Parasite","floor":20,"turns":6},{"damage":17,"enemies":"Sentry and Sphere","floor":22,"turns":5},{"damage":44,"enemies":"Book of Stabbing","floor":24,"turns":5}],"seed_played":"-6487697140694248897","potions_obtained":[{"floor":1.0,"key":"LiquidBronze"},{"floor":6,"key":"Fire Potion"},{"floor":8,"key":"Swift Potion"},{"floor":11,"key":"Ancient Potion"},{"floor":12,"key":"LiquidBronze"},{"floor":14,"key":"Fire Potion"},{"floor":20,"key":"SpeedPotion"}],"is_trial":false,"path_per_floor":["M","?","M","$","$","M","E","M","T","M","M","E","R","M","R","B",null,"M","$","M","?","M","R","E"],"character_chosen":"THE_SILENT","items_purchased":["Accuracy","Accuracy"],"campfire_rested":0,"item_purchase_floors":[4,19],"current_hp_per_floor":[56,56,54,54,54,48,34,38,38,38,41,28,28,30,30,34,58,58,58,45,45,40,40,0],"gold":207,"neow_bonus":"BOSS_RELIC","is_prod":false,"is_daily":false,"chose_seed":false,"campfire_upgraded":3,"win_rate":0,"timestamp":1551697390,"path_taken":["M","?","M","$","?","?","E","M","T","M","?","E","R","M","R","BOSS","M","$","M","?","M","R","E"],"build_version":"2019-02-06","purchased_purges":1,"victory":false,"max_hp_per_floor":[66,66,66,66,66,66,66,66,66,66,66,66,66,66,66,66,66,66,66,66,66,66,66,66],"card_choices":[{"not_picked":["Deadly Poison","Underhanded Strike"],"picked":"Blur","floor":1.0},{"not_picked":["Flying Knee","Prepared"],"picked":"Noxious Fumes","floor":3.0},{"not_picked":["Acrobatics","Backflip"],"picked":"Blade Dance","floor":6},{"not_picked":["Flying Knee","Concentrate","Quick Slash"],"picked":"SKIP","floor":7},{"not_picked":["Dodge and Roll","Noxious Fumes","Crippling Poison"],"picked":"SKIP","floor":8},{"not_picked":["Prepared","Bouncing Flask"],"picked":"Dagger Spray","floor":10},{"not_picked":["Prepared","Quick Slash","Underhanded Strike"],"picked":"SKIP","floor":11},{"not_picked":["Noxious Fumes","Escape Plan"],"picked":"After Image","floor":12},{"not_picked":["Skewer","Bouncing Flask","PiercingWail"],"picked":"SKIP","floor":14},{"not_picked":["Burst","Envenom"],"picked":"A Thousand Cuts","floor":16},{"not_picked":["Setup","Slice"],"picked":"Well Laid Plans","floor":18},{"not_picked":["Dagger Throw","Flying Knee"],"picked":"Terror","floor":20},{"not_picked":["Dodge and Roll+1","Dagger Throw"],"picked":"Leg Sweep","floor":22}],"player_experience":835205,"relics_obtained":[{"floor":7,"key":"Mummified Hand"},{"floor":9,"key":"Letter Opener"},{"floor":12,"key":"Incense Burner"}],"event_choices":[{"damage_healed":0.0,"max_hp_gain":0.0,"max_hp_loss":0.0,"gold_gain":0.0,"event_name":"WeMeetAgain","player_choice":"Gave Potion","floor":2.0,"gold_loss":0.0,"damage_taken":0.0,"relics_obtained":["Meat on the Bone"]},{"damage_healed":0,"gold_gain":50,"player_choice":"Pray","damage_taken":0,"max_hp_gain":0,"max_hp_loss":0,"event_name":"Golden Shrine","floor":21,"gold_loss":0}],"is_beta":true,"boss_relics":[{"not_picked":["Snecko Eye","Cursed Key"],"picked":"Coffee Dripper"}],"items_purged_floors":[19],"is_endless":false,"potions_floor_spawned":[1,6,8,11,12,14,20],"killed_by":"Book of Stabbing","ascension_level":18}