{"gold_per_floor":[117,137,152,152,170,170,170,170,197,217,217,217,217,17,17,94,94,111,111],"floor_reached":19,"playtime":1213,"items_purged":["Strike_G"],"score":275,"play_id":"2562b0f3-4337-4d65-bd20-d0d1cb4f7c8a","local_time":"20190215134853","is_ascension_mode":true,"campfire_choices":[{"data":"Concentrate","floor":6,"key":"SMITH"},{"floor":8,"key":"REST"},{"data":"Backflip","floor":11,"key":"SMITH"},{"data":"Prepared","floor":13,"key":"SMITH"},{"data":"Dagger Throw","floor":15,"key":"SMITH"}],"neow_cost":"NONE","seed_source_timestamp":190484317362346,"circlet_count":0,"master_deck":["AscendersBane","Defend_G","Defend_G","Defend_G","Defend_G","Defend_G","Strike_G","Strike_G","Strike_G+1","Survivor+1","Neutralize+1","Backflip+1","Concentrate+1","Prepared+1","Dagger Throw+1","Night Terror","Tools of the Trade","Escape Plan"],"relics":["Ring of the Snake","Bag of Preparation","Smiling Mask","Oddly Smooth Stone","HoveringKite"],"potions_floor_usage":[3,16,16],"damage_taken":[{"damage":1,"enemies":"Small Slimes","floor":1,"turns":4},{"damage":0,"enemies":"2 Louse","floor":2,"turns":3},{"damage":0,"enemies":"Cultist","floor":3,"turns":5},{"damage":6,"enemies":"2 Fungi Beasts","floor":5,"turns":5},{"damage":2,"enemies":"3 Louse","floor":10,"turns":4},{"damage":34,"enemies":"Hexaghost","floor":16,"turns":13},{"damage":21,"enemies":"3 Byrds","floor":18,"turns":11},{"damage":43,"enemies":"Chosen","floor":19,"turns":8}],"seed_played":"-6882439631324221729","potions_obtained":[{"floor":1,"key":"Poison Potion"},{"floor":2,"key":"PowerPotion"},{"floor":3,"key":"GamblersBrew"}],"is_trial":false,"path_per_floor":["M","M","M","?","M","R","?","R","T","M","R","?","R","$","R","B",null,"M","M"],"character_chosen":"THE_SILENT","items_purchased":["Oddly Smooth Stone"],"campfire_rested":1,"item_purchase_floors":[14],"current_hp_per_floor":[58,58,58,47,41,41,21,40,40,38,38,38,38,38,38,4,51,30,0],"gold":111,"neow_bonus":"UPGRADE_CARD","is_prod":false,"is_daily":false,"chose_seed":false,"campfire_upgraded":4,"win_rate":0,"timestamp":1550234933,"path_taken":["M","M","M","?","M","R","?","R","T","M","R","?","R","$","R","BOSS","M","M"],"build_version":"2019-02-06","purchased_purges":1,"victory":false,"max_hp_per_floor":[66,66,66,66,66,66,66,66,66,66,66,66,66,66,66,66,66,66,66],"card_choices":[{"not_picked":["Setup","Dodge and Roll"],"picked":"Backflip","floor":1},{"not_picked":["Blade Dance","PiercingWail"],"picked":"Concentrate","floor":2},{"not_picked":["Expertise","Quick Slash"],"picked":"Prepared","floor":3},{"not_picked":["Grand Finale","Reflex"],"picked":"Dagger Throw","floor":5},{"not_picked":["All Out Attack","Prepared","Setup"],"picked":"SKIP","floor":10},{"not_picked":["All Out Attack","Prepared","Setup"],"picked":"SKIP","floor":10},{"not_picked":["Glass Knife","Phantasmal Killer"],"picked":"Tools of the Trade","floor":16},{"not_picked":["Deadly Poison","Finisher"],"picked":"Escape Plan","floor":18}],"player_experience":778386,"relics_obtained":[{"floor":9,"key":"Smiling Mask"}],"event_choices":[{"damage_healed":0,"gold_gain":0,"player_choice":"Success","damage_taken":11,"relics_obtained":["Bag of Preparation"],"max_hp_gain":0,"max_hp_loss":0,"event_name":"Scrap Ooze","floor":4,"gold_loss":0},{"damage_healed":0,"gold_gain":0,"player_choice":"Entered Light","damage_taken":20,"max_hp_gain":0,"max_hp_loss":0,"event_name":"Shining Light","floor":7,"gold_loss":0,"cards_upgraded":["Strike_G","Survivor"]},{"damage_healed":0,"gold_gain":0,"cards_transformed":["Strike_G"],"player_choice":"Transformed","damage_taken":0,"max_hp_gain":0,"max_hp_loss":0,"event_name":"Transmorgrifier","floor":12,"gold_loss":0,"cards_obtained":["Night Terror"]}],"is_beta":true,"boss_relics":[{"not_picked":["Tiny House","Empty Cage"],"picked":"HoveringKite"}],"items_purged_floors":[14],"is_endless":false,"potions_floor_spawned":[1,2,3],"killed_by":"Chosen","ascension_level":15}