{"gold_per_floor":[109,26,26,101,119,148,148,166,166,179,144,179,193,133,133,133],"floor_reached":16,"playtime":574,"items_purged":["Strike_R"],"score":215,"play_id":"c5b3372c-4c77-41fe-8e3e-bcfba8bd8743","local_time":"20190209105655","is_ascension_mode":true,"campfire_choices":[{"floor":7,"key":"REST"},{"floor":15,"key":"REST"}],"neow_cost":"NONE","seed_source_timestamp":1811774699070421,"circlet_count":0,"master_deck":["AscendersBane","Strike_R+1","Strike_R","Strike_R+1","Strike_R","Defend_R","Defend_R","Defend_R","Defend_R","Bash+1","Whirlwind","Headbutt","Rampage","Ghostly Armor","Impervious"],"relics":["Burning Blood","The Courier","Molten Egg 2","Unceasing Top"],"potions_floor_usage":[16,16],"damage_taken":[{"damage":1,"enemies":"2 Louse","floor":1,"turns":2},{"damage":2,"enemies":"Jaw Worm","floor":5,"turns":3},{"damage":31,"enemies":"Gremlin Nob","floor":6,"turns":4},{"damage":6,"enemies":"Cultist","floor":8,"turns":3},{"damage":0,"enemies":"3 Louse","floor":10,"turns":1},{"damage":35,"enemies":"3 Sentries","floor":12,"turns":9},{"damage":27,"enemies":"Exordium Thugs","floor":13,"turns":6},{"damage":36,"enemies":"The Guardian","floor":16,"turns":11}],"seed_played":"6075706138331712944","potions_obtained":[{"floor":5,"key":"GamblersBrew"},{"floor":6,"key":"Weak Potion"},{"floor":13,"key":"FearPotion"}],"is_trial":false,"path_per_floor":["M","$","?","?","M","E","R","M","T","M","?","E","M","$","R","B"],"character_chosen":"IRONCLAD","items_purchased":["Whirlwind"],"campfire_rested":2,"item_purchase_floors":[2],"current_hp_per_floor":[73,73,50,39,43,18,40,40,40,46,64,35,14,14,36,0],"gold":133,"neow_bonus":"UPGRADE_CARD","is_prod":false,"is_daily":false,"chose_seed":false,"campfire_upgraded":0,"win_rate":0,"timestamp":1549706215,"path_taken":["M","$","?","?","M","E","R","M","T","M","?","E","M","$","R","BOSS"],"build_version":"2019-02-06","purchased_purges":1,"victory":false,"max_hp_per_floor":[75,75,75,75,75,75,75,75,75,75,75,75,75,75,75,75],"card_choices":[{"not_picked":["Warcry","Clash","Body Slam"],"picked":"SKIP","floor":1},{"not_picked":["Uppercut","Havoc"],"picked":"Headbutt","floor":5},{"not_picked":["Berserk","Armaments"],"picked":"Rampage","floor":6},{"not_picked":["Hemokinesis","Wild Strike"],"picked":"Ghostly Armor","floor":8},{"not_picked":["Headbutt+1","Bloodletting","Perfected Strike+1"],"picked":"SKIP","floor":10},{"not_picked":["Cleave+1","Uppercut+1","Wild Strike+1"],"picked":"SKIP","floor":12},{"not_picked":["Seeing Red","Body Slam+1"],"picked":"Impervious","floor":13}],"player_experience":748088,"relics_obtained":[{"floor":6,"key":"The Courier"},{"floor":9,"key":"Molten Egg 2"},{"floor":12,"key":"Unceasing Top"}],"event_choices":[{"damage_healed":0,"gold_gain":0,"player_choice":"Entered Light","damage_taken":23,"max_hp_gain":0,"max_hp_loss":0,"event_name":"Shining Light","floor":3,"gold_loss":0,"cards_upgraded":["Strike_R","Strike_R"]},{"damage_healed":0,"gold_gain":75,"player_choice":"Gather Gold","damage_taken":11,"max_hp_gain":0,"max_hp_loss":0,"event_name":"World of Goop","floor":4,"gold_loss":0},{"damage_healed":18,"gold_gain":0,"player_choice":"Healed","damage_taken":0,"max_hp_gain":0,"max_hp_loss":0,"event_name":"The Cleric","floor":11,"gold_loss":35}],"is_beta":true,"boss_relics":[],"items_purged_floors":[14],"is_endless":false,"potions_floor_spawned":[5,6,13],"killed_by":"The Guardian","ascension_level":19}