{"gold_per_floor":[119,119,44,62,8,37,37,54,54,54,17,29,29,29,29,107,107,27,27,27,27,27],"floor_reached":22,"playtime":662,"items_purged":[],"score":383,"play_id":"5ba2cf7b-672f-4803-b507-c207f8e966a0","local_time":"20190221215140","is_ascension_mode":true,"campfire_choices":[{"data":"Neutralize","floor":7,"key":"SMITH"},{"data":"Noxious Fumes","floor":10,"key":"SMITH"},{"data":"Deadly Poison","floor":13,"key":"SMITH"},{"data":"Noxious Fumes","floor":15,"key":"SMITH"}],"neow_cost":"NONE","seed_source_timestamp":25431395342427,"circlet_count":0,"master_deck":["AscendersBane","Defend_G","Defend_G","Defend_G","Defend_G","Strike_G","Strike_G","Strike_G","Strike_G+1","Strike_G+1","Survivor","Neutralize+1","Deflect","Deadly Poison+1","Bane","Noxious Fumes+1","Noxious Fumes+1","Deflect","Corpse Explosion","Catalyst","Bouncing Flask"],"relics":["Ring of the Snake","NeowsBlessing","Tingsha","Shovel","Ectoplasm"],"potions_floor_usage":[16,18],"damage_taken":[{"damage":0,"enemies":"2 Louse","floor":1,"turns":1},{"damage":0,"enemies":"Jaw Worm","floor":4,"turns":1},{"damage":0,"enemies":"Gremlin Nob","floor":6,"turns":1},{"damage":0,"enemies":"Cultist","floor":8,"turns":3},{"damage":6,"enemies":"Exordium Thugs","floor":12,"turns":5},{"damage":11,"enemies":"The Guardian","floor":16,"turns":8},{"damage":24,"enemies":"2 Thieves","floor":18,"turns":4},{"damage":21,"enemies":"Shell Parasite","floor":19,"turns":4},{"damage":23,"enemies":"Centurion and Healer","floor":22,"turns":4}],"seed_played":"323655701128302303","potions_obtained":[{"floor":1,"key":"Weak Potion"},{"floor":6,"key":"Poison Potion"},{"floor":8,"key":"Explosive Potion"}],"is_trial":false,"path_per_floor":["M","?","?","M","$","E","R","M","T","R","$","M","R","$","R","B",null,"M","M","?","?","M"],"character_chosen":"THE_SILENT","items_purchased":["Bane","Noxious Fumes"],"campfire_rested":0,"item_purchase_floors":[5,11],"current_hp_per_floor":[59,39,39,39,39,39,39,39,39,39,39,33,33,33,33,22,55,31,10,10,23,0],"gold":27,"neow_bonus":"THREE_ENEMY_KILL","is_prod":false,"is_daily":false,"chose_seed":false,"campfire_upgraded":4,"win_rate":0,"timestamp":1550782300,"path_taken":["M","?","?","M","?","E","R","M","T","R","?","M","R","$","R","BOSS","M","?","?","?","M"],"build_version":"2019-02-06","purchased_purges":0,"victory":false,"max_hp_per_floor":[66,66,66,66,66,66,66,66,66,66,66,66,66,66,66,66,66,66,66,66,66,66],"card_choices":[{"not_picked":["Distraction","Bane"],"picked":"Deflect","floor":1},{"not_picked":["Blade Dance","Dodge and Roll"],"picked":"Deadly Poison","floor":4},{"not_picked":["Glass Knife","Blade Dance","Dodge and Roll"],"picked":"SKIP","floor":6},{"not_picked":["Backflip","Quick Slash"],"picked":"Noxious Fumes","floor":8},{"not_picked":["Skewer","Flying Knee"],"picked":"Deflect","floor":12},{"not_picked":["Die Die Die","Tools of the Trade"],"picked":"Corpse Explosion","floor":16},{"not_picked":["Blade Dance","Underhanded Strike"],"picked":"Catalyst","floor":18},{"not_picked":["Dagger Throw","Die Die Die"],"picked":"Bouncing Flask","floor":19}],"player_experience":811007,"relics_obtained":[{"floor":6,"key":"Tingsha"},{"floor":9,"key":"Shovel"}],"event_choices":[{"damage_healed":0,"gold_gain":0,"player_choice":"Entered Light","damage_taken":20,"max_hp_gain":0,"max_hp_loss":0,"event_name":"Shining Light","floor":2,"gold_loss":0,"cards_upgraded":["Strike_G","Strike_G"]},{"cards_removed":["Defend_G"],"damage_healed":0,"gold_gain":0,"player_choice":"Card Removal","damage_taken":0,"max_hp_gain":0,"max_hp_loss":0,"event_name":"The Cleric","floor":3,"gold_loss":75},{"damage_healed":13,"gold_gain":0,"player_choice":"Heal","damage_taken":0,"max_hp_gain":0,"max_hp_loss":0,"event_name":"The Library","floor":21,"gold_loss":0}],"is_beta":true,"boss_relics":[{"not_picked":["Fusion Hammer","Ring of the Serpent"],"picked":"Ectoplasm"}],"items_purged_floors":[],"is_endless":false,"potions_floor_spawned":[1,6,8],"killed_by":"Centurion and Healer","ascension_level":17}