{"gold_per_floor":[115,40,40,59,59,59,92,108,181,215,227,237,237,256,256,331,331,343,130,130,130,130,130,156,172,198,213,213,1,1,32,32,106,106,126,139,157,157],"floor_reached":38,"playtime":4803,"items_purged":["Strike_B","Strike_B"],"score":853,"play_id":"8b913f97-f999-4722-8314-558a13ab842a","local_time":"20190306235350","is_ascension_mode":true,"campfire_choices":[{"data":"Streamline","floor":6,"key":"SMITH"},{"data":"White Noise","floor":13,"key":"SMITH"},{"data":"Hologram","floor":15,"key":"SMITH"},{"data":"Redo","floor":23,"key":"SMITH"},{"data":"Defragment","floor":28,"key":"SMITH"},{"floor":30,"key":"REST"},{"floor":32,"key":"REST"}],"neow_cost":"NONE","seed_source_timestamp":1151852790198882,"circlet_count":0,"master_deck":["AscendersBane","Strike_B","Defend_B","Defend_B","Defend_B","Defend_B","Zap+1","Dualcast","Chill","Streamline+1","Hologram+1","Beam Cell","Ball Lightning","White Noise+1","Glacier","Echo Form","Compile Driver","Doom and Gloom","Redo+1","Defragment+1","Self Repair","Go for the Eyes","Echo Form","Double Energy","Hologram","Conserve Battery+1"],"relics":["Cracked Core","NeowsBlessing","Bottled Lightning","Bronze Scales","Cables","Turnip","White Beast Statue","Enchiridion","Pen Nib","Torii","Smiling Mask","Art of War","Blue Candle","Orrery"],"potions_floor_usage":[18,18,25,31,31,37,37],"damage_taken":[{"damage":0,"enemies":"2 Louse","floor":1,"turns":1},{"damage":0,"enemies":"Jaw Worm","floor":4,"turns":1},{"damage":0,"enemies":"Gremlin Nob","floor":7,"turns":1},{"damage":0,"enemies":"Cultist","floor":8,"turns":3},{"damage":17,"enemies":"3 Sentries","floor":10,"turns":7},{"damage":3,"enemies":"Blue Slaver","floor":11,"turns":3},{"damage":9,"enemies":"3 Louse","floor":12,"turns":2},{"damage":1,"enemies":"Exordium Wildlife","floor":14,"turns":4},{"damage":7,"enemies":"Hexaghost","floor":16,"turns":9},{"damage":5,"enemies":"2 Thieves","floor":18,"turns":4},{"damage":0,"enemies":"Gremlin Leader","floor":24,"turns":4},{"damage":0,"enemies":"Shell Parasite","floor":25,"turns":3},{"damage":22,"enemies":"Shelled Parasite and Fungi","floor":27,"turns":5},{"damage":15,"enemies":"Slavers","floor":31,"turns":4},{"damage":30,"enemies":"Champ","floor":33,"turns":9},{"damage":23,"enemies":"3 Shapes","floor":35,"turns":4},{"damage":0,"enemies":"Orb Walker","floor":36,"turns":3},{"damage":28,"enemies":"Spire Growth","floor":37,"turns":4},{"damage":21,"enemies":"Sphere and 2 Shapes","floor":38,"turns":3}],"seed_played":"5871387740373255536","potions_obtained":[{"floor":10,"key":"Poison Potion"},{"floor":11,"key":"Ancient Potion"},{"floor":12,"key":"SkillPotion"},{"floor":18,"key":"Fire Potion"},{"floor":24,"key":"AttackPotion"},{"floor":25,"key":"SmokeBomb"},{"floor":27,"key":"Energy Potion"},{"floor":31,"key":"SpeedPotion"},{"floor":33,"key":"FearPotion"},{"floor":35,"key":"AttackPotion"},{"floor":37,"key":"Ancient Potion"}],"is_trial":false,"path_per_floor":["M","?","?","M","T","R","E","M","T","E","M","M","R","M","R","B",null,"M","$","?","?","?","R","E","M","T","M","R","$","R","E","R","B",null,"M","M","M","M"],"character_chosen":"DEFECT","items_purchased":["Doom and Gloom","Redo","Art of War"],"campfire_rested":2,"item_purchase_floors":[19,19,29],"current_hp_per_floor":[64,64,64,64,64,64,64,64,64,47,44,35,35,34,34,27,60,55,55,55,34,34,34,34,34,34,12,12,12,33,25,46,23,59,43,43,15,0],"gold":157,"neow_bonus":"THREE_ENEMY_KILL","is_prod":false,"is_daily":false,"chose_seed":false,"campfire_upgraded":5,"win_rate":0,"timestamp":1551912830,"path_taken":["M","?","?","M","?","R","E","M","T","E","M","M","R","M","R","BOSS","M","$","?","?","?","R","E","M","T","M","R","$","R","E","R","BOSS","M","?","M","M"],"build_version":"2019-02-06","purchased_purges":2,"victory":false,"max_hp_per_floor":[71,71,71,71,71,71,71,71,71,71,71,71,71,71,71,71,71,71,71,71,71,71,71,71,71,71,71,71,71,71,71,71,71,71,71,71,71,71],"card_choices":[{"not_picked":["Streamline","Ball Lightning"],"picked":"Chill","floor":1},{"not_picked":["Coolheaded","Steam Power"],"picked":"Streamline","floor":4},{"not_picked":["Aggregate","Conserve Battery"],"picked":"Hologram","floor":7},{"not_picked":["Go for the Eyes","Redo"],"picked":"Beam Cell","floor":8},{"not_picked":["Rebound","Amplify"],"picked":"Ball Lightning","floor":10},{"not_picked":["Coolheaded","Barrage"],"picked":"White Noise","floor":11},{"not_picked":["Compile Driver","Beam Cell"],"picked":"Glacier","floor":12},{"not_picked":["Meteor Strike","Beam Cell","Redo"],"picked":"SKIP","floor":14},{"not_picked":["Meteor Strike","Rainbow"],"picked":"Echo Form","floor":16},{"not_picked":["Gash","Hello World"],"picked":"Compile Driver","floor":18},{"not_picked":["Gash","Barrage"],"picked":"Self Repair","floor":24},{"not_picked":["Streamline+1","Leap","Barrage"],"picked":"SKIP","floor":25},{"not_picked":["Sunder","Steam"],"picked":"Go for the Eyes","floor":27},{"not_picked":["Storm","Steam Power","Compile Driver"],"picked":"SKIP","floor":31},{"not_picked":["Rainbow","Multi-Cast"],"picked":"Echo Form","floor":33},{"not_picked":["Hello World","Streamline+1"],"picked":"Double Energy","floor":34},{"not_picked":["Barrage+1","Melter"],"picked":"Hologram","floor":34},{"not_picked":["Hello World","White Noise"],"picked":"Conserve Battery+1","floor":35},{"not_picked":["Gash","Barrage","Steam+1"],"picked":"SKIP","floor":36},{"not_picked":["Go for the Eyes+1","Sweeping Beam","Streamline"],"picked":"SKIP","floor":37}],"player_experience":881585,"relics_obtained":[{"floor":5,"key":"Bottled Lightning"},{"floor":7,"key":"Bronze Scales"},{"floor":9,"key":"Cables"},{"floor":10,"key":"Turnip"},{"floor":21,"key":"Enchiridion"},{"floor":22,"key":"Pen Nib"},{"floor":24,"key":"Torii"},{"floor":26,"key":"Smiling Mask"},{"floor":31,"key":"Blue Candle"}],"event_choices":[{"cards_removed":["Strike_B"],"damage_healed":0,"gold_gain":0,"player_choice":"Card Removal","damage_taken":0,"max_hp_gain":0,"max_hp_loss":0,"event_name":"The Cleric","floor":2,"gold_loss":75},{"damage_healed":0,"gold_gain":0,"player_choice":"Grow","damage_taken":0,"max_hp_gain":0,"max_hp_loss":0,"event_name":"Living Wall","floor":3,"gold_loss":0,"cards_upgraded":["Zap"]},{"damage_healed":0,"gold_gain":0,"player_choice":"Read","damage_taken":0,"max_hp_gain":0,"max_hp_loss":0,"event_name":"The Library","floor":20,"gold_loss":0,"cards_obtained":["Defragment"]},{"damage_healed":0,"gold_gain":0,"player_choice":"Obtained Book","damage_taken":21,"max_hp_gain":0,"max_hp_loss":0,"event_name":"Cursed Tome","floor":21,"gold_loss":0},{"damage_healed":0,"gold_gain":0,"player_choice":"Relic","damage_taken":0,"max_hp_gain":0,"max_hp_loss":0,"event_name":"Wheel of Change","floor":22,"gold_loss":0}],"is_beta":true,"boss_relics":[{"not_picked":["Runic Dome","Snecko Eye"],"picked":"White Beast Statue"},{"not_picked":["Runic Pyramid","Calling Bell"],"picked":"Orrery"}],"items_purged_floors":[19,29],"is_endless":false,"potions_floor_spawned":[10,11,12,14,16,18,24,25,27,31,33,35,36,37],"killed_by":"Sphere and 2 Shapes","ascension_level":16}