{"gold_per_floor":[215,233,62,62,72,72,90,2,25,25,54,54,54,72,72,146,146,161,61,61],"floor_reached":20,"playtime":751,"items_purged":["Strike_B","Strike_B"],"score":310,"play_id":"dd07e7c4-44cf-402f-a5bc-1273d3c4ebab","local_time":"20190307125353","is_ascension_mode":true,"campfire_choices":[{"data":"Zap","floor":6,"key":"SMITH"},{"floor":10,"key":"REST"},{"floor":13,"key":"REST"},{"data":"Redo","floor":15,"key":"SMITH"}],"neow_cost":"NONE","seed_source_timestamp":1202716740179532,"circlet_count":0,"master_deck":["AscendersBane","Strike_B","Strike_B","Defend_B","Defend_B","Defend_B+1","Defend_B+1","Zap+1","Dualcast","Doom and Gloom","Capacitor","Coolheaded","Defragment","Conserve Battery","Self Repair","Redo+1","Doom and Gloom"],"relics":["Cracked Core","PreservedInsect","Strawberry","Sozu"],"potions_floor_usage":[5,7,11],"damage_taken":[{"damage":0,"enemies":"Cultist","floor":1,"turns":4},{"damage":12,"enemies":"Small Slimes","floor":2,"turns":2},{"damage":0,"enemies":"2 Louse","floor":5,"turns":1},{"damage":18,"enemies":"Exordium Thugs","floor":7,"turns":4},{"damage":32,"enemies":"Gremlin Nob","floor":11,"turns":4},{"damage":6,"enemies":"Looter","floor":14,"turns":4},{"damage":25,"enemies":"Hexaghost","floor":16,"turns":10},{"damage":45,"enemies":"3 Byrds","floor":18,"turns":6},{"damage":31,"enemies":"Colosseum Slavers","floor":20,"turns":2}],"seed_played":"5520356647613187046","potions_obtained":[{"floor":2,"key":"AttackPotion"},{"floor":5,"key":"Block Potion"},{"floor":7,"key":"AttackPotion"},{"floor":16,"key":"Strength Potion"}],"is_trial":false,"path_per_floor":["M","M","$","?","M","R","M","$","T","R","E","$","R","M","R","B",null,"M","$","?"],"character_chosen":"DEFECT","items_purchased":["Capacitor","Coolheaded","Self Repair"],"campfire_rested":2,"item_purchase_floors":[3,3,8],"current_hp_per_floor":[64,52,52,31,31,31,13,13,13,34,16,16,39,40,40,22,64,26,26,0],"gold":61,"neow_bonus":"HUNDRED_GOLD","is_prod":false,"is_daily":false,"chose_seed":false,"campfire_upgraded":2,"win_rate":0,"timestamp":1551959633,"path_taken":["M","M","?","?","M","R","M","$","T","R","E","$","R","M","R","BOSS","M","$","?"],"build_version":"2019-02-06","purchased_purges":2,"victory":false,"max_hp_per_floor":[71,71,71,71,71,71,71,71,71,71,78,78,78,78,78,78,78,78,78,78],"card_choices":[{"not_picked":["Streamline","Defragment"],"picked":"Doom and Gloom","floor":1},{"not_picked":["Static Discharge","Stack","Turbo"],"picked":"SKIP","floor":2},{"not_picked":["Compile Driver","Leap"],"picked":"Defragment","floor":5},{"not_picked":["Rebound","Aggregate"],"picked":"Conserve Battery","floor":7},{"not_picked":["Leap","Sweeping Beam","Steam"],"picked":"SKIP","floor":11},{"not_picked":["Barrage","Leap"],"picked":"Redo","floor":14},{"not_picked":["Go for the Eyes","Conserve Battery"],"picked":"Doom and Gloom","floor":18}],"player_experience":890622,"relics_obtained":[{"floor":9,"key":"PreservedInsect"},{"floor":11,"key":"Strawberry"}],"event_choices":[{"damage_healed":0,"gold_gain":0,"player_choice":"Entered Light","damage_taken":21,"max_hp_gain":0,"max_hp_loss":0,"event_name":"Shining Light","floor":4,"gold_loss":0,"cards_upgraded":["Defend_B","Defend_B"]},{"damage_healed":0,"gold_gain":0,"player_choice":"Fight","damage_taken":0,"max_hp_gain":0,"max_hp_loss":0,"event_name":"Colosseum","floor":20,"gold_loss":0}],"is_beta":true,"boss_relics":[{"not_picked":["White Beast Statue","Cursed Key"],"picked":"Sozu"}],"items_purged_floors":[3,19],"is_endless":false,"potions_floor_spawned":[2,5,7,16],"killed_by":"Colosseum Slavers","ascension_level":16}