{"gold_per_floor":[417,417,429,439,130,130,165,165,191,191,206,222,78,90,90,164,164,184,164,181,181],"floor_reached":21,"playtime":1266,"items_purged":["Strike_B","Strike_B"],"score":329,"play_id":"804109cc-e95c-4b91-9a48-3f401c02b263","local_time":"20190307154620","is_ascension_mode":true,"campfire_choices":[{"data":"Zap","floor":6,"key":"SMITH"},{"data":"Chaos","floor":8,"key":"SMITH"},{"data":"Zap","floor":10,"key":"SMITH"},{"floor":15,"key":"REST"}],"neow_cost":"TEN_PERCENT_HP_LOSS","seed_source_timestamp":1212522684507283,"circlet_count":0,"master_deck":["AscendersBane","Strike_B","Strike_B","Defend_B","Defend_B","Defend_B","Defend_B","Zap+1","Dualcast","Streamline","Zap+1","Chaos+1","Genetic Algorithm","Rainbow","Auto Shields","Capacitor","Defragment","Cold Snap","Loop","Conserve Battery+1"],"relics":["Cracked Core","Old Coin","Orichalcum","Anchor","Regal Pillow","Velvet Choker"],"potions_floor_usage":[16,19,20],"damage_taken":[{"damage":0,"enemies":"2 Louse","floor":1,"turns":2},{"damage":1,"enemies":"Cultist","floor":3,"turns":3},{"damage":3,"enemies":"Jaw Worm","floor":4,"turns":4},{"damage":13,"enemies":"Lagavulin","floor":7,"turns":5},{"damage":1,"enemies":"Looter","floor":11,"turns":3},{"damage":5,"enemies":"Blue Slaver","floor":12,"turns":3},{"damage":32,"enemies":"Gremlin Gang","floor":14,"turns":4},{"damage":22,"enemies":"Slime Boss","floor":16,"turns":9},{"damage":7,"enemies":"Chosen","floor":18,"turns":6},{"damage":0,"enemies":"2 Thieves","floor":19,"turns":4},{"damage":9,"enemies":"Snecko","floor":20,"turns":6},{"damage":40,"enemies":"Snake Plant","floor":21,"turns":3}],"seed_played":"5308830888622154378","potions_obtained":[{"floor":1,"key":"FearPotion"},{"floor":3,"key":"Dexterity Potion"},{"floor":14,"key":"Poison Potion"},{"floor":18,"key":"Explosive Potion"},{"floor":19,"key":"GamblersBrew"}],"is_trial":false,"path_per_floor":["M","?","M","M","$","R","E","R","T","R","M","M","$","M","R","B",null,"M","M","M","M"],"character_chosen":"DEFECT","items_purchased":["Rainbow","Orichalcum","Defragment"],"campfire_rested":1,"item_purchase_floors":[5,5,13],"current_hp_per_floor":[64,64,63,60,60,60,47,47,47,47,46,41,41,9,43,21,53,46,46,37,0],"gold":181,"neow_bonus":"ONE_RARE_RELIC","is_prod":false,"is_daily":false,"chose_seed":false,"campfire_upgraded":3,"win_rate":0,"timestamp":1551969980,"path_taken":["M","?","M","M","$","R","E","R","T","R","?","M","?","?","R","BOSS","M","?","M","?"],"build_version":"2019-02-06","purchased_purges":2,"victory":false,"max_hp_per_floor":[64,64,64,64,64,64,64,64,64,64,64,64,64,64,64,64,64,64,64,64,64],"card_choices":[{"not_picked":["Rebound","Consume"],"picked":"Streamline","floor":1},{"not_picked":["Static Discharge","Steam","Redo"],"picked":"SKIP","floor":3},{"not_picked":["Beam Cell","Turbo"],"picked":"Genetic Algorithm","floor":4},{"not_picked":["Undo","Beam Cell"],"picked":"Auto Shields","floor":7},{"not_picked":["Coolheaded","Barrage","All For One"],"picked":"SKIP","floor":11},{"not_picked":["Sweeping Beam","Ball Lightning"],"picked":"Capacitor","floor":12},{"not_picked":["Blizzard","Leap"],"picked":"Cold Snap","floor":14},{"not_picked":["Static Discharge","Blizzard+1"],"picked":"Loop","floor":18},{"not_picked":["Tempest","Stack","Recycle"],"picked":"SKIP","floor":19},{"not_picked":["Static Discharge","Gash"],"picked":"Conserve Battery+1","floor":20}],"player_experience":899329,"relics_obtained":[{"floor":7,"key":"Anchor"},{"floor":9,"key":"Regal Pillow"}],"event_choices":[{"damage_healed":0,"gold_gain":0,"player_choice":"2 cards matched","damage_taken":0,"max_hp_gain":0,"max_hp_loss":0,"event_name":"Match and Keep!","floor":2,"gold_loss":0,"cards_obtained":["Zap","Chaos"]}],"is_beta":true,"boss_relics":[{"not_picked":["White Beast Statue","Snecko Eye"],"picked":"Velvet Choker"}],"items_purged_floors":[5,13],"is_endless":false,"potions_floor_spawned":[1,3,4,14,18,19],"killed_by":"Snake Plant","ascension_level":16}