{"gold_per_floor":[112,37,37,52,71,99,99,157,182,182,82,94,111,145,145,218,218,158,83,83,83,83,83,83,83,83,83,83],"floor_reached":28,"playtime":1253,"items_purged":["Shame","Strike_R"],"score":587,"play_id":"64e59bd8-9803-4445-80ec-70ba387bcb37","local_time":"20190213161724","is_ascension_mode":true,"campfire_choices":[{"data":"Bludgeon","floor":7,"key":"SMITH"},{"floor":10,"key":"REST"},{"data":"Uppercut","floor":15,"key":"SMITH"},{"floor":24,"key":"REST"},{"data":"True Grit","floor":27,"key":"SMITH"}],"neow_cost":"CURSE","seed_source_timestamp":26545758220373,"circlet_count":0,"master_deck":["AscendersBane","Strike_R","Strike_R","Strike_R+1","Defend_R","Defend_R","Defend_R","Defend_R","Bash+1","Bludgeon+1","Uppercut+1","Offering","Battle Trance","Headbutt","Iron Wave","Feed","Ghostly Armor","True Grit+1"],"relics":["Burning Blood","Regal Pillow","Tiny Chest","Art of War","Whetstone","Ectoplasm","Anchor","Red Skull","Kunai","Bottled Flame"],"potions_floor_usage":[6,8,16,23],"damage_taken":[{"damage":6,"enemies":"Jaw Worm","floor":1,"turns":3},{"damage":0,"enemies":"Cultist","floor":4,"turns":3},{"damage":0,"enemies":"2 Louse","floor":5,"turns":3},{"damage":40,"enemies":"3 Sentries","floor":6,"turns":10},{"damage":33,"enemies":"Gremlin Nob","floor":8,"turns":4},{"damage":6,"enemies":"Blue Slaver","floor":12,"turns":1},{"damage":21,"enemies":"3 Louse","floor":13,"turns":3},{"damage":6,"enemies":"Lagavulin","floor":14,"turns":4},{"damage":45,"enemies":"Hexaghost","floor":16,"turns":8},{"damage":21,"enemies":"2 Thieves","floor":18,"turns":3},{"damage":6,"enemies":"Spheric Guardian","floor":20,"turns":3},{"damage":6,"enemies":"Snake Plant","floor":22,"turns":2},{"damage":36,"enemies":"Slavers","floor":23,"turns":9},{"damage":21,"enemies":"Book of Stabbing","floor":25,"turns":4},{"damage":52,"enemies":"Gremlin Leader","floor":28,"turns":6}],"seed_played":"-795303296947128634","potions_obtained":[{"floor":3,"key":"Regen Potion"},{"floor":3,"key":"LiquidBronze"},{"floor":4,"key":"Fire Potion"},{"floor":6,"key":"SmokeBomb"},{"floor":13,"key":"GamblersBrew"},{"floor":14,"key":"FearPotion"},{"floor":16,"key":"Ancient Potion"},{"floor":18,"key":"PowerPotion"}],"is_trial":false,"path_per_floor":["M","$","?","M","M","E","R","E","T","R","$","M","M","E","R","B",null,"M","?","M","T","M","E","R","E","T","R","E"],"character_chosen":"IRONCLAD","items_purchased":[],"campfire_rested":2,"item_purchase_floors":[],"current_hp_per_floor":[68,68,68,74,75,41,41,26,26,63,63,63,48,48,48,9,59,44,44,44,44,47,17,55,40,40,40,0],"gold":83,"neow_bonus":"THREE_RARE_CARDS","is_prod":false,"is_daily":false,"chose_seed":false,"campfire_upgraded":3,"win_rate":0,"timestamp":1550071044,"path_taken":["M","$","?","M","M","E","R","E","T","R","$","M","?","E","R","BOSS","M","?","M","?","M","E","R","E","T","R","E"],"build_version":"2019-02-06","purchased_purges":2,"victory":false,"max_hp_per_floor":[75,75,75,75,75,75,75,75,75,75,75,75,75,75,75,75,75,75,75,75,75,78,78,78,78,78,78,78],"card_choices":[{"not_picked":["Dark Embrace","Feed"],"picked":"Bludgeon","floor":0},{"not_picked":["Havoc","Body Slam","Reckless Charge"],"picked":"SKIP","floor":1},{"not_picked":["Thunderclap","Pommel Strike"],"picked":"Uppercut","floor":4},{"not_picked":["Sword Boomerang","Limit Break","Corruption"],"picked":"SKIP","floor":5},{"not_picked":["Heavy Blade","Dual Wield"],"picked":"Offering","floor":6},{"not_picked":["Warcry","Headbutt"],"picked":"Battle Trance","floor":8},{"not_picked":["Sever Soul","Havoc"],"picked":"Headbutt","floor":12},{"not_picked":["Body Slam","Headbutt","Rupture"],"picked":"SKIP","floor":13},{"not_picked":["Flex","Infernal Blade"],"picked":"Iron Wave","floor":14},{"not_picked":["Limit Break","Demon Form"],"picked":"Feed","floor":16},{"not_picked":["Body Slam","Havoc+1"],"picked":"Ghostly Armor","floor":18},{"not_picked":["Headbutt","Rage"],"picked":"True Grit","floor":20},{"not_picked":["Corruption","Perfected Strike","Warcry"],"picked":"SKIP","floor":22},{"not_picked":["Offering","Dark Embrace","Havoc"],"picked":"SKIP","floor":23},{"not_picked":["Clothesline","Reckless Charge+1","Pommel Strike"],"picked":"SKIP","floor":25}],"player_experience":754337,"relics_obtained":[{"floor":6,"key":"Regal Pillow"},{"floor":8,"key":"Tiny Chest"},{"floor":9,"key":"Art of War"},{"floor":14,"key":"Whetstone"},{"floor":21,"key":"Anchor"},{"floor":23,"key":"Red Skull"},{"floor":25,"key":"Kunai"},{"floor":26,"key":"Bottled Flame"}],"event_choices":[{"damage_healed":0,"gold_gain":0,"player_choice":"Got Potions","damage_taken":0,"max_hp_gain":0,"max_hp_loss":0,"event_name":"Lab","floor":3,"gold_loss":0},{"cards_removed":["Strike_R"],"damage_healed":0,"gold_gain":0,"player_choice":"Gave Gold","damage_taken":0,"max_hp_gain":0,"max_hp_loss":0,"event_name":"Beggar","floor":19,"gold_loss":75}],"is_beta":true,"boss_relics":[{"not_picked":["Orrery","Astrolabe"],"picked":"Ectoplasm"}],"items_purged_floors":[2,11],"is_endless":false,"potions_floor_spawned":[4,5,6,13,14,16,18,20],"killed_by":"Gremlin Leader","ascension_level":19}