{"gold_per_floor":[18,18,35,35,51,71,84,84,163,163,195,214,214,239,239,239],"floor_reached":16,"playtime":700,"items_purged":[],"score":218,"play_id":"2bef0b17-4a8f-4980-bb70-7264be82eaac","local_time":"20190208201025","is_ascension_mode":true,"campfire_choices":[{"data":"Seeing Red","floor":10,"key":"SMITH"},{"floor":13,"key":"REST"},{"floor":15,"key":"REST"}],"neow_cost":"NO_GOLD","seed_source_timestamp":1758463351137983,"circlet_count":0,"master_deck":["AscendersBane","Strike_R","Strike_R","Strike_R","Defend_R","Defend_R","Defend_R","Bash","Seeing Red+1","Whirlwind+1","Metallicize","Thunderclap","Spot Weakness"],"relics":["Burning Blood","Ginger","Dodecahedron","Boot","Orichalcum"],"potions_floor_usage":[14,16],"damage_taken":[{"damage":5,"enemies":"Small Slimes","floor":1,"turns":4},{"damage":8,"enemies":"2 Louse","floor":3,"turns":3},{"damage":1,"enemies":"Cultist","floor":5,"turns":3},{"damage":23,"enemies":"Large Slime","floor":6,"turns":8},{"damage":4,"enemies":"2 Fungi Beasts","floor":7,"turns":3},{"damage":38,"enemies":"Lagavulin","floor":11,"turns":8},{"damage":4,"enemies":"Looter","floor":12,"turns":4},{"damage":26,"enemies":"3 Sentries","floor":14,"turns":6},{"damage":59,"enemies":"Slime Boss","floor":16,"turns":8}],"seed_played":"8222779894032121390","potions_obtained":[{"floor":1,"key":"Swift Potion"},{"floor":7,"key":"Dexterity Potion"},{"floor":11,"key":"Regen Potion"},{"floor":14,"key":"SteroidPotion"}],"is_trial":false,"path_per_floor":["M","?","M","?","M","M","M","?","T","R","E","M","R","E","R","B"],"character_chosen":"IRONCLAD","items_purchased":[],"campfire_rested":2,"item_purchase_floors":[],"current_hp_per_floor":[69,58,56,56,61,44,46,46,46,46,14,16,38,33,55,0],"gold":239,"neow_bonus":"REMOVE_TWO","is_prod":false,"is_daily":false,"chose_seed":false,"campfire_upgraded":1,"win_rate":0,"timestamp":1549653025,"path_taken":["M","?","M","?","M","M","M","?","T","R","E","M","R","E","R","BOSS"],"build_version":"2019-02-06","purchased_purges":0,"victory":false,"max_hp_per_floor":[75,75,75,75,75,75,75,75,75,75,75,75,75,75,75,75],"card_choices":[{"not_picked":["Evolve","Perfected Strike"],"picked":"Seeing Red","floor":1},{"not_picked":["Searing Blow","Headbutt"],"picked":"Whirlwind","floor":3},{"not_picked":["Clash","Reckless Charge"],"picked":"Metallicize","floor":5},{"not_picked":["Armaments","Twin Strike","Warcry"],"picked":"SKIP","floor":6},{"not_picked":["Perfected Strike","Armaments","Sword Boomerang"],"picked":"SKIP","floor":7},{"not_picked":["Immolate","Thunderclap","Bloodletting"],"picked":"SKIP","floor":11},{"not_picked":["Immolate","Bloodletting"],"picked":"Thunderclap","floor":11},{"not_picked":["Twin Strike","Inflame"],"picked":"Spot Weakness","floor":12},{"not_picked":["Berserk","Cleave","Body Slam"],"picked":"SKIP","floor":14}],"player_experience":747388,"relics_obtained":[{"floor":9,"key":"Dodecahedron"},{"floor":11,"key":"Boot"},{"floor":14,"key":"Orichalcum"}],"event_choices":[{"damage_healed":0,"gold_gain":0,"player_choice":"Success","damage_taken":11,"relics_obtained":["Ginger"],"max_hp_gain":0,"max_hp_loss":0,"event_name":"Scrap Ooze","floor":2,"gold_loss":0},{"cards_removed":["Strike_R"],"damage_healed":0,"gold_gain":0,"player_choice":"Forget","damage_taken":0,"max_hp_gain":0,"max_hp_loss":0,"event_name":"Living Wall","floor":4,"gold_loss":0},{"damage_healed":0,"gold_gain":0,"player_choice":"Upgraded","damage_taken":0,"max_hp_gain":0,"max_hp_loss":0,"event_name":"Upgrade Shrine","floor":8,"gold_loss":0,"cards_upgraded":["Whirlwind"]}],"is_beta":true,"boss_relics":[],"items_purged_floors":[],"is_endless":false,"potions_floor_spawned":[1,7,11,14],"killed_by":"Slime Boss","ascension_level":19}