{"gold_per_floor":[111,111,111,38,3,3,41,41,41,41,59,90,106,124,124,218,218,236,161,176,210,210,210,225,243,291,117,133,60,87,107,107,107],"floor_reached":33,"playtime":1693,"items_purged":["Strike_G","Strike_G"],"score":446,"play_id":"f74f828e-97c9-4003-9eb7-6defa39c9074","local_time":"20190215210804","is_ascension_mode":true,"campfire_choices":[{"data":"Dagger Spray","floor":6,"key":"SMITH"},{"floor":8,"key":"REST"},{"floor":15,"key":"REST"},{"data":"Accuracy","floor":23,"key":"SMITH"},{"floor":32,"key":"REST"}],"neow_cost":"NONE","seed_source_timestamp":216353382972160,"circlet_count":0,"master_deck":["AscendersBane","Defend_G","Defend_G","Defend_G","Defend_G","Defend_G+1","Strike_G","Survivor","Neutralize","Storm of Steel+1","Dagger Spray+1","Infinite Blades","Backflip","Blade Dance","Venomology","Escape Plan","Accuracy+1","Adrenaline","Blade Dance","Dodge and Roll","Flying Knee","Terror","Footwork+1","Well Laid Plans","Acrobatics"],"relics":["Ring of the Snake","Golden Idol","Ninja Scroll","FossilizedHelix","Boot","Black Star","Red Mask","Centennial Puzzle","Ancient Tea Set"],"potions_floor_usage":[16,16,20,24,24,25,28,31,33,33,33],"damage_taken":[{"damage":0,"enemies":"2 Louse","floor":1,"turns":3},{"damage":34,"enemies":"Lagavulin","floor":7,"turns":6},{"damage":0,"enemies":"Jaw Worm","floor":11,"turns":3},{"damage":22,"enemies":"Gremlin Nob","floor":12,"turns":4},{"damage":0,"enemies":"Small Slimes","floor":13,"turns":2},{"damage":0,"enemies":"3 Louse","floor":14,"turns":1},{"damage":28,"enemies":"Hexaghost","floor":16,"turns":11},{"damage":11,"enemies":"Spheric Guardian","floor":18,"turns":4},{"damage":0,"enemies":"3 Byrds","floor":20,"turns":3},{"damage":5,"enemies":"Masked Bandits","floor":21,"turns":4},{"damage":0,"enemies":"Snecko","floor":24,"turns":3},{"damage":19,"enemies":"Snake Plant","floor":25,"turns":6},{"damage":4,"enemies":"Centurion and Healer","floor":28,"turns":6},{"damage":0,"enemies":"3 Cultists","floor":31,"turns":5},{"damage":29,"enemies":"Collector","floor":33,"turns":3}],"seed_played":"-4197761025665148444","potions_obtained":[{"floor":12,"key":"EssenceOfSteel"},{"floor":13,"key":"Energy Potion"},{"floor":25,"key":"LiquidBronze"}],"is_trial":false,"path_per_floor":["M","?","?","$","?","R","E","R","T","?","M","E","M","M","R","B",null,"M","$","M","?","?","R","M","M","T","$","M","$","T","M","R","B"],"character_chosen":"THE_SILENT","items_purchased":["Infinite Blades","Terror","Well Laid Plans"],"campfire_rested":3,"item_purchase_floors":[4,27,29],"current_hp_per_floor":[59,59,41,41,56,56,22,40,40,33,33,11,11,11,29,1,45,34,34,34,29,29,29,29,10,10,10,6,6,6,6,24,0],"gold":107,"neow_bonus":"ONE_RANDOM_RARE_CARD","is_prod":false,"is_daily":false,"chose_seed":false,"campfire_upgraded":2,"win_rate":0,"timestamp":1550261284,"path_taken":["M","?","?","$","?","R","E","R","T","?","M","E","M","M","R","BOSS","M","$","M","?","?","R","?","M","T","$","M","$","?","M","R","BOSS"],"build_version":"2019-02-06","purchased_purges":2,"victory":false,"max_hp_per_floor":[66,60,60,60,60,60,60,60,60,60,60,60,60,60,60,60,60,60,60,60,60,60,60,60,60,60,60,60,60,60,60,60,60],"card_choices":[{"not_picked":["Dodge and Roll","Underhanded Strike"],"picked":"Dagger Spray","floor":1},{"not_picked":["Acrobatics","Outmaneuver"],"picked":"Backflip","floor":7},{"not_picked":["Quick Slash","Slice"],"picked":"Blade Dance","floor":11},{"not_picked":["Dodge and Roll","Dash"],"picked":"Venomology","floor":12},{"not_picked":["Heel Hook","Bane"],"picked":"Escape Plan","floor":13},{"not_picked":["Well Laid Plans","Finisher"],"picked":"Accuracy","floor":14},{"not_picked":["Glass Knife","Storm of Steel"],"picked":"Adrenaline","floor":16},{"not_picked":["Heel Hook","Setup","Dash"],"picked":"SKIP","floor":18},{"not_picked":["Choke","Poisoned Stab"],"picked":"Blade Dance","floor":20},{"not_picked":["Bane","Underhanded Strike+1"],"picked":"Dodge and Roll","floor":24},{"not_picked":["Outmaneuver","Underhanded Strike"],"picked":"Flying Knee","floor":25},{"not_picked":["Deadly Poison","Sucker Punch"],"picked":"Footwork+1","floor":28},{"not_picked":["Tactician","Catalyst"],"picked":"Acrobatics","floor":31}],"player_experience":782794,"relics_obtained":[{"floor":7,"key":"Ninja Scroll"},{"floor":9,"key":"FossilizedHelix"},{"floor":12,"key":"Boot"},{"floor":21,"key":"Red Mask"},{"floor":26,"key":"Centennial Puzzle"},{"floor":30,"key":"Ancient Tea Set"}],"event_choices":[{"damage_healed":0,"gold_gain":0,"player_choice":"Lose Max HP","damage_taken":0,"relics_obtained":["Golden Idol"],"max_hp_gain":0,"max_hp_loss":6,"event_name":"Golden Idol","floor":2,"gold_loss":0},{"damage_healed":0,"gold_gain":0,"player_choice":"Entered Light","damage_taken":18,"max_hp_gain":0,"max_hp_loss":0,"event_name":"Shining Light","floor":3,"gold_loss":0,"cards_upgraded":["Storm of Steel","Defend_G"]},{"damage_healed":15,"gold_gain":0,"player_choice":"Healed","damage_taken":0,"max_hp_gain":0,"max_hp_loss":0,"event_name":"The Cleric","floor":5,"gold_loss":35},{"cards_removed":["Strike_G"],"damage_healed":0,"gold_gain":0,"player_choice":"Card Removal","damage_taken":7,"max_hp_gain":0,"max_hp_loss":0,"event_name":"Golden Wing","floor":10,"gold_loss":0},{"damage_healed":0,"gold_gain":0,"player_choice":"Fought Bandits","damage_taken":0,"max_hp_gain":0,"max_hp_loss":0,"event_name":"Masked Bandits","floor":21,"gold_loss":0},{"cards_removed":["Strike_G"],"damage_healed":0,"gold_gain":0,"player_choice":"Purged","damage_taken":0,"max_hp_gain":0,"max_hp_loss":0,"event_name":"Purifier","floor":22,"gold_loss":0}],"is_beta":true,"boss_relics":[{"not_picked":["HoveringKite","White Beast Statue"],"picked":"Black Star"}],"items_purged_floors":[19,27],"is_endless":false,"potions_floor_spawned":[12,13,14,20,21,25,28],"killed_by":"Collector","ascension_level":15}