{"gold_per_floor":[117,132,143,156,256,291,291,309,309,322,322,332,332,349,349,454,454,471,4,22,38,58,90,90,90,139,159,173,173,191,191,191,291,291,310,326,343,360,29,29,48,68,68,84,84,119,119,132,132,132],"floor_reached":50,"playtime":4480,"items_purged":[],"score":556,"play_id":"3c7b45d5-290e-4cfb-b805-faa260336e84","local_time":"20190205225328","is_ascension_mode":false,"campfire_choices":[{"floor":7.0,"key":"REST"},{"data":"Bullet Time","floor":11.0,"key":"SMITH"},{"data":"Infinite Blades","floor":13.0,"key":"SMITH"},{"floor":15.0,"key":"REST"},{"floor":24.0,"key":"REST"},{"data":"Blade Dance","floor":29.0,"key":"SMITH"},{"floor":32,"key":"REST"},{"floor":40,"key":"REST"},{"floor":45,"key":"REST"},{"data":"Backflip","floor":47,"key":"SMITH"},{"floor":49,"key":"REST"}],"neow_cost":"NONE","seed_source_timestamp":0,"circlet_count":0,"master_deck":["Defend_G","Defend_G","Defend_G","Defend_G","Defend_G","Strike_G","Strike_G","Strike_G","Strike_G","Strike_G","Survivor","Neutralize","Deflect","Blade Dance+1","Dagger Throw","Slice","Bullet Time+1","Backstab","Accuracy+1","Infinite Blades+1","Backflip+1","Corpse Explosion","Dagger Throw+1","Deadly Poison","Slice","Deflect","Backflip+1","Endless Agony+1","Backflip","Dagger Spray+1","Infinite Blades","Leg Sweep","Blade Dance+1","Die Die Die","Cloak And Dagger","Catalyst+1","Flying Knee+1","Reflex+1","Catalyst","Terror+1","Dagger Spray+1","Backstab","Backflip+1","Quick Slash+1"],"special_seed":0,"relics":["Ring of the Snake","Letter Opener","Meat on the Bone","Runic Pyramid","Regal Pillow","TwistedFunnel","Lantern","Potion Belt","HoveringKite","Happy Flower","Gremlin Horn","Ginger"],"potions_floor_usage":[33,38,38,48,50,50,50],"damage_taken":[{"damage":1.0,"enemies":"Cultist","floor":1.0,"turns":6.0},{"damage":5.0,"enemies":"Jaw Worm","floor":2.0,"turns":6.0},{"damage":0.0,"enemies":"2 Louse","floor":3.0,"turns":3.0},{"damage":13.0,"enemies":"Gremlin Gang","floor":4.0,"turns":6.0},{"damage":22.0,"enemies":"3 Sentries","floor":6.0,"turns":12.0},{"damage":0.0,"enemies":"2 Fungi Beasts","floor":8.0,"turns":3.0},{"damage":4.0,"enemies":"3 Louse","floor":10.0,"turns":2.0},{"damage":0.0,"enemies":"Blue Slaver","floor":12.0,"turns":3.0},{"damage":13.0,"enemies":"Lots of Slimes","floor":14.0,"turns":4.0},{"damage":53.0,"enemies":"Hexaghost","floor":16.0,"turns":11.0},{"damage":9.0,"enemies":"3 Byrds","floor":18.0,"turns":4.0},{"damage":10.0,"enemies":"2 Thieves","floor":20.0,"turns":4.0},{"damage":0.0,"enemies":"Snecko","floor":21.0,"turns":4.0},{"damage":16.0,"enemies":"Cultist and Chosen","floor":22.0,"turns":5.0},{"damage":20.0,"enemies":"Book of Stabbing","floor":23.0,"turns":6.0},{"damage":0.0,"enemies":"3 Cultists","floor":27.0,"turns":2.0},{"damage":12.0,"enemies":"Centurion and Healer","floor":28.0,"turns":5.0},{"damage":13.0,"enemies":"Snake Plant","floor":30.0,"turns":4.0},{"damage":39,"enemies":"Champ","floor":33,"turns":11},{"damage":9,"enemies":"Orb Walker","floor":35,"turns":4},{"damage":1,"enemies":"3 Darklings","floor":36,"turns":3},{"damage":45,"enemies":"Transient","floor":37,"turns":5},{"damage":21,"enemies":"Spire Growth","floor":38,"turns":5},{"damage":4,"enemies":"4 Shapes","floor":41,"turns":3},{"damage":17,"enemies":"Jaw Worm Horde","floor":42,"turns":5},{"damage":17,"enemies":"Transient","floor":44,"turns":5},{"damage":44,"enemies":"Nemesis","floor":46,"turns":7},{"damage":23,"enemies":"Maw","floor":48,"turns":8},{"damage":82,"enemies":"Time Eater","floor":50,"turns":11}],"seed_played":"-2656018640600205662","potions_obtained":[{"floor":2.0,"key":"LiquidBronze"},{"floor":3.0,"key":"SpeedPotion"},{"floor":6.0,"key":"GhostInAJar"},{"floor":16.0,"key":"Regen Potion"},{"floor":18.0,"key":"Poison Potion"},{"floor":27.0,"key":"Explosive Potion"},{"floor":33,"key":"GhostInAJar"},{"floor":35,"key":"Dexterity Potion"},{"floor":42,"key":"SkillPotion"}],"is_trial":false,"path_per_floor":["M","M","M","M","?","E","R","M","T","M","R","M","R","M","R","B",null,"M","$","M","M","M","E","R","?","T","M","M","R","M","?","R","B",null,"M","M","M","M","$","R","M","M","T","M","R","E","R","M","R","B"],"character_chosen":"THE_SILENT","items_purchased":["Regal Pillow","TwistedFunnel","Deadly Poison","Slice","Deflect","Catalyst","GhostInAJar","Regen Potion","Happy Flower"],"campfire_rested":7,"item_purchase_floors":[19,19,19,19,19,39,39,39,39],"current_hp_per_floor":[76,71,71,58,58,36,59,59,59,55,55,55,55,42,65,24,77,68,68,58,58,42,34,72,72,72,72,60,60,47,47,77,50,77,68,67,34,25,25,63,59,42,42,37,75,43,43,41,77,0],"gold":132,"neow_bonus":"TEN_PERCENT_HP_BONUS","is_prod":false,"is_daily":false,"chose_seed":false,"campfire_upgraded":4,"win_rate":0.0,"timestamp":1549425208,"path_taken":["M","M","M","?","?","E","R","M","T","M","R","?","R","M","R","BOSS","M","$","M","M","?","E","R","?","T","?","M","R","M","?","R","BOSS","M","?","M","M","$","R","M","M","T","M","R","E","R","M","R","BOSS"],"build_version":"2019-01-23","purchased_purges":0,"victory":false,"max_hp_per_floor":[77,77,77,77,77,77,77,77,77,77,77,77,77,77,77,77,77,77,77,77,77,77,77,77,77,77,77,77,77,77,77,77,77,77,77,77,77,77,77,77,77,77,77,77,77,77,77,77,77,77],"card_choices":[{"not_picked":["Blade Dance","Dagger Spray"],"picked":"Deflect","floor":1.0},{"not_picked":["Dodge and Roll","Flechettes"],"picked":"Blade Dance","floor":2.0},{"not_picked":["Prepared","Backflip"],"picked":"Dagger Throw","floor":3.0},{"not_picked":["Dagger Throw","Heel Hook"],"picked":"Slice","floor":4.0},{"not_picked":["Footwork","Endless Agony"],"picked":"Bullet Time","floor":6.0},{"not_picked":["Backflip","Deflect"],"picked":"Backstab","floor":8.0},{"not_picked":["Skewer","Dagger Spray"],"picked":"Accuracy","floor":10.0},{"not_picked":["Endless Agony","Cloak And Dagger"],"picked":"Infinite Blades","floor":12.0},{"not_picked":["PiercingWail","Dagger Spray"],"picked":"Backflip","floor":14.0},{"not_picked":["Burst","A Thousand Cuts"],"picked":"Corpse Explosion","floor":16.0},{"not_picked":["Quick Slash+1","Cloak And Dagger"],"picked":"Dagger Throw+1","floor":18.0},{"not_picked":["PiercingWail","Riddle With Holes"],"picked":"Backflip+1","floor":20.0},{"not_picked":["Dagger Spray","PiercingWail"],"picked":"Endless Agony+1","floor":21.0},{"not_picked":["Blade Dance","Quick Slash"],"picked":"Backflip","floor":22.0},{"not_picked":["Sucker Punch","PiercingWail"],"picked":"Dagger Spray+1","floor":23.0},{"not_picked":["Deflect","Caltrops"],"picked":"Infinite Blades","floor":27.0},{"not_picked":["Dagger Throw","Dodge and Roll"],"picked":"Leg Sweep","floor":28.0},{"not_picked":["Terror","Endless Agony"],"picked":"Blade Dance","floor":30},{"not_picked":["Glass Knife","Wraith Form v2"],"picked":"Die Die Die","floor":33},{"not_picked":["Poisoned Stab+1","Dodge and Roll+1"],"picked":"Cloak And Dagger","floor":35},{"not_picked":["Deadly Poison+1","Calculated Gamble"],"picked":"Catalyst+1","floor":36},{"not_picked":["Dagger Spray+1","Dodge and Roll"],"picked":"Flying Knee+1","floor":37},{"not_picked":["Riddle With Holes+1","Finisher"],"picked":"Reflex+1","floor":38},{"not_picked":["Dodge and Roll","Storm of Steel"],"picked":"Terror+1","floor":41},{"not_picked":["Quick Slash","Deflect"],"picked":"Dagger Spray+1","floor":42},{"not_picked":["Noxious Fumes+1","Backflip"],"picked":"Backstab","floor":44},{"not_picked":["Flying Knee+1","Dagger Spray+1"],"picked":"Backflip+1","floor":46},{"not_picked":["Dodge and Roll","Flying Knee"],"picked":"Quick Slash+1","floor":48}],"player_experience":30591,"relics_obtained":[{"floor":6.0,"key":"Letter Opener"},{"floor":9.0,"key":"Meat on the Bone"},{"floor":23.0,"key":"Lantern"},{"floor":26.0,"key":"Potion Belt"},{"floor":43,"key":"Gremlin Horn"},{"floor":46,"key":"Ginger"}],"event_choices":[{"damage_healed":0.0,"max_hp_gain":0.0,"max_hp_loss":0.0,"gold_gain":100.0,"event_name":"Golden Shrine","player_choice":"Pray","floor":5.0,"gold_loss":0.0,"damage_taken":0.0},{"damage_healed":0.0,"max_hp_gain":0.0,"max_hp_loss":0.0,"gold_gain":0.0,"event_name":"Upgrade Shrine","player_choice":"Upgraded","floor":25.0,"gold_loss":0.0,"damage_taken":0.0,"cards_upgraded":["Accuracy"]},{"damage_healed":0,"gold_gain":0,"player_choice":"Upgraded","damage_taken":0,"max_hp_gain":0,"max_hp_loss":0,"event_name":"Upgrade Shrine","floor":31,"gold_loss":0,"cards_upgraded":["Blade Dance"]}],"is_beta":false,"boss_relics":[{"not_picked":["Empty Cage","Philosopher\u0027s Stone"],"picked":"Runic Pyramid"},{"not_picked":["Astrolabe","Tiny House"],"picked":"HoveringKite"}],"items_purged_floors":[],"is_endless":false,"potions_floor_spawned":[2,3,6,14,16,18,21,27,33,35,42],"killed_by":"Time Eater","ascension_level":0}