{"gold_per_floor":[111,129,129,147,147,175,195,160,160,160,178,178,178,213,213,314,314,330,342,342,342,353,353,372,385,385,395,413,413,413,440,440,440],"floor_reached":33,"playtime":1919,"items_purged":[],"score":321,"play_id":"101b8039-efe2-44cd-aaf2-8cbcf29c7ae0","local_time":"20190311203448","is_ascension_mode":true,"campfire_choices":[{"data":"Finisher","floor":10,"key":"SMITH"},{"floor":13,"key":"REST"},{"floor":15,"key":"REST"},{"data":"Bouncing Flask","floor":23,"key":"SMITH"},{"floor":29,"key":"REST"},{"floor":32,"key":"REST"}],"neow_cost":"NONE","seed_source_timestamp":180456800943136,"circlet_count":0,"master_deck":["Defend_G","Defend_G","Defend_G","Strike_G","Strike_G","Strike_G","Survivor","Neutralize+1","Finisher+1","Adrenaline","Dagger Spray","Deadly Poison","Bouncing Flask+1","Sucker Punch+1","Predator","Die Die Die","Bane+1","Flechettes+1","Crippling Poison","PiercingWail+1"],"relics":["Empty Cage","Incense Burner","Gambling Chip","Thread and Needle","Runic Pyramid","Letter Opener","Bronze Scales"],"potions_floor_usage":[16,19,31,33,33,33],"damage_taken":[{"damage":1,"enemies":"2 Louse","floor":1,"turns":3},{"damage":0,"enemies":"Cultist","floor":2,"turns":3},{"damage":2,"enemies":"Small Slimes","floor":4,"turns":3},{"damage":41,"enemies":"Gremlin Nob","floor":6,"turns":5},{"damage":24,"enemies":"2 Fungi Beasts","floor":7,"turns":5},{"damage":7,"enemies":"Large Slime","floor":11,"turns":4},{"damage":12,"enemies":"3 Sentries","floor":14,"turns":5},{"damage":12,"enemies":"Hexaghost","floor":16,"turns":8},{"damage":10,"enemies":"Shell Parasite","floor":18,"turns":3},{"damage":19,"enemies":"2 Thieves","floor":19,"turns":3},{"damage":4,"enemies":"Sentry and Sphere","floor":22,"turns":5},{"damage":9,"enemies":"Centurion and Healer","floor":24,"turns":4},{"damage":10,"enemies":"Shelled Parasite and Fungi","floor":25,"turns":5},{"damage":1,"enemies":"Sentry and Sphere","floor":27,"turns":5},{"damage":6,"enemies":"Centurion and Healer","floor":28,"turns":3},{"damage":16,"enemies":"Gremlin Leader","floor":31,"turns":5},{"damage":44,"enemies":"Automaton","floor":33,"turns":8}],"seed_played":"-9057587074436733308","potions_obtained":[{"floor":2,"key":"SkillPotion"},{"floor":11,"key":"Energy Potion"},{"floor":14,"key":"Strength Potion"},{"floor":16,"key":"GamblersBrew"},{"floor":19,"key":"Ancient Potion"},{"floor":31,"key":"LiquidBronze"}],"is_trial":false,"path_per_floor":["M","M","?","M","?","E","M","?","T","R","M","?","R","E","R","B",null,"M","M","?","?","M","R","M","M","T","M","M","R","?","E","R","B"],"character_chosen":"THE_SILENT","items_purchased":[],"campfire_rested":4,"item_purchase_floors":[],"current_hp_per_floor":[69,69,69,67,72,31,7,25,25,25,18,18,40,28,50,38,75,65,46,46,39,35,35,26,16,16,15,9,31,31,15,37,0],"gold":440,"neow_bonus":"BOSS_RELIC","is_prod":false,"is_daily":false,"chose_seed":false,"campfire_upgraded":2,"win_rate":0,"timestamp":1552332888,"path_taken":["M","M","?","?","?","E","M","?","T","R","M","?","R","E","R","BOSS","M","M","?","?","M","R","M","M","T","M","?","R","?","E","R","BOSS"],"build_version":"2019-01-23","purchased_purges":0,"victory":false,"max_hp_per_floor":[70,70,70,70,75,75,75,75,75,75,75,75,75,75,75,75,75,75,75,75,75,75,75,75,75,75,75,75,75,75,75,75,75],"card_choices":[{"not_picked":["Backflip","Bane"],"picked":"Finisher","floor":1},{"not_picked":["Outmaneuver","Endless Agony","Deflect"],"picked":"SKIP","floor":2},{"not_picked":["Acrobatics","Dash"],"picked":"Adrenaline","floor":4},{"not_picked":["Tactician","Accuracy","Backflip"],"picked":"SKIP","floor":6},{"not_picked":["Outmaneuver","Sucker Punch"],"picked":"Dagger Spray","floor":7},{"not_picked":["Reflex","Bane"],"picked":"Deadly Poison","floor":11},{"not_picked":["Deflect","Infinite Blades"],"picked":"Bouncing Flask","floor":14},{"not_picked":["Blade Dance","Underhanded Strike+1"],"picked":"Sucker Punch+1","floor":18},{"not_picked":["Blade Dance+1","Quick Slash","Flying Knee"],"picked":"SKIP","floor":19},{"not_picked":["Prepared","Heel Hook"],"picked":"Bane+1","floor":22},{"not_picked":["Acrobatics","Quick Slash"],"picked":"Flechettes+1","floor":24},{"not_picked":["Acrobatics","Dagger Spray"],"picked":"Crippling Poison","floor":25},{"not_picked":["Choke+1","Sucker Punch","Flying Knee+1"],"picked":"SKIP","floor":27},{"not_picked":["Choke","All Out Attack","Dash"],"picked":"SKIP","floor":28},{"not_picked":["Concentrate","Distraction+1"],"picked":"PiercingWail+1","floor":31}],"player_experience":184103,"relics_obtained":[{"floor":6,"key":"Incense Burner"},{"floor":9,"key":"Gambling Chip"},{"floor":14,"key":"Thread and Needle"},{"floor":26,"key":"Letter Opener"},{"floor":31,"key":"Bronze Scales"}],"event_choices":[{"damage_healed":0,"gold_gain":0,"player_choice":"Forge","damage_taken":0,"max_hp_gain":0,"max_hp_loss":0,"event_name":"Accursed Blacksmith","floor":3,"gold_loss":0,"cards_upgraded":["Neutralize"]},{"damage_healed":0,"gold_gain":0,"player_choice":"Donut","damage_taken":0,"max_hp_gain":5,"max_hp_loss":0,"event_name":"Big Fish","floor":5,"gold_loss":0},{"damage_healed":18,"gold_gain":0,"player_choice":"Healed","damage_taken":0,"max_hp_gain":0,"max_hp_loss":0,"event_name":"The Cleric","floor":8,"gold_loss":35},{"damage_healed":0,"gold_gain":0,"player_choice":"Ignored","damage_taken":0,"max_hp_gain":0,"max_hp_loss":0,"event_name":"Golden Idol","floor":12,"gold_loss":0},{"damage_healed":0,"gold_gain":0,"cards_transformed":["Defend_G","Strike_G"],"player_choice":"Became Test Subject","damage_taken":0,"max_hp_gain":0,"max_hp_loss":0,"event_name":"Drug Dealer","floor":20,"gold_loss":0,"cards_obtained":["Predator","Die Die Die"]},{"damage_healed":0,"gold_gain":0,"player_choice":"","damage_taken":7,"max_hp_gain":0,"max_hp_loss":0,"event_name":"Knowing Skull","floor":21,"potions_obtained":[],"gold_loss":0,"cards_obtained":[]},{"damage_healed":0,"gold_gain":0,"player_choice":"Leave","damage_taken":0,"max_hp_gain":0,"max_hp_loss":0,"event_name":"FaceTrader","floor":30,"gold_loss":0}],"is_beta":false,"boss_relics":[{"not_picked":["White Beast Statue","Lizard Tail"],"picked":"Runic Pyramid"}],"items_purged_floors":[],"is_endless":false,"potions_floor_spawned":[2,11,14,16,19,31],"killed_by":"Automaton","ascension_level":3}