{"path_per_floor":["M","M","$","?","?","E","M","R","T","R","$","M","M","E","R","B",null,"M","?","$","M","$","E","M","R","T","M","M","E","R","M","R"],"character_chosen":"IRONCLAD","items_purchased":["Armaments","Thunderclap","Oddly Smooth Stone","Bag of Marbles","Clash"],"gold_per_floor":[118,134,11,11,11,37,50,50,50,50,25,43,63,94,94,194,194,213,463,66,76,31,65,81,81,81,96,109,137,137,148,148],"floor_reached":33,"campfire_rested":2,"playtime":8951,"current_hp_per_floor":[80,80,80,80,68,30,36,36,36,36,36,21,27,27,51,28,80,70,70,70,66,66,30,13,37,37,39,41,31,31,37,37],"items_purged":["Strike_R","Regret"],"gold":148,"score":297,"play_id":"f5062120-63e0-4924-87f1-939a32a557a0","is_prod":false,"is_daily":false,"is_ascension_mode":false,"campfire_upgraded":4,"path_taken":["M","M","$","?","?","E","M","R","T","R","?","M","?","E","R","BOSS","M","?","$","?","?","E","M","R","T","?","M","E","R","M","R","BOSS"],"build_version":"2018-02-08-BETA1","purchased_purges":2,"victory":false,"master_deck":["Strike_R","Strike_R+1","Strike_R","Strike_R+1","Defend_R","Defend_R","Defend_R","Defend_R","Bash+1","Pommel Strike","Seeing Red+1","Armaments+1","Fire Breathing+1","Shrug It Off","Thunderclap","Whirlwind+1","Rage","Offering+1","Clash","Headbutt","Battle Trance+1"],"max_hp_per_floor":[80,80,80,80,80,80,80,80,80,80,80,80,80,80,80,80,80,80,80,80,80,80,80,80,80,80,80,80,80,80,80,80],"relics":["Burning Blood","Kunai","Frozen Egg 2","Whetstone","Ancient Tea Set","Mark of Pain","Oddly Smooth Stone","Bag of Marbles","Anchor","Mercury Hourglass","Omamori"],"card_choices":[{"not_picked":["Twin Strike","Clothesline"],"picked":"Pommel Strike"},{"not_picked":["Wild Strike","True Grit"],"picked":"Seeing Red"},{"not_picked":["Havoc","Pummel"],"picked":"Fire Breathing"},{"not_picked":["Heavy Blade","Dual Wield"],"picked":"Shrug It Off"},{"not_picked":["Shrug It Off","Iron Wave"],"picked":"Whirlwind"},{"not_picked":["Twin Strike","Rampage"],"picked":"Rage"},{"not_picked":["Brutality","Berserk"],"picked":"Offering"},{"not_picked":["Spot Weakness","Dark Embrace"],"picked":"Headbutt"},{"not_picked":["Fire Breathing","Rampage"],"picked":"Battle Trance"}],"player_experience":47803,"potions_floor_usage":[14,16,23,23,33,33],"damage_taken":[{"damage":6,"enemies":"Jaw Worm","floor":1,"turns":4},{"damage":5,"enemies":"Small Slimes","floor":2,"turns":4},{"damage":44,"enemies":"Lagavulin","floor":6,"turns":7},{"damage":0,"enemies":"Cultist","floor":7,"turns":3},{"damage":21,"enemies":"Exordium Thugs","floor":12,"turns":4},{"damage":0,"enemies":"Large Slime","floor":13,"turns":5},{"damage":6,"enemies":"3 Sentries","floor":14,"turns":3},{"damage":29,"enemies":"Hexaghost","floor":16,"turns":10},{"damage":16,"enemies":"3 Byrds","floor":18,"turns":4},{"damage":10,"enemies":"Shell Parasite","floor":21,"turns":3},{"damage":42,"enemies":"Book of Stabbing","floor":23,"turns":6},{"damage":23,"enemies":"Snake Plant","floor":24,"turns":4},{"damage":4,"enemies":"Cultist and Chosen","floor":27,"turns":4},{"damage":4,"enemies":"Snecko","floor":28,"turns":2},{"damage":16,"enemies":"Gremlin Leader","floor":29,"turns":6},{"damage":0,"enemies":"Chosen and Byrds","floor":31,"turns":3},{"damage":38,"enemies":"Automaton","floor":33,"turns":4}],"event_choices":[{"event_name":"The Cleric","player_choice":"Leave","floor":4,"damage_taken":0},{"event_name":"Scrap Ooze","player_choice":"success","floor":5,"damage_taken":12},{"event_name":"Golden Shrine","player_choice":"Desecrate","floor":19,"damage_taken":0}],"boss_relics":[{"not_picked":["Question Card","Calling Bell"],"picked":"Mark of Pain"}],"potions_floor_spawned":[1,7,14,18,21,24],"seed_played":"-4325767285087801729","killed_by":"Automaton","ascension_level":0,"is_trial":false}