{"gold_per_floor":[110,110,35,0,75,106,121,121,173,192,192,217,230,230,230,230],"floor_reached":16,"playtime":620,"items_purged":["Defend_B"],"score":246,"play_id":"170871ce-7ec5-4eaf-8ebb-02fbf198206e","local_time":"20190311120709","is_ascension_mode":true,"campfire_choices":[{"data":"Zap","floor":8,"key":"SMITH"},{"data":"Coolheaded","floor":11,"key":"SMITH"},{"data":"Genetic Algorithm","floor":15,"key":"SMITH"}],"neow_cost":"NONE","seed_source_timestamp":1545658429669423,"circlet_count":0,"master_deck":["AscendersBane","Strike_B+1","Strike_B","Strike_B","Defend_B+1","Defend_B+1","Defend_B","Zap+1","Dualcast+1","Reinforced Body","Coolheaded+1","BootSequence","Sweeping Beam","Conserve Battery","Genetic Algorithm+1"],"relics":["Cracked Core","NeowsBlessing","Pantograph","War Paint","Bag of Marbles"],"potions_floor_usage":[16,16],"damage_taken":[{"damage":0,"enemies":"Small Slimes","floor":1,"turns":1},{"damage":0,"enemies":"Lagavulin","floor":6,"turns":1},{"damage":0,"enemies":"2 Louse","floor":7,"turns":1},{"damage":0,"enemies":"Cultist","floor":10,"turns":3},{"damage":10,"enemies":"3 Sentries","floor":12,"turns":9},{"damage":1,"enemies":"Looter","floor":13,"turns":2},{"damage":64,"enemies":"Hexaghost","floor":16,"turns":15}],"seed_played":"8252575991672411657","potions_obtained":[{"floor":10,"key":"Dexterity Potion"},{"floor":12,"key":"EssenceOfSteel"}],"is_trial":false,"path_per_floor":["M","?","$","?","?","E","M","R","T","M","R","E","M","?","R","B"],"character_chosen":"DEFECT","items_purchased":[],"campfire_rested":0,"item_purchase_floors":[],"current_hp_per_floor":[64,43,43,60,49,49,49,49,49,49,49,39,38,38,38,0],"gold":230,"neow_bonus":"THREE_ENEMY_KILL","is_prod":false,"is_daily":false,"chose_seed":false,"campfire_upgraded":3,"win_rate":0,"timestamp":1552302429,"path_taken":["M","?","$","?","?","E","M","R","T","M","R","E","M","?","R","BOSS"],"build_version":"2019-02-06","purchased_purges":1,"victory":false,"max_hp_per_floor":[71,71,71,71,71,71,71,71,71,71,71,71,71,71,71,71],"card_choices":[{"not_picked":["Conserve Battery","Scrape"],"picked":"Reinforced Body","floor":1},{"not_picked":["Redo","Static Discharge","Hologram"],"picked":"SKIP","floor":6},{"not_picked":["Steam","Hello World"],"picked":"Coolheaded","floor":7},{"not_picked":["Conserve Battery","Stack"],"picked":"BootSequence","floor":10},{"not_picked":["Steam","Rebound"],"picked":"Sweeping Beam","floor":12},{"not_picked":["Melter","Reprogram"],"picked":"Conserve Battery","floor":13}],"player_experience":946297,"relics_obtained":[{"floor":6,"key":"Pantograph"},{"floor":9,"key":"War Paint"},{"floor":12,"key":"Bag of Marbles"}],"event_choices":[{"damage_healed":0,"gold_gain":0,"player_choice":"Entered Light","damage_taken":21,"max_hp_gain":0,"max_hp_loss":0,"event_name":"Shining Light","floor":2,"gold_loss":0,"cards_upgraded":["Dualcast","Strike_B"]},{"damage_healed":17,"gold_gain":0,"player_choice":"Healed","damage_taken":0,"max_hp_gain":0,"max_hp_loss":0,"event_name":"The Cleric","floor":4,"gold_loss":35},{"damage_healed":0,"gold_gain":75,"player_choice":"Gather Gold","damage_taken":11,"max_hp_gain":0,"max_hp_loss":0,"event_name":"World of Goop","floor":5,"gold_loss":0},{"damage_healed":0,"gold_gain":0,"cards_transformed":["Strike_B"],"player_choice":"Change","damage_taken":0,"max_hp_gain":0,"max_hp_loss":0,"event_name":"Living Wall","floor":14,"gold_loss":0,"cards_obtained":["Genetic Algorithm"]}],"is_beta":true,"boss_relics":[],"items_purged_floors":[3],"is_endless":false,"potions_floor_spawned":[10,12,13],"killed_by":"Hexaghost","ascension_level":17}