{"gold_per_floor":[115,39,39,59,76,111,111,19,69,83,8,25,25,25,25,25],"floor_reached":16,"playtime":603,"items_purged":["Defend_R"],"score":195,"play_id":"368d379c-b4ab-4f81-88ec-e478b0a1c5ce","local_time":"20190205131800","is_ascension_mode":true,"campfire_choices":[{"data":"Intimidate","floor":7,"key":"SMITH"},{"data":"Armaments","floor":13,"key":"SMITH"},{"floor":15,"key":"REST"}],"neow_cost":"NONE","seed_source_timestamp":1474572802747817,"circlet_count":0,"master_deck":["AscendersBane","Strike_R","Strike_R","Strike_R+1","Strike_R+1","Defend_R","Defend_R+1","Defend_R","Bash","Flame Barrier","Shrug It Off","Headbutt","True Grit+1","Battle Trance","Intimidate+1","Inflame","Armaments+1","Inflame"],"special_seed":0,"relics":["Burning Blood","NeowsBlessing","Whetstone","War Paint"],"potions_floor_usage":[6,16,16],"damage_taken":[{"damage":0.0,"enemies":"2 Louse","floor":1.0,"turns":1.0},{"damage":0,"enemies":"Cultist","floor":4,"turns":1},{"damage":0,"enemies":"Jaw Worm","floor":5,"turns":1},{"damage":55,"enemies":"Gremlin Nob","floor":6,"turns":5},{"damage":0,"enemies":"Looter","floor":10,"turns":3},{"damage":7,"enemies":"3 Louse","floor":12,"turns":5},{"damage":61,"enemies":"Slime Boss","floor":16,"turns":16}],"seed_played":"3503087019599913791","potions_obtained":[{"floor":4,"key":"EssenceOfSteel"},{"floor":5,"key":"Fruit Juice"},{"floor":12,"key":"Energy Potion"}],"is_trial":false,"path_per_floor":["M","$","?","M","M","E","R","$","T","M","$","M","R","$","R","B"],"character_chosen":"IRONCLAD","items_purchased":["Shrug It Off","Headbutt","Inflame","Armaments"],"campfire_rested":1,"item_purchase_floors":[2,2,8,8],"current_hp_per_floor":[74,74,74,75,75,31,31,31,31,37,37,36,36,36,60,0],"gold":25,"neow_bonus":"THREE_ENEMY_KILL","is_prod":false,"is_daily":false,"chose_seed":false,"campfire_upgraded":2,"win_rate":0,"timestamp":1549369080,"path_taken":["M","$","?","?","M","E","R","$","T","M","?","M","R","?","R","BOSS"],"build_version":"2019-01-23","purchased_purges":1,"victory":false,"max_hp_per_floor":[75,75,75,75,75,80,80,80,80,80,80,80,80,80,80,80],"card_choices":[{"not_picked":["Wild Strike","Clash"],"picked":"Flame Barrier","floor":1},{"not_picked":["Combust","Havoc"],"picked":"True Grit","floor":4},{"not_picked":["Exhume","Heavy Blade"],"picked":"Battle Trance","floor":5},{"not_picked":["Dual Wield","Bloodletting"],"picked":"Intimidate","floor":6},{"not_picked":["Clothesline","Power Through","Clash"],"picked":"SKIP","floor":10},{"not_picked":["Armaments","Wild Strike"],"picked":"Inflame","floor":12}],"player_experience":706663,"relics_obtained":[{"floor":6,"key":"Whetstone"},{"floor":9,"key":"War Paint"}],"event_choices":[{"cards_removed":["Strike_R"],"damage_healed":0,"gold_gain":0,"player_choice":"Offered Basic","damage_taken":0,"max_hp_gain":0,"max_hp_loss":0,"event_name":"Bonfire Elementals","floor":3,"gold_loss":0}],"is_beta":true,"boss_relics":[],"items_purged_floors":[11],"is_endless":false,"potions_floor_spawned":[4,5,12],"killed_by":"Slime Boss","ascension_level":19}