{"gold_per_floor":[119,130,150,162,237,267,267,325,350,350,369,369,369,388,388,493,493,503,503,483,583,206,206,217,246,246,257,257,257,18,18,18,18],"floor_reached":33,"playtime":1676,"items_purged":[],"score":325,"play_id":"7bf3a350-6fba-40ca-89c4-9f4911337a24","local_time":"20190207011119","is_ascension_mode":false,"campfire_choices":[{"floor":7,"key":"REST"},{"floor":10,"key":"REST"},{"data":"Noxious Fumes","floor":13,"key":"SMITH"},{"data":"Terror","floor":15,"key":"SMITH"},{"data":"Noxious Fumes","floor":23,"key":"SMITH"},{"floor":29,"key":"REST"},{"floor":32,"key":"REST"}],"neow_cost":"NONE","seed_source_timestamp":1150572944809946,"circlet_count":0,"master_deck":["Defend_G","Defend_G","Defend_G","Defend_G","Defend_G","Strike_G","Strike_G","Strike_G","Strike_G","Strike_G","Survivor","Neutralize","Bullet Time","Leg Sweep","Dagger Spray","Finisher","Backstab","Noxious Fumes+1","Noxious Fumes+1","Terror+1","Flying Knee","Predator","Backflip","Phantasmal Killer","Cloak And Dagger+1","PiercingWail","Footwork","Bane","Blade Dance+1","Noxious Fumes+1","Enlightenment","Deadly Poison","Dagger Spray+1","Quick Slash+1","Dagger Throw","Noxious Fumes+1","Bane","Writhe","Good Instincts+1","RitualDagger"],"relics":["Ring of the Snake","Prayer Wheel","Tiny Chest","Lantern","Black Star","Bird Faced Urn","Paper Crane","Lee\u0027s Waffle","Smiling Mask","Anchor","The Specimen","Toxic Egg 2","Snake Skull"],"potions_floor_usage":[6,6,18,24,25,33],"damage_taken":[{"damage":8,"enemies":"Jaw Worm","floor":1,"turns":4},{"damage":4,"enemies":"2 Louse","floor":2,"turns":4},{"damage":0,"enemies":"Cultist","floor":3,"turns":5},{"damage":0,"enemies":"Large Slime","floor":4,"turns":8},{"damage":37,"enemies":"Gremlin Nob","floor":6,"turns":7},{"damage":17,"enemies":"Lagavulin","floor":8,"turns":9},{"damage":0,"enemies":"Blue Slaver","floor":11,"turns":4},{"damage":1,"enemies":"2 Fungi Beasts","floor":14,"turns":2},{"damage":17,"enemies":"Hexaghost","floor":16,"turns":9},{"damage":25,"enemies":"3 Byrds","floor":18,"turns":5},{"damage":11,"enemies":"2 Thieves","floor":20,"turns":4},{"damage":2,"enemies":"Colosseum Slavers","floor":21,"turns":4},{"damage":3,"enemies":"Colosseum Nobs","floor":21,"turns":6},{"damage":12,"enemies":"Centurion and Healer","floor":24,"turns":7},{"damage":52,"enemies":"Slavers","floor":25,"turns":6},{"damage":24,"enemies":"Snecko","floor":27,"turns":5},{"damage":84,"enemies":"Champ","floor":33,"turns":10}],"seed_played":"-3606880624466668042","potions_obtained":[{"floor":1,"key":"Regen Potion"},{"floor":4,"key":"Swift Potion"},{"floor":14,"key":"LiquidBronze"},{"floor":21,"key":"AttackPotion"},{"floor":24,"key":"Regen Potion"},{"floor":27,"key":"AttackPotion"}],"is_trial":false,"path_per_floor":["M","M","M","M","?","E","R","E","T","R","M","?","R","M","R","B",null,"M","?","M","?","$","R","M","E","T","M","?","R","$","?","R","B"],"character_chosen":"THE_SILENT","items_purchased":["Noxious Fumes","Enlightenment","Lee\u0027s Waffle","Deadly Poison","Snake Skull","Good Instincts+1"],"campfire_rested":4,"item_purchase_floors":[22,22,22,22,30,30],"current_hp_per_floor":[62,58,58,58,47,22,43,26,26,47,47,47,47,46,46,29,70,45,45,34,29,77,77,69,39,39,17,17,40,40,34,57,0],"gold":18,"neow_bonus":"ONE_RANDOM_RARE_CARD","is_prod":false,"is_daily":false,"chose_seed":false,"campfire_upgraded":3,"win_rate":0.0,"timestamp":1549519879,"path_taken":["M","M","M","M","?","E","R","E","T","R","M","?","R","M","R","BOSS","M","?","M","?","?","R","?","E","T","?","?","R","$","?","R","BOSS"],"build_version":"2019-01-23","purchased_purges":0,"victory":false,"max_hp_per_floor":[70,70,70,70,70,70,70,70,70,70,70,70,70,70,70,70,70,70,70,70,70,77,77,77,77,77,77,77,77,77,77,77,77],"card_choices":[{"not_picked":["Dodge and Roll","Bane"],"picked":"Leg Sweep","floor":1},{"not_picked":["Acrobatics","Prepared"],"picked":"Dagger Spray","floor":2},{"not_picked":["Blur","Dagger Throw"],"picked":"Finisher","floor":3},{"not_picked":["Dagger Throw","Escape Plan"],"picked":"Backstab","floor":4},{"not_picked":["Deadly Poison","Dagger Spray"],"picked":"Noxious Fumes","floor":6},{"not_picked":["All Out Attack","Flying Knee"],"picked":"Noxious Fumes","floor":8},{"not_picked":["Cloak And Dagger","PiercingWail"],"picked":"Terror","floor":11},{"not_picked":["Deadly Poison","Reflex"],"picked":"Flying Knee","floor":11},{"not_picked":["Dash","After Image"],"picked":"Predator","floor":14},{"not_picked":["Sucker Punch","Reflex"],"picked":"Backflip","floor":14},{"not_picked":["Burst","Grand Finale"],"picked":"Phantasmal Killer","floor":16},{"not_picked":["Prepared+1","Acrobatics"],"picked":"Cloak And Dagger+1","floor":18},{"not_picked":["Dodge and Roll","Deadly Poison"],"picked":"PiercingWail","floor":18},{"not_picked":["Dagger Spray","Accuracy"],"picked":"Footwork","floor":20},{"not_picked":["Blur","Flechettes"],"picked":"Bane","floor":20},{"not_picked":["Well Laid Plans","Quick Slash"],"picked":"Blade Dance+1","floor":21},{"not_picked":["Predator","PiercingWail"],"picked":"Dagger Spray+1","floor":24},{"not_picked":["Expertise","Setup"],"picked":"Quick Slash+1","floor":24},{"not_picked":["Storm of Steel","Prepared"],"picked":"Dagger Throw","floor":25},{"not_picked":["Well Laid Plans","Deadly Poison+1"],"picked":"Noxious Fumes+1","floor":27},{"not_picked":["Noxious Fumes","Masterful Stab"],"picked":"Bane","floor":27}],"player_experience":58669,"relics_obtained":[{"floor":6,"key":"Prayer Wheel"},{"floor":8,"key":"Tiny Chest"},{"floor":9,"key":"Lantern"},{"floor":21,"key":"Bird Faced Urn"},{"floor":21,"key":"Paper Crane"},{"floor":25,"key":"Smiling Mask"},{"floor":25,"key":"Anchor"},{"floor":26,"key":"The Specimen"}],"event_choices":[{"damage_healed":0,"gold_gain":75,"player_choice":"Gather Gold","damage_taken":11,"max_hp_gain":0,"max_hp_loss":0,"event_name":"World of Goop","floor":5,"gold_loss":0},{"damage_healed":0,"gold_gain":0,"player_choice":"Grow","damage_taken":0,"max_hp_gain":0,"max_hp_loss":0,"event_name":"Living Wall","floor":12,"gold_loss":0,"cards_upgraded":["Noxious Fumes"]},{"damage_healed":0,"gold_gain":0,"player_choice":"Ignored","damage_taken":0,"max_hp_gain":0,"max_hp_loss":0,"event_name":"Ghosts","floor":19,"gold_loss":0},{"damage_healed":0,"gold_gain":0,"player_choice":"Fight","damage_taken":0,"max_hp_gain":0,"max_hp_loss":0,"event_name":"Colosseum","floor":21,"gold_loss":0},{"damage_healed":0,"gold_gain":0,"player_choice":"Fought Nobs","damage_taken":0,"max_hp_gain":0,"max_hp_loss":0,"event_name":"Colosseum","floor":21,"gold_loss":0},{"damage_healed":0,"gold_gain":0,"player_choice":"Opened","damage_taken":0,"relics_obtained":["Toxic Egg 2"],"max_hp_gain":0,"max_hp_loss":0,"event_name":"The Mausoleum","floor":28,"gold_loss":0,"cards_obtained":["Writhe"]},{"damage_healed":0,"gold_gain":0,"player_choice":"Joined the Cult","damage_taken":6,"max_hp_gain":0,"max_hp_loss":0,"event_name":"Nest","floor":31,"gold_loss":0,"cards_obtained":["RitualDagger"]}],"is_beta":false,"boss_relics":[{"not_picked":["Ectoplasm","HoveringKite"],"picked":"Black Star"}],"items_purged_floors":[],"is_endless":false,"potions_floor_spawned":[1,4,14,21,21,24,27],"killed_by":"Champ","ascension_level":0}