{"gold_per_floor":[109,46,59,77,77,77,107,107,107,107,29,57,73,73,73,148,148,148,148,148,148,148,148,148,73,73,73,73,73],"floor_reached":29,"playtime":2291,"items_purged":["Strike_B"],"score":448,"play_id":"55ca9840-4ee2-46ef-ae54-5c27147efde9","local_time":"20190308112311","is_ascension_mode":true,"campfire_choices":[{"data":"Zap","floor":6.0,"key":"SMITH"},{"floor":8.0,"key":"REST"},{"data":"Defragment","floor":15.0,"key":"SMITH"},{"data":"Dualcast","floor":23,"key":"SMITH"},{"floor":27,"key":"REST"}],"neow_cost":"NONE","seed_source_timestamp":1281979818223166,"circlet_count":0,"master_deck":["AscendersBane","Strike_B","Strike_B+1","Defend_B","Defend_B","Defend_B+1","Defend_B","Zap+1","Dualcast+1","Chill","Doom and Gloom+1","Steam","Conserve Battery","Defragment+1","Self Repair","Gash","Multi-Cast","Gash","Darkness+1","White Noise+1","Redo+1","Auto Shields+1","Gash+1","Hologram+1"],"special_seed":0,"relics":["Cracked Core","Dream Catcher","FossilizedHelix","Orichalcum","Girya","Vajra","Kunai","Ectoplasm","Prayer Wheel","Toxic Egg 2","Meat on the Bone","Whetstone"],"potions_floor_usage":[19,19,24],"damage_taken":[{"damage":8.0,"enemies":"Jaw Worm","floor":1.0,"turns":4.0},{"damage":0.0,"enemies":"Cultist","floor":3.0,"turns":3.0},{"damage":0.0,"enemies":"2 Louse","floor":4.0,"turns":3.0},{"damage":10.0,"enemies":"Lagavulin","floor":7.0,"turns":5.0},{"damage":2.0,"enemies":"3 Sentries","floor":12.0,"turns":8.0},{"damage":0.0,"enemies":"Exordium Wildlife","floor":13.0,"turns":3.0},{"damage":4.0,"enemies":"The Guardian","floor":16.0,"turns":9.0},{"damage":9.0,"enemies":"Spheric Guardian","floor":18.0,"turns":4.0},{"damage":10,"enemies":"Colosseum Slavers","floor":19,"turns":4},{"damage":11,"enemies":"Colosseum Nobs","floor":19,"turns":5},{"damage":14,"enemies":"Chosen","floor":21,"turns":5},{"damage":10,"enemies":"Sentry and Sphere","floor":22,"turns":6},{"damage":38,"enemies":"Gremlin Leader","floor":24,"turns":7},{"damage":22,"enemies":"Centurion and Healer","floor":29,"turns":4}],"seed_played":"-6654418085375993000","potions_obtained":[{"floor":3.0,"key":"Dexterity Potion"},{"floor":12.0,"key":"Weak Potion"},{"floor":21,"key":"Energy Potion"},{"floor":24,"key":"FearPotion"}],"is_trial":false,"path_per_floor":["M","?","M","M","?","R","E","R","T","?","$","E","M","T","R","B",null,"M","?","?","M","M","R","E","$","T","R","?","M"],"character_chosen":"DEFECT","items_purchased":["Defragment"],"campfire_rested":2,"item_purchase_floors":[11],"current_hp_per_floor":[56,56,56,56,35,35,25,46,46,46,46,44,44,44,44,47,65,63,56,56,49,46,46,15,15,15,36,16,0],"gold":73,"neow_bonus":"RANDOM_COMMON_RELIC","is_prod":false,"is_daily":false,"chose_seed":false,"campfire_upgraded":3,"win_rate":0,"timestamp":1552040591,"path_taken":["M","?","?","M","?","R","E","R","T","?","$","E","?","?","R","BOSS","M","?","?","M","?","R","E","$","T","R","?","M"],"build_version":"2019-02-06","purchased_purges":1,"victory":false,"max_hp_per_floor":[71,71,71,71,71,71,71,71,71,71,71,71,71,71,71,71,71,71,71,71,71,71,71,71,71,71,71,76,76],"card_choices":[{"not_picked":["Coolheaded","Leap"],"picked":"Chill","floor":1.0},{"not_picked":["Rebound","Barrage","Redo"],"picked":"SKIP","floor":3.0},{"not_picked":["Hello World","Scrape"],"picked":"Doom and Gloom","floor":4.0},{"not_picked":["Undo","Sweeping Beam"],"picked":"Steam","floor":7.0},{"not_picked":["Machine Learning","Stack"],"picked":"Conserve Battery","floor":8.0},{"not_picked":["Turbo","Steam"],"picked":"Self Repair","floor":12.0},{"not_picked":["Consume","Cold Snap"],"picked":"Gash","floor":13.0},{"not_picked":["All For One","Biased Cognition"],"picked":"Multi-Cast","floor":16.0},{"not_picked":["Go for the Eyes","Turbo","Glacier"],"picked":"SKIP","floor":18.0},{"not_picked":["Compile Driver","Conserve Battery+1"],"picked":"Darkness+1","floor":21},{"not_picked":["Compile Driver+1","Sweeping Beam"],"picked":"White Noise+1","floor":21},{"not_picked":["Hello World","Biased Cognition"],"picked":"Redo+1","floor":22},{"not_picked":["Storm","Melter"],"picked":"Auto Shields+1","floor":22},{"not_picked":["Rebound","FTL"],"picked":"Gash","floor":24},{"not_picked":["Beam Cell+1","Stack+1"],"picked":"Hologram+1","floor":27}],"player_experience":911609,"relics_obtained":[{"floor":7.0,"key":"Orichalcum"},{"floor":9.0,"key":"Girya"},{"floor":12.0,"key":"Vajra"},{"floor":14.0,"key":"Kunai"},{"floor":19,"key":"Prayer Wheel"},{"floor":19,"key":"Toxic Egg 2"},{"floor":24,"key":"Meat on the Bone"},{"floor":26,"key":"Whetstone"}],"event_choices":[{"damage_healed":0.0,"max_hp_gain":0.0,"max_hp_loss":0.0,"gold_gain":0.0,"event_name":"WeMeetAgain","player_choice":"Paid Gold","floor":2.0,"gold_loss":63.0,"damage_taken":0.0,"relics_obtained":["FossilizedHelix"]},{"damage_healed":0.0,"max_hp_gain":0.0,"max_hp_loss":0.0,"gold_gain":0.0,"event_name":"Shining Light","player_choice":"Entered Light","floor":5.0,"gold_loss":0.0,"damage_taken":21.0,"cards_upgraded":["Strike_B","Defend_B"]},{"cards_removed":["Strike_B"],"damage_healed":0.0,"max_hp_gain":0.0,"max_hp_loss":0.0,"gold_gain":0.0,"event_name":"Living Wall","player_choice":"Forget","floor":10.0,"gold_loss":0.0,"damage_taken":0.0},{"damage_healed":0,"gold_gain":0,"player_choice":"Fight","damage_taken":0,"max_hp_gain":0,"max_hp_loss":0,"event_name":"Colosseum","floor":19,"gold_loss":0},{"damage_healed":0,"gold_gain":0,"player_choice":"Fought Nobs","damage_taken":0,"max_hp_gain":0,"max_hp_loss":0,"event_name":"Colosseum","floor":19,"gold_loss":0},{"damage_healed":0,"gold_gain":0,"player_choice":"Copied","damage_taken":0,"max_hp_gain":0,"max_hp_loss":0,"event_name":"Duplicator","floor":20,"gold_loss":0,"cards_obtained":["Gash"]},{"damage_healed":0,"gold_gain":0,"player_choice":"Shed Blood","damage_taken":25,"max_hp_gain":5,"max_hp_loss":0,"event_name":"Forgotten Altar","floor":28,"gold_loss":0}],"is_beta":true,"boss_relics":[{"not_picked":["Tiny House","Inserter"],"picked":"Ectoplasm"}],"items_purged_floors":[25],"is_endless":false,"potions_floor_spawned":[3,12,13,16,21,24],"killed_by":"Centurion and Healer","ascension_level":16}