{"gold_per_floor":[114,130,55,130,146,178,198,198,221,236,251,261,261,275,275,275],"floor_reached":16,"playtime":613,"items_purged":["Normality"],"score":207,"play_id":"4c137543-5ec0-4ab7-8aae-a843971bd481","local_time":"20190205143154","is_ascension_mode":true,"campfire_choices":[{"floor":15,"key":"REST"}],"neow_cost":"CURSE","seed_source_timestamp":1479001677542111,"circlet_count":0,"master_deck":["AscendersBane","Strike_R","Strike_R","Strike_R","Strike_R","Strike_R","Defend_R","Defend_R","Defend_R","Defend_R","Bash","Offering","Cleave","Perfected Strike","Flex","Wild Strike","Decay","Headbutt"],"special_seed":0,"relics":["Burning Blood","Oddly Smooth Stone","PreservedInsect","Golden Idol"],"potions_floor_usage":[14],"damage_taken":[{"damage":1.0,"enemies":"Cultist","floor":1.0,"turns":3.0},{"damage":29.0,"enemies":"Jaw Worm","floor":2.0,"turns":6.0},{"damage":13.0,"enemies":"Small Slimes","floor":5.0,"turns":3.0},{"damage":14.0,"enemies":"Lagavulin","floor":6.0,"turns":5.0},{"damage":11.0,"enemies":"Red Slaver","floor":7.0,"turns":3.0},{"damage":10.0,"enemies":"Lots of Slimes","floor":10.0,"turns":3.0},{"damage":8.0,"enemies":"Large Slime","floor":11.0,"turns":3.0},{"damage":9.0,"enemies":"Blue Slaver","floor":12.0,"turns":3.0},{"damage":0,"enemies":"Gremlin Gang","floor":14,"turns":3},{"damage":36,"enemies":"Hexaghost","floor":16,"turns":4}],"seed_played":"-2398079233871387862","potions_obtained":[{"floor":1.0,"key":"SneckoOil"},{"floor":5.0,"key":"Block Potion"},{"floor":10.0,"key":"Explosive Potion"},{"floor":12.0,"key":"Explosive Potion"}],"is_trial":false,"path_per_floor":["M","M","$","?","M","E","M","?","T","M","M","M","?","M","R","B"],"character_chosen":"IRONCLAD","items_purchased":[],"campfire_rested":1,"item_purchase_floors":[],"current_hp_per_floor":[73,50,50,39,32,24,19,19,19,15,13,10,10,16,36,0],"gold":275,"neow_bonus":"THREE_RARE_CARDS","is_prod":false,"is_daily":false,"chose_seed":false,"campfire_upgraded":0,"win_rate":0,"timestamp":1549373514,"path_taken":["M","?","$","?","M","E","M","?","T","M","?","?","?","M","R","BOSS"],"build_version":"2019-01-23","purchased_purges":1,"victory":false,"max_hp_per_floor":[75,75,75,75,75,75,75,75,75,75,75,75,68,68,68,68],"card_choices":[{"not_picked":["Fiend Fire","Immolate"],"picked":"Offering","floor":0.0},{"not_picked":["Havoc","Combust"],"picked":"Cleave","floor":1.0},{"not_picked":["Inflame","Flex"],"picked":"Perfected Strike","floor":2.0},{"not_picked":["Blood for Blood","Sword Boomerang","Rupture"],"picked":"SKIP","floor":5.0},{"not_picked":["Reaper","Hemokinesis"],"picked":"Flex","floor":6.0},{"not_picked":["Shrug It Off","Body Slam"],"picked":"Wild Strike","floor":7.0},{"not_picked":["Spot Weakness","Warcry","Dual Wield"],"picked":"SKIP","floor":10.0},{"not_picked":["Intimidate","Rampage"],"picked":"Headbutt","floor":11.0},{"not_picked":["True Grit","Anger","Heavy Blade"],"picked":"SKIP","floor":12.0},{"not_picked":["Metallicize","Clothesline","Wild Strike"],"picked":"SKIP","floor":14}],"player_experience":710868,"relics_obtained":[{"floor":6.0,"key":"Oddly Smooth Stone"},{"floor":9.0,"key":"PreservedInsect"}],"event_choices":[{"damage_healed":0.0,"max_hp_gain":0.0,"max_hp_loss":0.0,"gold_gain":75.0,"event_name":"World of Goop","player_choice":"Gather Gold","floor":4.0,"gold_loss":0.0,"damage_taken":11.0},{"damage_healed":0.0,"max_hp_gain":0.0,"max_hp_loss":0.0,"gold_gain":0.0,"event_name":"Wheel of Change","player_choice":"Cursed","floor":8.0,"gold_loss":0.0,"damage_taken":0.0,"cards_obtained":["Decay"]},{"damage_healed":0.0,"max_hp_gain":0.0,"max_hp_loss":7.0,"gold_gain":0.0,"event_name":"Golden Idol","player_choice":"Lose Max HP","floor":13.0,"gold_loss":0.0,"damage_taken":0.0,"relics_obtained":["Golden Idol"]}],"is_beta":true,"boss_relics":[],"items_purged_floors":[3],"is_endless":false,"potions_floor_spawned":[1,5,10,12],"killed_by":"Hexaghost","ascension_level":19}