{"gold_per_floor":[117,117,69,85,11,11,11,46,46,65,96,112,61,92,92,196,246,262,280,291,291,291,291,101,119,164,196,196,196,211,246,246,246],"floor_reached":33,"playtime":2415,"items_purged":[],"score":353,"play_id":"9a321ba9-a16a-400c-aa2c-8a4a226f906e","local_time":"20180815082649","is_ascension_mode":false,"campfire_choices":[{"data":"Zap","floor":7,"key":"SMITH"},{"floor":15,"key":"REST"},{"data":"Rainbow","floor":23,"key":"SMITH"},{"floor":28,"key":"REST"},{"floor":32,"key":"REST"}],"neow_cost":"","seed_source_timestamp":2423590568320,"circlet_count":0,"master_deck":["Strike_B","Strike_B","Strike_B","Strike_B","Defend_B+1","Defend_B","Defend_B","Defend_B","Zap+1","Dualcast+1","Skim","Go for the Eyes+1","Darkness","Conserve Battery","Go for the Eyes","Lockon+1","Ball Lightning+1","Conserve Battery","All For One+1","Go for the Eyes+1","Genetic Algorithm","Rainbow+1","Conserve Battery","Fission","Cold Snap+1","Conserve Battery+1","Streamline+1","Double Energy","Streamline+1","Go for the Eyes+1"],"relics":["Cracked Core","Molten Egg 2","Potion Belt","Mercury Hourglass","Incense Burner","Tiny House","Pen Nib","Anchor","Matryoshka","NlothsMask","Omamori"],"potions_floor_usage":[14,20,25,27,31,33],"damage_taken":[{"damage":5,"enemies":"2 Louse","floor":1,"turns":2},{"damage":0,"enemies":"Jaw Worm","floor":4,"turns":3},{"damage":9,"enemies":"Lagavulin","floor":8,"turns":6},{"damage":0,"enemies":"Cultist","floor":10,"turns":3},{"damage":23,"enemies":"3 Sentries","floor":11,"turns":6},{"damage":0,"enemies":"Large Slime","floor":12,"turns":3},{"damage":8,"enemies":"Lagavulin","floor":14,"turns":3},{"damage":21,"enemies":"The Guardian","floor":16,"turns":9},{"damage":16,"enemies":"Spheric Guardian","floor":18,"turns":4},{"damage":0,"enemies":"3 Byrds","floor":19,"turns":5},{"damage":21,"enemies":"Snake Plant","floor":20,"turns":5},{"damage":1,"enemies":"Chosen and Byrds","floor":25,"turns":5},{"damage":27,"enemies":"Gremlin Leader","floor":27,"turns":7},{"damage":7,"enemies":"Centurion and Healer","floor":30,"turns":3},{"damage":10,"enemies":"Slavers","floor":31,"turns":4},{"damage":56,"enemies":"Collector","floor":33,"turns":7}],"seed_played":"-7172287920770973166","potions_obtained":[{"floor":1,"key":"Strength Potion"},{"floor":6,"key":"Energy Potion"},{"floor":6,"key":"Fire Potion"},{"floor":12,"key":"Block Potion"},{"floor":16,"key":"Block Potion"},{"floor":17,"key":"Weak Potion"},{"floor":27,"key":"Fruit Juice"}],"is_trial":false,"path_per_floor":["M","?","$","M","$","?","R","E","T","M","E","M","$","E","R","B",null,"M","M","M","?","?","R","$","M","T","E","R","?","M","E","R"],"character_chosen":"DEFECT","items_purchased":["Go for the Eyes","Conserve Battery","Go for the Eyes","Go for the Eyes+1","Streamline+1","Pen Nib"],"campfire_rested":3,"item_purchase_floors":[3,5,5,13,24,24],"current_hp_per_floor":[70,55,55,55,55,55,55,46,46,46,23,23,23,15,37,16,80,64,64,43,43,43,43,43,42,42,15,39,39,32,27,52,0],"gold":246,"neow_bonus":"","is_prod":false,"is_daily":false,"chose_seed":false,"campfire_upgraded":2,"win_rate":0.0,"timestamp":1534336009,"path_taken":["M","?","$","M","$","?","R","E","T","M","E","M","$","E","R","BOSS","M","M","?","?","?","R","$","?","T","E","R","?","?","E","R","BOSS"],"build_version":"2018-08-09","purchased_purges":0,"victory":false,"max_hp_per_floor":[75,75,75,75,75,75,75,75,75,75,75,75,75,75,75,75,80,80,80,80,80,80,80,80,80,80,80,80,80,80,85,85,85],"card_choices":[{"not_picked":["Heatsinks","Barrage"],"picked":"Skim","floor":1},{"not_picked":["Force Field","Steam"],"picked":"Darkness","floor":4},{"not_picked":["Darkness","Gash"],"picked":"Lockon","floor":8},{"not_picked":["Steam","Redo"],"picked":"Ball Lightning+1","floor":10},{"not_picked":["Hologram","Cold Snap+1"],"picked":"Conserve Battery","floor":11},{"not_picked":["Tempest","Leap"],"picked":"All For One+1","floor":12},{"not_picked":["Heatsinks","Compile Driver+1"],"picked":"Genetic Algorithm","floor":14},{"not_picked":["Reboot","Buffer"],"picked":"Rainbow","floor":16},{"not_picked":["Hologram","Barrage+1"],"picked":"Conserve Battery","floor":17},{"not_picked":["Compile Driver+1","Stack"],"picked":"Fission","floor":18},{"not_picked":["Aggregate+1","Streamline+1"],"picked":"Cold Snap+1","floor":19},{"not_picked":["Leap","Tempest"],"picked":"Conserve Battery+1","floor":20},{"not_picked":["Hologram","Barrage+1","Capacitor"],"picked":"SKIP","floor":25},{"not_picked":["Leap","Cold Snap+1"],"picked":"Double Energy","floor":27},{"not_picked":["Beam Cell+1","Barrage+1"],"picked":"Streamline+1","floor":30},{"not_picked":["Compile Driver+1","Redo"],"picked":"Go for the Eyes+1","floor":31}],"player_experience":57128,"relics_obtained":[{"floor":8,"key":"Molten Egg 2"},{"floor":9,"key":"Potion Belt"},{"floor":11,"key":"Mercury Hourglass"},{"floor":14,"key":"Incense Burner"},{"floor":26,"key":"Anchor"},{"floor":27,"key":"Matryoshka"},{"floor":31,"key":"Omamori"}],"event_choices":[{"event_name":"Shining Light","player_choice":"Entered Light","floor":2,"damage_taken":0},{"event_name":"The Lab","player_choice":"Got Potions","floor":6,"damage_taken":0},{"event_name":"Vampires","player_choice":"Ignored","floor":21,"damage_taken":0},{"event_name":"Match and Keep!","player_choice":"0 cards matched","floor":22,"damage_taken":0},{"event_name":"FaceTrader","player_choice":"Trade","floor":29,"damage_taken":0}],"is_beta":false,"boss_relics":[{"not_picked":["FrozenCore","Philosopher\u0027s Stone"],"picked":"Tiny House"}],"items_purged_floors":[],"is_endless":false,"potions_floor_spawned":[1,12,16,19,27],"killed_by":"Collector","ascension_level":0}