{"gold_per_floor":[112,112,36,36,47,47,75,89,89,11,31,31,43,74,74,169,169,182,171,28,28,48,48,48,60,60,74,74,94,94,126,126,222,222,242,242,96,96,107,137,182,202,202,220,247,266,296,307,307,307],"floor_reached":51,"playtime":5233,"items_purged":["Strike_B"],"score":955,"play_id":"809059dd-e170-4e7f-91dc-4fe7067bc8f5","local_time":"20190312214530","is_ascension_mode":true,"campfire_choices":[{"data":"Defragment","floor":6.0,"key":"SMITH"},{"data":"Defragment","floor":15.0,"key":"SMITH"},{"data":"Self Repair","floor":23.0,"key":"SMITH"},{"floor":28.0,"key":"REST"},{"data":"Fusion","floor":32,"key":"SMITH"},{"data":"Seek","floor":49,"key":"SMITH"}],"neow_cost":"NONE","seed_source_timestamp":4643798236824,"circlet_count":0,"master_deck":["Defend_B","Defend_B","Defend_B","Defend_B","Zap+1","Dualcast","Steam","Capacitor+1","Defragment+1","Machine Learning","Barrage","Defragment+1","Ball Lightning","Coolheaded","Glacier","Core Surge","Biased Cognition+1","Reprogram+1","Defragment+1","Coolheaded","Conserve Battery+1","Hologram","Coolheaded+1","Self Repair+1","Shame","Coolheaded+1","Fusion+1","BootSequence","Glacier","Buffer","Apotheosis","Seek+1","Chill+1","Echo Form"],"special_seed":0,"relics":["Cracked Core","Letter Opener","Prayer Wheel","Astrolabe","Orichalcum","Omamori","Centennial Puzzle","Happy Flower","Pear","Velvet Choker","The Courier","Ancient Tea Set","Mummified Hand","Dream Catcher","Molten Egg 2"],"potions_floor_usage":[31,31,39,40,40,47,50,50],"damage_taken":[{"damage":7.0,"enemies":"Jaw Worm","floor":1.0,"turns":3.0},{"damage":1.0,"enemies":"Cultist","floor":5.0,"turns":3.0},{"damage":25.0,"enemies":"3 Sentries","floor":7.0,"turns":9.0},{"damage":2.0,"enemies":"2 Louse","floor":8.0,"turns":3.0},{"damage":1.0,"enemies":"Exordium Wildlife","floor":11.0,"turns":3.0},{"damage":17.0,"enemies":"Exordium Thugs","floor":13.0,"turns":4.0},{"damage":16.0,"enemies":"Gremlin Nob","floor":14.0,"turns":3.0},{"damage":4.0,"enemies":"Hexaghost","floor":16.0,"turns":8.0},{"damage":5.0,"enemies":"Chosen","floor":18.0,"turns":4.0},{"damage":17.0,"enemies":"2 Thieves","floor":19.0,"turns":5.0},{"damage":2.0,"enemies":"Cultist and Chosen","floor":22.0,"turns":6.0},{"damage":18.0,"enemies":"Snake Plant","floor":25.0,"turns":5.0},{"damage":3.0,"enemies":"Sentry and Sphere","floor":27.0,"turns":7.0},{"damage":0.0,"enemies":"Chosen and Byrds","floor":29.0,"turns":7.0},{"damage":12,"enemies":"Gremlin Leader","floor":31,"turns":8},{"damage":3,"enemies":"Collector","floor":33,"turns":9},{"damage":14,"enemies":"3 Shapes","floor":35,"turns":4},{"damage":2,"enemies":"3 Darklings","floor":39,"turns":6},{"damage":2,"enemies":"Nemesis","floor":40,"turns":7},{"damage":6,"enemies":"Jaw Worm Horde","floor":42,"turns":5},{"damage":0,"enemies":"Transient","floor":44,"turns":5},{"damage":0,"enemies":"Giant Head","floor":45,"turns":9},{"damage":0,"enemies":"Spire Growth","floor":46,"turns":7},{"damage":2,"enemies":"Reptomancer","floor":47,"turns":7},{"damage":0,"enemies":"Maw","floor":48,"turns":6},{"damage":22,"enemies":"Awakened One","floor":50,"turns":14}],"seed_played":"-4081073573544589567","potions_obtained":[{"floor":0.0,"key":"Block Potion"},{"floor":0.0,"key":"Ancient Potion"},{"floor":0.0,"key":"LiquidBronze"},{"floor":11.0,"key":"Energy Potion"},{"floor":13.0,"key":"AttackPotion"},{"floor":14.0,"key":"Poison Potion"},{"floor":19.0,"key":"FearPotion"},{"floor":29.0,"key":"Explosive Potion"},{"floor":33,"key":"Weak Potion"},{"floor":39,"key":"Swift Potion"},{"floor":40,"key":"SkillPotion"},{"floor":45,"key":"Fire Potion"},{"floor":46,"key":"Block Potion"},{"floor":48,"key":"Regen Potion"}],"is_trial":false,"path_per_floor":["M","?","$","?","M","R","E","M","T","$","M","?","M","E","R","B",null,"M","M","$","?","M","R","?","M","T","M","R","M","T","E","R","B",null,"M","?","$","?","M","E","T","M","T","M","E","M","E","M","R","B",null],"character_chosen":"DEFECT","items_purchased":["Capacitor","Defragment","Orichalcum","GamblersBrew"],"campfire_rested":1,"item_purchase_floors":[3,10,20,37],"current_hp_per_floor":[68,68,68,68,67,67,42,40,40,40,39,64,47,31,31,27,63,58,41,41,41,39,39,39,31,31,38,60,70,70,78,78,85,85,81,71,71,71,79,85,85,85,85,85,85,85,85,85,85,85],"gold":307,"neow_bonus":"THREE_SMALL_POTIONS","is_prod":false,"is_daily":false,"chose_seed":false,"campfire_upgraded":5,"win_rate":0,"timestamp":1552387530,"path_taken":["M","?","$","?","?","R","E","M","T","?","M","?","M","E","R","BOSS","M","M","$","?","M","R","?","M","T","M","R","?","?","E","R","BOSS","M","?","$","?","?","E","?","M","T","M","E","?","E","M","R","BOSS"],"build_version":"2019-01-23","purchased_purges":1,"victory":true,"max_hp_per_floor":[75,75,75,75,75,75,75,75,75,75,75,75,75,75,75,75,75,75,75,75,75,75,75,75,75,75,75,75,75,75,85,85,85,85,85,85,85,85,85,85,85,85,85,85,85,85,85,85,85,85],"card_choices":[{"not_picked":["Redo","Gash"],"picked":"Steam","floor":1.0},{"not_picked":["Barrage","Compile Driver"],"picked":"Defragment","floor":5.0},{"not_picked":["Steam","Streamline"],"picked":"Machine Learning","floor":7.0},{"not_picked":["Beam Cell","Sunder"],"picked":"Barrage","floor":8.0},{"not_picked":["Turbo","Aggregate"],"picked":"Ball Lightning","floor":11.0},{"not_picked":["Loop","Leap"],"picked":"Coolheaded","floor":13.0},{"not_picked":["Core Surge","Barrage"],"picked":"Glacier","floor":14.0},{"not_picked":["Reboot","Rainbow"],"picked":"Core Surge","floor":16.0},{"not_picked":["Beam Cell","Leap"],"picked":"Coolheaded","floor":18.0},{"not_picked":["Melter","Streamline"],"picked":"Conserve Battery+1","floor":18.0},{"not_picked":["Creative AI","Beam Cell"],"picked":"Hologram","floor":19.0},{"not_picked":["Tempest","Beam Cell","Compile Driver"],"picked":"SKIP","floor":19.0},{"not_picked":["Scrape","Gash"],"picked":"Coolheaded+1","floor":22.0},{"not_picked":["Rebound+1","FTL+1"],"picked":"Self Repair","floor":22.0},{"not_picked":["Heatsinks","Sweeping Beam+1","Coolheaded+1"],"picked":"SKIP","floor":25.0},{"not_picked":["Sunder+1","Stack","Scrape+1"],"picked":"SKIP","floor":25.0},{"not_picked":["Heatsinks","Sweeping Beam+1"],"picked":"Coolheaded+1","floor":25.0},{"not_picked":["Sunder+1","Stack","Scrape+1"],"picked":"SKIP","floor":25.0},{"not_picked":["Stack","Leap"],"picked":"Fusion","floor":27.0},{"not_picked":["Beam Cell+1","Rebound","Doom and Gloom"],"picked":"SKIP","floor":27.0},{"not_picked":["Stack+1","Rebound"],"picked":"BootSequence","floor":29.0},{"not_picked":["Conserve Battery","Darkness","Cold Snap"],"picked":"SKIP","floor":29.0},{"not_picked":["Self Repair","Loop"],"picked":"Glacier","floor":31},{"not_picked":["All For One","Meteor Strike"],"picked":"Buffer","floor":33},{"not_picked":["Turbo","Compile Driver+1","Static Discharge"],"picked":"SKIP","floor":35},{"not_picked":["Sunder+1","Leap","Go for the Eyes"],"picked":"SKIP","floor":35},{"not_picked":["Blind","Madness"],"picked":"Apotheosis","floor":36},{"not_picked":["Cold Snap+1","Ball Lightning+1","Rebound"],"picked":"SKIP","floor":39},{"not_picked":["Blizzard","Stack+1","Beam Cell"],"picked":"SKIP","floor":39},{"not_picked":["Chaos+1","Melter"],"picked":"Seek","floor":40},{"not_picked":["Cold Snap","Go for the Eyes+1","Stack+1"],"picked":"SKIP","floor":42},{"not_picked":["Barrage+1","Conserve Battery","Sunder+1"],"picked":"SKIP","floor":42},{"not_picked":["Barrage","Stack","Leap+1"],"picked":"SKIP","floor":44},{"not_picked":["Scrape+1","Stack+1","Hologram+1"],"picked":"SKIP","floor":44},{"not_picked":["Defragment","White Noise+1"],"picked":"Chill+1","floor":45},{"not_picked":["Ball Lightning","Streamline","Cold Snap+1"],"picked":"SKIP","floor":46},{"not_picked":["Cold Snap","Sweeping Beam+1","Turbo"],"picked":"SKIP","floor":46},{"not_picked":["Leap","Compile Driver+1"],"picked":"Echo Form","floor":47},{"not_picked":["Beam Cell+1","Scrape+1","Rebound+1"],"picked":"SKIP","floor":48},{"not_picked":["Ball Lightning+1","Redo+1","Compile Driver+1"],"picked":"SKIP","floor":48}],"player_experience":824930,"relics_obtained":[{"floor":7.0,"key":"Letter Opener"},{"floor":14.0,"key":"Prayer Wheel"},{"floor":26.0,"key":"Centennial Puzzle"},{"floor":30.0,"key":"Happy Flower"},{"floor":31,"key":"Pear"},{"floor":40,"key":"The Courier"},{"floor":41,"key":"Ancient Tea Set"},{"floor":43,"key":"Mummified Hand"},{"floor":45,"key":"Dream Catcher"},{"floor":47,"key":"Molten Egg 2"}],"event_choices":[{"damage_healed":0.0,"max_hp_gain":0.0,"max_hp_loss":0.0,"gold_gain":0.0,"event_name":"Living Wall","player_choice":"Grow","floor":2.0,"gold_loss":0.0,"damage_taken":0.0,"cards_upgraded":["Zap"]},{"damage_healed":0.0,"max_hp_gain":0.0,"max_hp_loss":0.0,"gold_gain":0.0,"event_name":"Upgrade Shrine","player_choice":"Upgraded","floor":4.0,"gold_loss":0.0,"damage_taken":0.0,"cards_upgraded":["Capacitor"]},{"damage_healed":25.0,"max_hp_gain":0.0,"max_hp_loss":0.0,"gold_gain":0.0,"event_name":"Big Fish","player_choice":"Banana","floor":12.0,"gold_loss":0.0,"damage_taken":0.0},{"damage_healed":0.0,"max_hp_gain":0.0,"max_hp_loss":0.0,"gold_gain":0.0,"event_name":"The Mausoleum","player_choice":"Ignored","floor":21.0,"gold_loss":0.0,"damage_taken":0.0},{"damage_healed":0.0,"max_hp_gain":0.0,"max_hp_loss":0.0,"gold_gain":0.0,"event_name":"Addict","player_choice":"Stole Relic","floor":24.0,"gold_loss":0.0,"damage_taken":0.0,"relics_obtained":["Omamori"],"cards_obtained":["Shame"]},{"damage_healed":0,"gold_gain":0,"player_choice":"Memory 3","damage_taken":10,"max_hp_gain":0,"max_hp_loss":0,"event_name":"SensoryStone","floor":36,"gold_loss":0},{"damage_healed":0,"gold_gain":0,"player_choice":"Got Potions","damage_taken":0,"max_hp_gain":0,"max_hp_loss":0,"event_name":"Lab","floor":38,"gold_loss":0}],"is_beta":false,"boss_relics":[{"not_picked":["Empty Cage","Coffee Dripper"],"picked":"Astrolabe"},{"not_picked":["Sozu","Calling Bell"],"picked":"Velvet Choker"}],"items_purged_floors":[37],"is_endless":false,"potions_floor_spawned":[5,11,13,14,19,29,33,39,40,45,46,48],"ascension_level":5}