{"gold_per_floor":[116,116,116,136,151,169,169,197,278,203,203,230,248,303,303,303],"floor_reached":16,"playtime":863,"items_purged":[],"score":193,"play_id":"d2db108f-be72-4888-9853-1d63d1471c2d","local_time":"20190215143254","is_ascension_mode":true,"campfire_choices":[{"data":"Adrenaline","floor":7,"key":"SMITH"},{"data":"Cloak And Dagger","floor":11,"key":"SMITH"},{"data":"Malaise","floor":15,"key":"SMITH"}],"neow_cost":"CURSE","seed_source_timestamp":193476836689066,"circlet_count":0,"master_deck":["AscendersBane","Defend_G","Defend_G","Defend_G","Defend_G","Defend_G","Strike_G","Strike_G","Strike_G","Survivor","Neutralize","Adrenaline+1","Flying Knee","Deflect","PiercingWail","Backstab","Cloak And Dagger+1","Cloak And Dagger","Malaise+1"],"relics":["Ring of the Snake","Tough Bandages","Ornamental Fan","Snake Skull","Singing Bowl"],"potions_floor_usage":[8,12],"damage_taken":[{"damage":0,"enemies":"2 Louse","floor":1,"turns":6},{"damage":0,"enemies":"Jaw Worm","floor":4,"turns":3},{"damage":0,"enemies":"Cultist","floor":5,"turns":3},{"damage":0,"enemies":"2 Fungi Beasts","floor":6,"turns":5},{"damage":15,"enemies":"3 Sentries","floor":8,"turns":12},{"damage":7,"enemies":"Lagavulin","floor":12,"turns":8},{"damage":0,"enemies":"Looter","floor":13,"turns":3},{"damage":9,"enemies":"3 Sentries","floor":14,"turns":12},{"damage":30,"enemies":"Hexaghost","floor":16,"turns":17}],"seed_played":"260156879196048562","potions_obtained":[{"floor":4,"key":"LiquidBronze"},{"floor":5,"key":"Swift Potion"},{"floor":8,"key":"Block Potion"},{"floor":13,"key":"Weak Potion"}],"is_trial":false,"path_per_floor":["M","?","?","M","M","M","R","E","T","?","R","E","M","?","R","B"],"character_chosen":"THE_SILENT","items_purchased":[],"campfire_rested":0,"item_purchase_floors":[],"current_hp_per_floor":[59,59,59,59,59,59,59,44,44,44,44,37,37,28,28,0],"gold":303,"neow_bonus":"THREE_RARE_CARDS","is_prod":false,"is_daily":false,"chose_seed":false,"campfire_upgraded":3,"win_rate":0,"timestamp":1550237574,"path_taken":["M","?","?","?","M","M","R","E","T","?","R","E","M","?","R","BOSS"],"build_version":"2019-02-06","purchased_purges":0,"victory":false,"max_hp_per_floor":[66,66,66,66,66,66,66,66,66,66,66,66,66,66,66,66],"card_choices":[{"not_picked":["Venomology","Corpse Explosion"],"picked":"Adrenaline","floor":0},{"not_picked":["Masterful Stab","Prepared"],"picked":"Flying Knee","floor":1},{"not_picked":["Riddle With Holes","Slice"],"picked":"Deflect","floor":4},{"not_picked":["Flying Knee","Cloak And Dagger"],"picked":"PiercingWail","floor":5},{"not_picked":["Flying Knee","Poisoned Stab"],"picked":"Backstab","floor":6},{"not_picked":["Blade Dance","Crippling Poison"],"picked":"Cloak And Dagger","floor":8},{"not_picked":["Prepared","Heel Hook","Flying Knee"],"picked":"SKIP","floor":12},{"not_picked":["Dodge and Roll","Outmaneuver"],"picked":"Cloak And Dagger","floor":13},{"not_picked":["Dagger Spray","Dagger Throw"],"picked":"Malaise","floor":14}],"player_experience":781137,"relics_obtained":[{"floor":8,"key":"Tough Bandages"},{"floor":9,"key":"Ornamental Fan"},{"floor":12,"key":"Snake Skull"},{"floor":14,"key":"Singing Bowl"}],"event_choices":[{"cards_removed":["Decay"],"damage_healed":0,"gold_gain":0,"player_choice":"Forget","damage_taken":0,"max_hp_gain":0,"max_hp_loss":0,"event_name":"Living Wall","floor":2,"gold_loss":0},{"cards_removed":["Strike_G"],"damage_healed":0,"gold_gain":0,"player_choice":"Offered Basic","damage_taken":0,"max_hp_gain":0,"max_hp_loss":0,"event_name":"Bonfire Elementals","floor":3,"gold_loss":0},{"cards_removed":["Strike_G"],"damage_healed":0,"gold_gain":0,"player_choice":"Card Removal","damage_taken":0,"max_hp_gain":0,"max_hp_loss":0,"event_name":"The Cleric","floor":10,"gold_loss":75},{"damage_healed":0,"gold_gain":0,"player_choice":"Searched \u00271\u0027 times","damage_taken":0,"max_hp_gain":0,"max_hp_loss":0,"event_name":"Dead Adventurer","floor":14,"gold_loss":0}],"is_beta":true,"boss_relics":[],"items_purged_floors":[],"is_endless":false,"potions_floor_spawned":[4,5,8,13],"killed_by":"Hexaghost","ascension_level":15}