{"gold_per_floor":[109,125,225,240,11,39,58,69,69,80,80],"floor_reached":11,"playtime":594,"items_purged":[],"score":77,"play_id":"cfe3aecf-924e-47fe-83f5-6ad023741fa5","local_time":"20190209134340","is_ascension_mode":false,"campfire_choices":[],"neow_cost":"NONE","seed_source_timestamp":1369592952475769,"circlet_count":0,"master_deck":["Strike_B","Strike_B","Strike_B","Strike_B","Defend_B","Defend_B","Defend_B","Defend_B","Zap","Dualcast","Rebound","Darkness","Redo","Tempest","Go for the Eyes","Auto Shields","Darkness","Static Discharge"],"relics":["Cracked Core","Lantern","Strawberry"],"potions_floor_usage":[],"damage_taken":[{"damage":1,"enemies":"Jaw Worm","floor":1,"turns":3},{"damage":1,"enemies":"Cultist","floor":2,"turns":3},{"damage":0,"enemies":"Small Slimes","floor":4,"turns":3},{"damage":51,"enemies":"3 Sentries","floor":6,"turns":10},{"damage":23,"enemies":"Gremlin Gang","floor":7,"turns":5},{"damage":7,"enemies":"Looter","floor":8,"turns":2},{"damage":3,"enemies":"Red Slaver","floor":10,"turns":4},{"damage":5,"enemies":"Lots of Slimes","floor":11,"turns":1}],"seed_played":"8550093707888518395","potions_obtained":[{"floor":1,"key":"LiquidBronze"},{"floor":2,"key":"Ancient Potion"},{"floor":6,"key":"SteroidPotion"}],"is_trial":false,"path_per_floor":["M","M","?","M","$","E","M","M","T","M","M"],"character_chosen":"DEFECT","items_purchased":["Lantern","Tempest"],"campfire_rested":0,"item_purchase_floors":[5,5],"current_hp_per_floor":[81,80,80,80,80,36,13,6,6,3,0],"gold":80,"neow_bonus":"TEN_PERCENT_HP_BONUS","is_prod":false,"is_daily":false,"chose_seed":false,"campfire_upgraded":0,"win_rate":0,"timestamp":1549737820,"path_taken":["M","M","?","M","$","E","?","M","T","M","M"],"build_version":"2019-01-23","purchased_purges":0,"victory":false,"max_hp_per_floor":[82,82,82,82,82,89,89,89,89,89,89],"card_choices":[{"not_picked":["Capacitor","Turbo"],"picked":"Rebound","floor":1},{"not_picked":["Heatsinks","Chill"],"picked":"Darkness","floor":2},{"not_picked":["Conserve Battery","Compile Driver"],"picked":"Redo","floor":4},{"not_picked":["Steam Power","Consume"],"picked":"Go for the Eyes","floor":6},{"not_picked":["Recycle","Ball Lightning"],"picked":"Auto Shields","floor":7},{"not_picked":["Hologram","Tempest"],"picked":"Darkness","floor":8},{"not_picked":["Leap","Turbo"],"picked":"Static Discharge","floor":10}],"player_experience":81298,"relics_obtained":[{"floor":6,"key":"Strawberry"}],"event_choices":[{"damage_healed":0,"gold_gain":100,"player_choice":"Gold","damage_taken":0,"max_hp_gain":0,"max_hp_loss":0,"event_name":"Wheel of Change","floor":3,"gold_loss":0}],"is_beta":false,"boss_relics":[],"items_purged_floors":[],"is_endless":false,"potions_floor_spawned":[1,2,6],"killed_by":"Lots of Slimes","ascension_level":0}