{"gold_per_floor":[115,115,115,115,115,115,158,1,26,52,64,101,190,263,275,383,395,432,8,21,71,71,71],"floor_reached":23,"playtime":1226,"items_purged":["Defend_B"],"score":333,"play_id":"53c31da9-9657-42b3-9ea6-ee80a37cb47d","local_time":"20190306215711","is_ascension_mode":true,"campfire_choices":[{"data":"Sunder","floor":6.0,"key":"SMITH"},{"floor":11,"key":"REST"},{"floor":15,"key":"REST"}],"neow_cost":"NONE","seed_source_timestamp":1148214986433724,"circlet_count":0,"master_deck":["AscendersBane","Strike_B+1","Strike_B","Strike_B","Strike_B","Defend_B","Defend_B","Defend_B","Zap","Dualcast","Creative AI+1","Sunder+1","Loop","Chill","Conserve Battery","Coolheaded","Amplify","Glacier","Capacitor"],"special_seed":0,"relics":["Cracked Core","Golden Idol","WingedGreaves","Omamori","MawBank","Question Card","Sozu","Bird Faced Urn"],"potions_floor_usage":[14,14,23],"damage_taken":[{"damage":2.0,"enemies":"Jaw Worm","floor":1.0,"turns":3.0},{"damage":30,"enemies":"3 Sentries","floor":7,"turns":8},{"damage":0,"enemies":"Small Slimes","floor":10,"turns":2},{"damage":2,"enemies":"2 Louse","floor":12,"turns":3},{"damage":15,"enemies":"Gremlin Nob","floor":14,"turns":4},{"damage":25,"enemies":"The Guardian","floor":16,"turns":13},{"damage":11,"enemies":"3 Byrds","floor":18,"turns":6},{"damage":10,"enemies":"Chosen","floor":20,"turns":6},{"damage":67,"enemies":"Slavers","floor":23,"turns":4}],"seed_played":"-3188741541797889689","potions_obtained":[{"floor":10,"key":"Poison Potion"},{"floor":12,"key":"Weak Potion"},{"floor":16,"key":"PowerPotion"}],"is_trial":false,"path_per_floor":["M","?","?","?","$","R","E","$","T","M","R","M","?","?","R","B",null,"M","$","M","?","$","E"],"character_chosen":"DEFECT","items_purchased":["Omamori","Capacitor","Bird Faced Urn"],"campfire_rested":2,"item_purchase_floors":[8,19,19],"current_hp_per_floor":[62,62,62,43,43,43,13,13,13,13,32,30,30,15,34,9,50,39,39,39,39,39,0],"gold":71,"neow_bonus":"ONE_RANDOM_RARE_CARD","is_prod":false,"is_daily":false,"chose_seed":false,"campfire_upgraded":1,"win_rate":0,"timestamp":1551905831,"path_taken":["M","?","?","?","?","R","E","$","T","M","R","?","?","?","R","BOSS","M","$","M","?","?","E"],"build_version":"2019-02-06","purchased_purges":1,"victory":false,"max_hp_per_floor":[71,64,64,64,64,64,64,64,64,64,64,64,64,64,64,64,64,64,64,64,64,64,64],"card_choices":[{"not_picked":["Leap","Coolheaded"],"picked":"Sunder","floor":1.0},{"not_picked":["Genetic Algorithm","Barrage"],"picked":"Loop","floor":7},{"not_picked":["Seek","Coolheaded"],"picked":"Chill","floor":10},{"not_picked":["Ball Lightning","Melter"],"picked":"Conserve Battery","floor":12},{"not_picked":["Force Field","Lockon"],"picked":"Coolheaded","floor":14},{"not_picked":["Hyperbeam","Meteor Strike","All For One"],"picked":"Amplify","floor":16},{"not_picked":["Leap","Turbo","Ball Lightning"],"picked":"Glacier","floor":18},{"not_picked":["Loop","Gash+1","Stack+1","Reinforced Body"],"picked":"SKIP","floor":20}],"player_experience":878244,"relics_obtained":[{"floor":7,"key":"WingedGreaves"},{"floor":9,"key":"MawBank"},{"floor":14,"key":"Question Card"}],"event_choices":[{"damage_healed":0.0,"max_hp_gain":0.0,"max_hp_loss":7.0,"gold_gain":0.0,"event_name":"Golden Idol","player_choice":"Lose Max HP","floor":2.0,"gold_loss":0.0,"damage_taken":0.0,"relics_obtained":["Golden Idol"]},{"damage_healed":0.0,"max_hp_gain":0.0,"max_hp_loss":0.0,"gold_gain":0.0,"event_name":"Liars Game","player_choice":"Ignored","floor":3.0,"gold_loss":0.0,"damage_taken":0.0},{"damage_healed":0.0,"max_hp_gain":0.0,"max_hp_loss":0.0,"gold_gain":0.0,"event_name":"Shining Light","player_choice":"Entered Light","floor":4.0,"gold_loss":0.0,"damage_taken":19.0,"cards_upgraded":["Creative AI","Strike_B"]},{"damage_healed":0,"gold_gain":77,"player_choice":"Gained Gold","damage_taken":0,"max_hp_gain":0,"max_hp_loss":0,"event_name":"Golden Wing","floor":13,"gold_loss":0},{"damage_healed":0,"gold_gain":30,"player_choice":"Searched \u00273\u0027 times","damage_taken":0,"max_hp_gain":0,"max_hp_loss":0,"event_name":"Dead Adventurer","floor":14,"gold_loss":0},{"damage_healed":0,"gold_gain":50,"player_choice":"Pray","damage_taken":0,"max_hp_gain":0,"max_hp_loss":0,"event_name":"Golden Shrine","floor":21,"gold_loss":0}],"is_beta":true,"boss_relics":[{"not_picked":["Snecko Eye","Nuclear Battery"],"picked":"Sozu"}],"items_purged_floors":[19],"is_endless":false,"potions_floor_spawned":[10,12,16,20],"killed_by":"Slavers","ascension_level":16}