{"gold_per_floor":[114,39,39,57,71,71,91,91],"floor_reached":8,"playtime":305,"items_purged":[],"score":94,"play_id":"9ca6d681-e915-419b-8c31-844137262fe1","local_time":"20190207131556","is_ascension_mode":true,"campfire_choices":[{"data":"Flame Barrier","floor":6,"key":"SMITH"}],"neow_cost":"PERCENT_DAMAGE","seed_source_timestamp":1647585464557455,"circlet_count":0,"master_deck":["AscendersBane","Strike_R","Strike_R+1","Strike_R","Strike_R","Defend_R","Defend_R+1","Defend_R","Defend_R","Bash","Demon Form","Thunderclap","Flame Barrier+1","Sword Boomerang"],"relics":["Burning Blood"],"potions_floor_usage":[8],"damage_taken":[{"damage":3,"enemies":"2 Louse","floor":1,"turns":4},{"damage":11,"enemies":"Jaw Worm","floor":4,"turns":6},{"damage":6,"enemies":"Cultist","floor":5,"turns":4},{"damage":0,"enemies":"Looter","floor":7,"turns":5},{"damage":50,"enemies":"Gremlin Nob","floor":8,"turns":4}],"seed_played":"5437718875075496231","potions_obtained":[{"floor":7,"key":"Energy Potion"}],"is_trial":false,"path_per_floor":["M","?","?","M","M","R","M","E"],"character_chosen":"IRONCLAD","items_purchased":[],"campfire_rested":0,"item_purchase_floors":[],"current_hp_per_floor":[53,53,30,25,25,25,31,0],"gold":91,"neow_bonus":"THREE_RARE_CARDS","is_prod":false,"is_daily":false,"chose_seed":false,"campfire_upgraded":1,"win_rate":0,"timestamp":1549541756,"path_taken":["M","?","?","M","M","R","?","E"],"build_version":"2019-02-06","purchased_purges":0,"victory":false,"max_hp_per_floor":[75,75,75,75,75,75,75,75],"card_choices":[{"not_picked":["Berserk","Reaper"],"picked":"Demon Form","floor":0},{"not_picked":["Headbutt","Flex"],"picked":"Thunderclap","floor":1},{"not_picked":["Second Wind","Clash","Pommel Strike"],"picked":"SKIP","floor":4},{"not_picked":["True Grit","Flex"],"picked":"Flame Barrier","floor":5},{"not_picked":["Wild Strike","Anger"],"picked":"Sword Boomerang","floor":7}],"player_experience":742831,"relics_obtained":[],"event_choices":[{"cards_removed":["Strike_R"],"damage_healed":0,"gold_gain":0,"player_choice":"Card Removal","damage_taken":0,"max_hp_gain":0,"max_hp_loss":0,"event_name":"The Cleric","floor":2,"gold_loss":75},{"damage_healed":0,"gold_gain":0,"player_choice":"Entered Light","damage_taken":23,"max_hp_gain":0,"max_hp_loss":0,"event_name":"Shining Light","floor":3,"gold_loss":0,"cards_upgraded":["Defend_R","Strike_R"]}],"is_beta":true,"boss_relics":[],"items_purged_floors":[],"is_endless":false,"potions_floor_spawned":[7],"killed_by":"Gremlin Nob","ascension_level":19}