{"gold_per_floor":[111,211,229,249,263,263,282,282,282,299,299,15,15,34,34,131,131,143,111,111,11,11,11,11],"floor_reached":24,"playtime":2476,"items_purged":["Strike_R","Strike_R"],"score":188,"play_id":"a61f19f4-50c4-4c37-a95d-9e0d45f27166","local_time":"20190308212453","is_ascension_mode":false,"campfire_choices":[{"floor":11.0,"key":"REST"},{"data":"Shockwave","floor":15.0,"key":"SMITH"},{"floor":23.0,"key":"REST"}],"neow_cost":"NONE","seed_source_timestamp":0,"circlet_count":0,"master_deck":["Strike_R","Strike_R","Strike_R","Defend_R","Defend_R","Defend_R","Defend_R","Bash","Iron Wave","Clothesline","Shockwave+1","Body Slam"],"special_seed":0,"relics":["Burning Blood","Nunchaku","ClockworkSouvenir","Orrery"],"potions_floor_usage":[24],"damage_taken":[{"damage":5.0,"enemies":"Small Slimes","floor":1.0,"turns":3.0},{"damage":1.0,"enemies":"Cultist","floor":3.0,"turns":4.0},{"damage":5.0,"enemies":"Jaw Worm","floor":4.0,"turns":4.0},{"damage":20.0,"enemies":"Exordium Thugs","floor":5.0,"turns":7.0},{"damage":8.0,"enemies":"Blue Slaver","floor":7.0,"turns":5.0},{"damage":13.0,"enemies":"2 Fungi Beasts","floor":10.0,"turns":3.0},{"damage":0.0,"enemies":"Looter","floor":14.0,"turns":2.0},{"damage":65.0,"enemies":"Slime Boss","floor":16.0,"turns":12.0},{"damage":59.0,"enemies":"Spheric Guardian","floor":18.0,"turns":12.0},{"damage":25.0,"enemies":"2 Thieves","floor":19.0,"turns":5.0},{"damage":39,"enemies":"3 Cultists","floor":24,"turns":6}],"seed_played":"8945799613529074116","potions_obtained":[{"floor":0.0,"key":"LiquidBronze"},{"floor":0.0,"key":"Swift Potion"},{"floor":0.0,"key":"SteroidPotion"},{"floor":7.0,"key":"Strength Potion"},{"floor":10.0,"key":"Fire Potion"},{"floor":14.0,"key":"PowerPotion"},{"floor":19.0,"key":"EssenceOfSteel"}],"is_trial":false,"path_per_floor":["M","?","M","M","M","?","M","?","T","M","R","$","?","M","R","B",null,"M","M","?","$","?","R","M"],"character_chosen":"IRONCLAD","items_purchased":["ClockworkSouvenir"],"campfire_rested":2,"item_purchase_floors":[12],"current_hp_per_floor":[80,80,80,80,66,66,64,64,64,57,80,80,85,85,85,26,85,32,13,13,13,13,38,0],"gold":11,"neow_bonus":"THREE_SMALL_POTIONS","is_prod":false,"is_daily":false,"chose_seed":false,"campfire_upgraded":1,"win_rate":0,"timestamp":1552098293,"path_taken":["M","?","?","M","?","?","M","?","T","?","R","$","?","M","R","BOSS","M","M","?","?","?","R","M"],"build_version":"2019-01-23","purchased_purges":2,"victory":false,"max_hp_per_floor":[80,80,80,80,80,80,80,80,80,80,80,80,85,85,85,85,85,85,85,85,85,85,85,85],"card_choices":[{"not_picked":["Perfected Strike","Wild Strike","Headbutt"],"picked":"SKIP","floor":1.0},{"not_picked":["Clash","Sever Soul"],"picked":"Iron Wave","floor":3.0},{"not_picked":["Wild Strike","Heavy Blade","Iron Wave"],"picked":"SKIP","floor":4.0},{"not_picked":["Thunderclap","Heavy Blade"],"picked":"Clothesline","floor":5.0},{"not_picked":["Headbutt","Uppercut","Limit Break"],"picked":"SKIP","floor":7.0},{"not_picked":["Sever Soul","Heavy Blade","Feel No Pain"],"picked":"SKIP","floor":10.0},{"not_picked":["Entrench","Heavy Blade"],"picked":"Shockwave","floor":14.0},{"not_picked":["Flex","Havoc"],"picked":"Body Slam","floor":17.0},{"not_picked":["Havoc","Barricade","Dual Wield"],"picked":"SKIP","floor":18.0},{"not_picked":["Shockwave","Thunderclap+1","Power Through"],"picked":"SKIP","floor":19.0}],"player_experience":275223,"relics_obtained":[{"floor":9.0,"key":"Nunchaku"}],"event_choices":[{"damage_healed":0.0,"max_hp_gain":0.0,"max_hp_loss":0.0,"gold_gain":100.0,"event_name":"Golden Shrine","player_choice":"Pray","floor":2.0,"gold_loss":0.0,"damage_taken":0.0},{"damage_healed":0.0,"max_hp_gain":0.0,"max_hp_loss":0.0,"gold_gain":0.0,"event_name":"Liars Game","player_choice":"Ignored","floor":6.0,"gold_loss":0.0,"damage_taken":0.0},{"damage_healed":0.0,"max_hp_gain":0.0,"max_hp_loss":0.0,"gold_gain":0.0,"event_name":"Golden Idol","player_choice":"Ignored","floor":8.0,"gold_loss":0.0,"damage_taken":0.0},{"damage_healed":0.0,"max_hp_gain":5.0,"max_hp_loss":0.0,"gold_gain":0.0,"event_name":"Big Fish","player_choice":"Donut","floor":13.0,"gold_loss":0.0,"damage_taken":0.0},{"damage_healed":0.0,"max_hp_gain":0.0,"max_hp_loss":0.0,"gold_gain":0.0,"event_name":"Match and Keep!","player_choice":"0 cards matched","floor":20.0,"gold_loss":0.0,"damage_taken":0.0,"cards_obtained":[]},{"damage_healed":0.0,"max_hp_gain":0.0,"max_hp_loss":0.0,"gold_gain":0.0,"event_name":"Cursed Tome","player_choice":"Ignored","floor":22.0,"gold_loss":0.0,"damage_taken":0.0}],"is_beta":false,"boss_relics":[{"not_picked":["Busted Crown","Velvet Choker"],"picked":"Orrery"}],"items_purged_floors":[12,21],"is_endless":false,"potions_floor_spawned":[7,10,14,19],"killed_by":"3 Cultists","ascension_level":0}