{"gold_per_floor":[212,212,226,244,257,257,283,283,283,283,283,318,331,349,349,349],"floor_reached":16,"playtime":1169,"items_purged":[],"score":112,"play_id":"18caf69e-4118-4afa-909b-410b649af361","local_time":"20190202015815","is_ascension_mode":false,"campfire_choices":[{"data":"Warcry","floor":6,"key":"SMITH"},{"floor":8,"key":"REST"},{"floor":11,"key":"REST"},{"floor":15,"key":"REST"}],"neow_cost":"NONE","seed_source_timestamp":721901305541732,"circlet_count":0,"master_deck":["Strike_R","Strike_R","Strike_R","Strike_R","Strike_R","Defend_R","Defend_R","Defend_R","Defend_R","Bash","Warcry+1","Pommel Strike","Whirlwind","Flex","Armaments+1","Dropkick","Battle Trance","Metallicize"],"relics":["Burning Blood","PreservedInsect","Darkstone Periapt","Unceasing Top"],"potions_floor_usage":[7,7,16,16],"damage_taken":[{"damage":10,"enemies":"Jaw Worm","floor":1,"turns":5},{"damage":5,"enemies":"Small Slimes","floor":3,"turns":5},{"damage":1,"enemies":"Cultist","floor":4,"turns":3},{"damage":17,"enemies":"Looter","floor":5,"turns":4},{"damage":66,"enemies":"Lagavulin","floor":7,"turns":10},{"damage":30,"enemies":"Gremlin Nob","floor":12,"turns":4},{"damage":1,"enemies":"Exordium Wildlife","floor":13,"turns":3},{"damage":28,"enemies":"Exordium Thugs","floor":14,"turns":5},{"damage":53,"enemies":"Slime Boss","floor":16,"turns":10}],"seed_played":"8480965970226344945","potions_obtained":[{"floor":1,"key":"Dexterity Potion"},{"floor":5,"key":"Ancient Potion"},{"floor":12,"key":"Swift Potion"},{"floor":14,"key":"GamblersBrew"}],"is_trial":false,"path_per_floor":["M","?","M","M","M","R","E","R","T","?","R","E","M","M","R","B"],"character_chosen":"IRONCLAD","items_purchased":[],"campfire_rested":3,"item_purchase_floors":[],"current_hp_per_floor":[76,76,77,80,69,69,9,33,33,33,57,33,38,16,40,0],"gold":349,"neow_bonus":"HUNDRED_GOLD","is_prod":false,"is_daily":false,"chose_seed":false,"campfire_upgraded":1,"win_rate":0.0,"timestamp":1549090695,"path_taken":["M","?","M","M","M","R","E","R","T","?","R","E","?","M","R","BOSS"],"build_version":"2019-01-23","purchased_purges":0,"victory":false,"max_hp_per_floor":[80,80,80,80,80,80,80,80,80,80,80,80,80,80,80,80],"card_choices":[{"not_picked":["Reckless Charge","Sever Soul"],"picked":"Warcry","floor":1},{"not_picked":["Clash","Pummel"],"picked":"Pommel Strike","floor":3},{"not_picked":["True Grit","Pommel Strike"],"picked":"Whirlwind","floor":4},{"not_picked":["Shrug It Off","Perfected Strike"],"picked":"Flex","floor":5},{"not_picked":["Iron Wave","Flex"],"picked":"Armaments","floor":7},{"not_picked":["Dual Wield","Feel No Pain"],"picked":"Dropkick","floor":12},{"not_picked":["Clash","Dropkick"],"picked":"Battle Trance","floor":13},{"not_picked":["Iron Wave","Bludgeon"],"picked":"Metallicize","floor":14}],"player_experience":6299,"relics_obtained":[{"floor":7,"key":"PreservedInsect"},{"floor":9,"key":"Darkstone Periapt"},{"floor":12,"key":"Unceasing Top"}],"event_choices":[{"damage_healed":0,"gold_gain":0,"player_choice":"Ignored","damage_taken":0,"max_hp_gain":0,"max_hp_loss":0,"event_name":"Liars Game","floor":2,"gold_loss":0},{"damage_healed":0,"gold_gain":0,"player_choice":"Upgraded","damage_taken":0,"max_hp_gain":0,"max_hp_loss":0,"event_name":"Upgrade Shrine","floor":10,"gold_loss":0,"cards_upgraded":["Armaments"]}],"is_beta":false,"boss_relics":[],"items_purged_floors":[],"is_endless":false,"potions_floor_spawned":[1,5,12,14],"killed_by":"Slime Boss","ascension_level":0}