{"gold_per_floor":[218,230,15,31,31,31,31,66,66,66,91,116,116,116,116,205,205,226,170,81,95,20,64,64,84,136,36,74,74,74,95,95,193,193,209,209,209,223,223],"floor_reached":39,"playtime":2488,"items_purged":["Strike_R","Defend_R"],"score":813,"play_id":"b79042b9-ecc3-40cc-b717-8760ba45a332","local_time":"20190206100622","is_ascension_mode":true,"campfire_choices":[{"data":"Armaments","floor":6,"key":"SMITH"},{"data":"Anger","floor":10,"key":"SMITH"},{"data":"Spot Weakness","floor":13,"key":"SMITH"},{"data":"Sword Boomerang","floor":15,"key":"SMITH"},{"floor":24,"key":"REST"},{"floor":30,"key":"REST"},{"floor":32,"key":"REST"}],"neow_cost":"NONE","seed_source_timestamp":1547619789088090,"circlet_count":0,"master_deck":["AscendersBane","Strike_R","Strike_R","Defend_R","Defend_R","Defend_R","Bash","Spot Weakness+1","Anger+1","Flex","Armaments+1","Sword Boomerang+1","Shrug It Off","Flex","Limit Break","Anger","Thunderclap","Ghostly Armor","Whirlwind","Pummel","Inflame","Heavy Blade+1"],"relics":["Burning Blood","Golden Idol","Potion Belt","Paper Frog","Runic Pyramid","Lantern","Vajra","Art of War","Coffee Dripper"],"potions_floor_usage":[16,16,21,23,25,33],"damage_taken":[{"damage":2,"enemies":"2 Louse","floor":1,"turns":4},{"damage":15,"enemies":"Small Slimes","floor":2,"turns":3},{"damage":7,"enemies":"Cultist","floor":4,"turns":4},{"damage":30,"enemies":"Lagavulin","floor":8,"turns":7},{"damage":6,"enemies":"Looter","floor":11,"turns":2},{"damage":9,"enemies":"Exordium Wildlife","floor":12,"turns":4},{"damage":15,"enemies":"Hexaghost","floor":16,"turns":6},{"damage":31,"enemies":"2 Thieves","floor":18,"turns":4},{"damage":8,"enemies":"3 Byrds","floor":21,"turns":4},{"damage":21,"enemies":"Slavers","floor":23,"turns":4},{"damage":35,"enemies":"3 Cultists","floor":25,"turns":4},{"damage":3,"enemies":"Gremlin Leader","floor":28,"turns":6},{"damage":22,"enemies":"Shelled Parasite and Fungi","floor":31,"turns":3},{"damage":4,"enemies":"Champ","floor":33,"turns":8},{"damage":35,"enemies":"3 Shapes","floor":35,"turns":7},{"damage":12,"enemies":"Orb Walker","floor":38,"turns":3},{"damage":32,"enemies":"Spire Growth","floor":39,"turns":2}],"seed_played":"6695566191189693559","potions_obtained":[{"floor":2,"key":"Ancient Potion"},{"floor":8,"key":"LiquidBronze"},{"floor":12,"key":"SteroidPotion"},{"floor":23,"key":"Weak Potion"},{"floor":31,"key":"Weak Potion"},{"floor":33,"key":"SpeedPotion"}],"is_trial":false,"path_per_floor":["M","M","$","M","?","R","?","E","T","R","M","M","R","?","R","B",null,"M","$","$","M","?","E","R","M","T","$","E","$","R","M","R","B",null,"M","?","$","M","M"],"character_chosen":"IRONCLAD","items_purchased":["Anger","Flex","Fire Potion","Thunderclap","Ghostly Armor"],"campfire_rested":3,"item_purchase_floors":[3,3,3,19,20],"current_hp_per_floor":[72,63,63,62,62,62,62,38,38,38,38,35,35,35,35,26,58,33,33,33,31,31,16,36,7,7,7,10,10,30,14,34,36,60,31,31,31,25,0],"gold":223,"neow_bonus":"HUNDRED_GOLD","is_prod":false,"is_daily":false,"chose_seed":false,"campfire_upgraded":4,"win_rate":0,"timestamp":1549443982,"path_taken":["M","M","$","M","?","R","?","E","T","R","M","M","R","?","R","BOSS","M","?","$","M","?","E","R","M","T","?","E","$","R","M","R","BOSS","M","?","$","M","M"],"build_version":"2019-01-23","purchased_purges":2,"victory":false,"max_hp_per_floor":[75,75,75,75,68,68,68,68,68,68,68,68,68,68,68,68,68,68,68,68,68,68,68,68,68,68,68,68,68,68,68,68,68,68,68,68,68,68,68],"card_choices":[{"not_picked":["Sword Boomerang","Twin Strike","Heavy Blade"],"picked":"SKIP","floor":1},{"not_picked":["Flex","Uppercut"],"picked":"Spot Weakness","floor":2},{"not_picked":["Clothesline","Perfected Strike"],"picked":"Armaments","floor":4},{"not_picked":["Warcry","Carnage"],"picked":"Sword Boomerang","floor":8},{"not_picked":["Thunderclap","Armaments"],"picked":"Shrug It Off","floor":11},{"not_picked":["Carnage","Armaments"],"picked":"Flex","floor":12},{"not_picked":["Bludgeon","Fiend Fire"],"picked":"Limit Break","floor":16},{"not_picked":["Flex+1","True Grit"],"picked":"Anger","floor":18},{"not_picked":["Shockwave","Disarm+1"],"picked":"Whirlwind","floor":21},{"not_picked":["Bloodletting","Cleave+1"],"picked":"Pummel","floor":23},{"not_picked":["Bludgeon","Heavy Blade+1","Evolve"],"picked":"SKIP","floor":25},{"not_picked":["Armaments","Perfected Strike"],"picked":"Inflame","floor":28},{"not_picked":["Sword Boomerang","Twin Strike","Disarm"],"picked":"SKIP","floor":31},{"not_picked":["Blood for Blood","Searing Blow","Pommel Strike"],"picked":"SKIP","floor":35},{"not_picked":["Rupture","Anger"],"picked":"Heavy Blade+1","floor":38}],"player_experience":734648,"relics_obtained":[{"floor":8,"key":"Potion Belt"},{"floor":9,"key":"Paper Frog"},{"floor":23,"key":"Lantern"},{"floor":26,"key":"Vajra"},{"floor":28,"key":"Art of War"}],"event_choices":[{"damage_healed":0,"gold_gain":0,"player_choice":"Lose Max HP","damage_taken":0,"relics_obtained":["Golden Idol"],"max_hp_gain":0,"max_hp_loss":7,"event_name":"Golden Idol","floor":5,"gold_loss":0},{"damage_healed":0,"gold_gain":0,"player_choice":"Leave","damage_taken":0,"max_hp_gain":0,"max_hp_loss":0,"event_name":"The Cleric","floor":7,"gold_loss":0},{"cards_removed":["Strike_R"],"damage_healed":0,"gold_gain":0,"player_choice":"Offered Basic","damage_taken":0,"max_hp_gain":0,"max_hp_loss":0,"event_name":"Bonfire Elementals","floor":14,"gold_loss":0},{"cards_removed":["Strike_R"],"damage_healed":0,"gold_gain":0,"player_choice":"Gave Gold","damage_taken":0,"max_hp_gain":0,"max_hp_loss":0,"event_name":"Beggar","floor":22,"gold_loss":75},{"damage_healed":0,"gold_gain":0,"player_choice":"Ignored","damage_taken":0,"max_hp_gain":0,"max_hp_loss":0,"event_name":"SecretPortal","floor":36,"gold_loss":0}],"is_beta":true,"boss_relics":[{"not_picked":["Velvet Choker","Philosopher\u0027s Stone"],"picked":"Runic Pyramid"},{"not_picked":["Calling Bell","Runic Cube"],"picked":"Coffee Dripper"}],"items_purged_floors":[3,27],"is_endless":false,"potions_floor_spawned":[2,8,12,23,31,33],"killed_by":"Spire Growth","ascension_level":19}