{"path_per_floor":["M","M","?","M","?","E","R","E","T","R","$","M","M","$","R","B",null,"M","?","M","$","M","R","M","R","T","M","E","M","?","M","R","B",null,"M","M","?","$","?"],"character_chosen":"IRONCLAD","items_purchased":["Inflame"],"gold_per_floor":[113,132,132,152,152,177,177,205,205,205,130,148,165,65,65,169,169,185,100,114,33,47,47,57,57,57,71,96,108,108,122,122,223,223,243,262,512,387,387],"floor_reached":40,"campfire_rested":2,"playtime":3569,"current_hp_per_floor":[80,80,80,80,73,56,56,39,39,39,39,42,43,43,43,16,80,51,51,40,40,15,39,30,54,54,35,8,18,18,20,20,28,80,78,83,83,83,83],"items_purged":["Strike_R","Strike_R","Regret"],"gold":387,"score":368,"play_id":"1da8dfca-f18f-4d8a-abb8-381b8f59c262","is_prod":false,"is_daily":false,"is_ascension_mode":false,"campfire_upgraded":4,"path_taken":["M","M","?","M","?","E","R","E","T","R","?","?","M","?","R","BOSS","M","?","M","$","M","R","M","R","T","M","E","M","?","M","R","BOSS","M","M","?","$","?","E"],"build_version":"2018-02-08-BETA1","purchased_purges":4,"victory":false,"master_deck":["Defend_R+1","Defend_R","Defend_R","Defend_R","Bash","True Grit+1","Headbutt","Thunderclap","Armaments+1","Metallicize+1","Combust+1","Limit Break+1","Warcry+1","Flex+1","Inflame+1","Dropkick","Twin Strike+1","Jack Of All Trades+1","Dual Wield+1","Feed","Warcry+1"],"max_hp_per_floor":[80,80,80,80,80,80,80,80,80,80,80,80,80,80,80,80,80,80,80,80,80,80,80,80,80,80,80,80,80,80,80,80,80,80,83,83,83,83,83],"relics":["Burning Blood","Toxic Egg 2","Frozen Egg 2","Gambling Chip","Philosopher\u0027s Stone","Bird Faced Urn","Oddly Smooth Stone","Mummified Hand","Mark of Pain"],"card_choices":[{"not_picked":["Searing Blow","Perfected Strike"],"picked":"Headbutt"},{"not_picked":["Headbutt","Anger"],"picked":"Thunderclap"},{"not_picked":["Clothesline","Twin Strike"],"picked":"Armaments"},{"not_picked":["Shockwave","Intimidate"],"picked":"Metallicize"},{"not_picked":["Bloodletting","Pommel Strike"],"picked":"Combust"},{"not_picked":["Juggernaut","Double Tap"],"picked":"Limit Break"},{"not_picked":["Headbutt","Flex"],"picked":"Warcry"},{"not_picked":["Armaments","Thunderclap"],"picked":"Flex"},{"not_picked":["Intimidate","Barricade"],"picked":"Dropkick"},{"not_picked":["Limit Break","Thunderclap"],"picked":"Twin Strike"},{"not_picked":["Burning Pact","Warcry"],"picked":"Dual Wield"},{"not_picked":["Berserk","Impervious"],"picked":"Feed"},{"not_picked":["Perfected Strike","Combust"],"picked":"Warcry"}],"player_experience":29322,"potions_floor_usage":[8,16,20,28,33,33],"damage_taken":[{"damage":2,"enemies":"Small Slimes","floor":1,"turns":4},{"damage":1,"enemies":"2 Louse","floor":2,"turns":3},{"damage":5,"enemies":"Jaw Worm","floor":4,"turns":5},{"damage":23,"enemies":"3 Sentries","floor":6,"turns":10},{"damage":23,"enemies":"Lagavulin","floor":8,"turns":6},{"damage":3,"enemies":"Exordium Wildlife","floor":12,"turns":6},{"damage":5,"enemies":"Lots of Slimes","floor":13,"turns":4},{"damage":33,"enemies":"The Guardian","floor":16,"turns":14},{"damage":35,"enemies":"Spheric Guardian","floor":18,"turns":10},{"damage":21,"enemies":"2 Thieves","floor":20,"turns":4},{"damage":35,"enemies":"Snake Plant","floor":22,"turns":5},{"damage":21,"enemies":"Centurion and Healer","floor":24,"turns":5},{"damage":31,"enemies":"Snecko","floor":27,"turns":6},{"damage":37,"enemies":"Gremlin Leader","floor":28,"turns":6},{"damage":2,"enemies":"Sentry and Sphere","floor":29,"turns":5},{"damage":10,"enemies":"Snake Plant","floor":31,"turns":4},{"damage":4,"enemies":"Champ","floor":33,"turns":8},{"damage":11,"enemies":"Flame Bruiser 1 Orb","floor":35,"turns":4},{"damage":8,"enemies":"3 Shapes","floor":36,"turns":4},{"damage":103,"enemies":"2 Orb Walkers","floor":40,"turns":4}],"event_choices":[{"event_name":"Living Wall","player_choice":"Forget","floor":3,"damage_taken":0},{"event_name":"Golden Wing","player_choice":"Card Removal","floor":5,"damage_taken":0},{"event_name":"Addict","player_choice":"Obtained Relic","floor":19,"damage_taken":0},{"event_name":"Match and Keep!","player_choice":"1 cards matched","floor":30,"damage_taken":0},{"event_name":"Golden Shrine","player_choice":"Desecrate","floor":37,"damage_taken":0},{"event_name":"Tomb of Lord Red Mask","player_choice":"Ignored","floor":39,"damage_taken":0}],"boss_relics":[{"not_picked":["Runic Cube","Orrery"],"picked":"Philosopher\u0027s Stone"},{"not_picked":["White Beast Statue","Sozu"],"picked":"Mark of Pain"}],"potions_floor_spawned":[4,13,16,24,27,28,31,36],"seed_played":"8857836641152792485","killed_by":"2 Orb Walkers","ascension_level":0,"is_trial":false}