{"gold_per_floor":[110,120,140,151,162,162,182,182,206,28,28,38,72,47,47,146,146,133,145,165,175,186,186,5,5,5,72,72,25,35,51,51,51],"floor_reached":33,"playtime":4144,"items_purged":[],"score":255,"play_id":"42a68151-bdc3-4134-84a3-5a8f6ec0d315","local_time":"20190203162551","is_ascension_mode":false,"campfire_choices":[{"data":"Dualcast","floor":6,"key":"SMITH"},{"floor":8,"key":"REST"},{"floor":15,"key":"DIG"},{"floor":25,"key":"REST"},{"floor":28,"key":"REST"},{"floor":32,"key":"REST"}],"neow_cost":"TEN_PERCENT_HP_LOSS","seed_source_timestamp":857382482196998,"circlet_count":0,"master_deck":["Strike_B","Strike_B+1","Strike_B+1","Strike_B","Defend_B","Defend_B","Defend_B","Defend_B","Zap","Dualcast+1","Darkness","Conserve Battery","Cold Snap","Compile Driver","Leap","Chill+1","Steam","Lockon","Genetic Algorithm+1","Rebound","Seek+1","Hologram+1","Aggregate+1","Auto Shields+1","Go for the Eyes+1","Barrage+1","Melter","Darkness+1","FTL","Ball Lightning","Gash","Sweeping Beam","Hologram+1"],"relics":["Cracked Core","Shovel","Whetstone","Boot","Toxic Egg 2","Ancient Tea Set","Nuclear Battery","SsserpentHead","Shuriken"],"potions_floor_usage":[7,16,20,21,27],"damage_taken":[{"damage":1,"enemies":"Jaw Worm","floor":1,"turns":4},{"damage":5,"enemies":"Cultist","floor":2,"turns":4},{"damage":1,"enemies":"2 Louse","floor":3,"turns":3},{"damage":1,"enemies":"2 Fungi Beasts","floor":4,"turns":5},{"damage":6,"enemies":"3 Louse","floor":5,"turns":4},{"damage":7,"enemies":"Exordium Thugs","floor":7,"turns":4},{"damage":5,"enemies":"Blue Slaver","floor":12,"turns":3},{"damage":4,"enemies":"3 Sentries","floor":13,"turns":6},{"damage":27,"enemies":"Hexaghost","floor":16,"turns":10},{"damage":12,"enemies":"2 Thieves","floor":18,"turns":4},{"damage":3,"enemies":"Shell Parasite","floor":19,"turns":6},{"damage":17,"enemies":"Snake Plant","floor":20,"turns":8},{"damage":17,"enemies":"Cultist and Chosen","floor":21,"turns":7},{"damage":23,"enemies":"3 Cultists","floor":22,"turns":8},{"damage":16,"enemies":"Snecko","floor":27,"turns":8},{"damage":0,"enemies":"Chosen and Byrds","floor":30,"turns":4},{"damage":3,"enemies":"Centurion and Healer","floor":31,"turns":10},{"damage":55,"enemies":"Collector","floor":33,"turns":7}],"seed_played":"5895985060514103190","potions_obtained":[{"floor":1,"key":"Regen Potion"},{"floor":3,"key":"Energy Potion"},{"floor":12,"key":"Fruit Juice"},{"floor":19,"key":"Energy Potion"},{"floor":21,"key":"FearPotion"},{"floor":22,"key":"Ancient Potion"}],"is_trial":false,"path_per_floor":["M","M","M","M","M","R","M","R","T","$","?","M","E","$","R","B",null,"M","M","M","M","M","?","$","R","T","M","R","$","M","M","R","B"],"character_chosen":"DEFECT","items_purchased":["Boot","Steam","Rebound","Melter","Darkness+1","FTL","Gash"],"campfire_rested":4,"item_purchase_floors":[10,10,14,24,24,24,29],"current_hp_per_floor":[67,62,61,60,54,54,47,67,67,67,67,62,58,58,58,36,73,61,58,41,33,10,10,10,31,31,15,36,36,36,33,54,0],"gold":51,"neow_bonus":"ONE_RARE_RELIC","is_prod":false,"is_daily":false,"chose_seed":false,"campfire_upgraded":1,"win_rate":0.0,"timestamp":1549229151,"path_taken":["M","M","M","M","M","R","M","R","T","$","?","M","E","?","R","BOSS","M","M","M","M","M","?","$","R","T","?","R","$","M","M","R","BOSS"],"build_version":"2019-01-23","purchased_purges":0,"victory":false,"max_hp_per_floor":[68,68,68,68,68,68,68,68,68,68,68,68,68,68,68,73,73,73,73,73,73,73,73,73,73,73,73,73,73,73,73,73,73],"card_choices":[{"not_picked":["Rebound","BootSequence"],"picked":"Darkness","floor":1},{"not_picked":["Hello World","Hologram"],"picked":"Conserve Battery","floor":2},{"not_picked":["Skim","Coolheaded"],"picked":"Cold Snap","floor":3},{"not_picked":["Scrape","Heatsinks"],"picked":"Compile Driver","floor":4},{"not_picked":["Conserve Battery","Rip and Tear"],"picked":"Leap","floor":5},{"not_picked":["Storm","Double Energy"],"picked":"Chill","floor":7},{"not_picked":["Heatsinks","Compile Driver"],"picked":"Lockon","floor":12},{"not_picked":["Heatsinks","Compile Driver"],"picked":"Genetic Algorithm","floor":13},{"not_picked":["Meteor Strike","Buffer"],"picked":"Seek+1","floor":16},{"not_picked":["Gash","Leap+1"],"picked":"Hologram+1","floor":18},{"not_picked":["Reprogram+1","Capacitor+1"],"picked":"Aggregate+1","floor":19},{"not_picked":["Self Repair","Sweeping Beam"],"picked":"Auto Shields+1","floor":20},{"not_picked":["Turbo+1","Auto Shields+1"],"picked":"Go for the Eyes+1","floor":21},{"not_picked":["Aggregate+1","Chaos+1"],"picked":"Barrage+1","floor":22},{"not_picked":["Turbo+1","Blizzard"],"picked":"Ball Lightning","floor":27},{"not_picked":["Steam+1","Rebound"],"picked":"Sweeping Beam","floor":30},{"not_picked":["Compile Driver","Go for the Eyes"],"picked":"Hologram+1","floor":31}],"player_experience":20345,"relics_obtained":[{"floor":9,"key":"Whetstone"},{"floor":13,"key":"Toxic Egg 2"},{"floor":15,"key":"Ancient Tea Set"},{"floor":26,"key":"Shuriken"}],"event_choices":[{"damage_healed":0,"gold_gain":0,"player_choice":"Upgraded","damage_taken":0,"max_hp_gain":0,"max_hp_loss":0,"event_name":"Upgrade Shrine","floor":11,"gold_loss":0,"cards_upgraded":["Chill"]},{"damage_healed":0,"gold_gain":0,"player_choice":"Trade","damage_taken":0,"relics_obtained":["SsserpentHead"],"max_hp_gain":0,"max_hp_loss":0,"event_name":"FaceTrader","floor":23,"gold_loss":0}],"is_beta":false,"boss_relics":[{"not_picked":["Busted Crown","Orrery"],"picked":"Nuclear Battery"}],"items_purged_floors":[],"is_endless":false,"potions_floor_spawned":[1,3,12,19,21,22],"killed_by":"Collector","ascension_level":0}