{"gold_per_floor":[115,135,151,169,139,174,174,189,189,30,47,47,66,85,85,185,185,203,216,141,158,158,158,170,170],"floor_reached":25,"playtime":1328,"items_purged":["Pain"],"score":209,"play_id":"ee0de71a-37bb-4d4e-a26c-49af5b8622d9","local_time":"20190207004311","is_ascension_mode":false,"campfire_choices":[{"data":"Terror","floor":15,"key":"SMITH"},{"data":"Backflip","floor":23,"key":"SMITH"}],"neow_cost":"NONE","seed_source_timestamp":1149233234867837,"circlet_count":0,"master_deck":["Defend_G","Defend_G","Defend_G","Defend_G","Defend_G","Strike_G","Strike_G","Strike_G","Strike_G","Survivor","Neutralize","Flying Knee","Blade Dance","Accuracy","Quick Slash","Quick Slash","Dagger Spray","All Out Attack","Footwork","Blade Dance","Dramatic Entrance","Backflip+1","Reflex","Calculated Gamble","Terror+1","Phantasmal Killer","Pain","Parasite","Deflect+1","Sucker Punch","Cloak And Dagger+1","Finisher"],"relics":["Ring of the Snake","Strawberry","Bag of Marbles","Shuriken","Calling Bell","Snake Skull","Paper Crane","Gambling Chip"],"potions_floor_usage":[6,21,25],"damage_taken":[{"damage":0,"enemies":"Cultist","floor":1,"turns":4},{"damage":0,"enemies":"Small Slimes","floor":2,"turns":4},{"damage":3,"enemies":"2 Louse","floor":3,"turns":2},{"damage":3,"enemies":"Exordium Wildlife","floor":4,"turns":5},{"damage":5,"enemies":"Looter","floor":5,"turns":4},{"damage":23,"enemies":"Gremlin Nob","floor":6,"turns":5},{"damage":0,"enemies":"Lots of Slimes","floor":8,"turns":1},{"damage":0,"enemies":"Large Slime","floor":11,"turns":3},{"damage":3,"enemies":"Exordium Thugs","floor":13,"turns":4},{"damage":2,"enemies":"Exordium Wildlife","floor":14,"turns":3},{"damage":19,"enemies":"Hexaghost","floor":16,"turns":8},{"damage":16,"enemies":"Shell Parasite","floor":18,"turns":7},{"damage":6,"enemies":"3 Byrds","floor":19,"turns":5},{"damage":13,"enemies":"Cultist and Chosen","floor":21,"turns":8},{"damage":27,"enemies":"Snecko","floor":24,"turns":8},{"damage":21,"enemies":"Snake Plant","floor":25,"turns":1}],"seed_played":"-8627903459921086190","potions_obtained":[{"floor":2,"key":"SpeedPotion"},{"floor":3,"key":"Weak Potion"},{"floor":6,"key":"Energy Potion"},{"floor":13,"key":"Explosive Potion"},{"floor":14,"key":"AttackPotion"},{"floor":24,"key":"SkillPotion"}],"is_trial":false,"path_per_floor":["M","M","M","M","M","E","?","M","T","$","M","$","M","M","R","B",null,"M","M","$","M","?","R","M","M"],"character_chosen":"THE_SILENT","items_purchased":["Blade Dance","Dramatic Entrance","Backflip"],"campfire_rested":0,"item_purchase_floors":[10,10,10],"current_hp_per_floor":[77,77,74,71,66,43,43,43,43,43,43,43,40,38,38,19,77,61,55,55,42,42,42,15,0],"gold":170,"neow_bonus":"RANDOM_COMMON_RELIC","is_prod":false,"is_daily":false,"chose_seed":false,"campfire_upgraded":2,"win_rate":0.0,"timestamp":1549518191,"path_taken":["M","M","?","M","M","E","?","M","T","?","M","$","M","M","R","BOSS","M","M","$","M","?","R","M","M"],"build_version":"2019-01-23","purchased_purges":1,"victory":false,"max_hp_per_floor":[77,77,77,77,77,77,77,77,77,77,77,77,77,77,77,77,77,77,77,77,77,77,77,77,77],"card_choices":[{"not_picked":["Distraction","Choke"],"picked":"Flying Knee","floor":1},{"not_picked":["Endless Agony","Slice"],"picked":"Blade Dance","floor":2},{"not_picked":["Deflect","Flying Knee"],"picked":"Accuracy","floor":3},{"not_picked":["Poisoned Stab","Prepared"],"picked":"Quick Slash","floor":4},{"not_picked":["Eviscerate","Acrobatics"],"picked":"Quick Slash","floor":5},{"not_picked":["Cloak And Dagger","Bane"],"picked":"Dagger Spray","floor":6},{"not_picked":["PiercingWail","Reflex"],"picked":"Footwork","floor":8},{"not_picked":["Skewer","Acrobatics"],"picked":"Reflex","floor":11},{"not_picked":["Setup","Infinite Blades"],"picked":"Calculated Gamble","floor":13},{"not_picked":["Poisoned Stab","Dagger Spray"],"picked":"Terror","floor":14},{"not_picked":["Corpse Explosion","Malaise"],"picked":"Phantasmal Killer","floor":16},{"not_picked":["PiercingWail","Dodge and Roll"],"picked":"Deflect+1","floor":18},{"not_picked":["Deadly Poison","Underhanded Strike"],"picked":"Sucker Punch","floor":19},{"not_picked":["After Image","Catalyst+1"],"picked":"Cloak And Dagger+1","floor":21},{"not_picked":["Catalyst","Calculated Gamble"],"picked":"Finisher","floor":24}],"player_experience":57341,"relics_obtained":[{"floor":6,"key":"Bag of Marbles"},{"floor":9,"key":"Shuriken"},{"floor":17,"key":"Snake Skull"},{"floor":17,"key":"Paper Crane"},{"floor":17,"key":"Gambling Chip"}],"event_choices":[{"damage_healed":0,"gold_gain":0,"cards_transformed":["Strike_G"],"player_choice":"Transformed","damage_taken":0,"max_hp_gain":0,"max_hp_loss":0,"event_name":"Transmorgrifier","floor":7,"gold_loss":0,"cards_obtained":["All Out Attack"]},{"damage_healed":0,"gold_gain":0,"player_choice":"Ignored","damage_taken":0,"max_hp_gain":0,"max_hp_loss":0,"event_name":"Ghosts","floor":22,"gold_loss":0}],"is_beta":false,"boss_relics":[{"not_picked":["Tiny House","HoveringKite"],"picked":"Calling Bell"}],"items_purged_floors":[20],"is_endless":false,"potions_floor_spawned":[2,3,6,13,14,24],"killed_by":"Snake Plant","ascension_level":0}