{"gold_per_floor":[119,119,119,119,65,103,178,222,246,259,292,39,82,95,95,193,193,209,224,124,174,49,49,74,74,74,74,94,94,117,117],"floor_reached":31,"playtime":1082,"items_purged":["Defend_R","Strike_R","Strike_R"],"score":631,"play_id":"b25a233f-2735-4b1f-a3e1-f4313bce56cf","local_time":"20190205145014","is_ascension_mode":true,"campfire_choices":[{"data":"Apotheosis","floor":15,"key":"SMITH"},{"data":"Carnage","floor":23,"key":"SMITH"},{"data":"Perfected Strike","floor":25,"key":"SMITH"}],"neow_cost":"NONE","seed_source_timestamp":1479656875072480,"circlet_count":0,"master_deck":["AscendersBane","Strike_R+1","Strike_R+1","Defend_R+1","Defend_R+1","Defend_R","Bash","Armaments","Perfected Strike+1","Shrug It Off","Carnage+1","Seeing Red","Shrug It Off","Apotheosis+1","Clothesline","Feed","Perfected Strike","Headbutt","Writhe","Impervious","Ghostly Armor"],"relics":["Burning Blood","NeowsBlessing","Golden Idol","Mango","Strawberry","War Paint","Bird Faced Urn","Whetstone","Mark of Pain","Bottled Flame","Happy Flower"],"potions_floor_usage":[16,16,19,24,30],"damage_taken":[{"damage":0,"enemies":"2 Louse","floor":1,"turns":1},{"damage":0,"enemies":"3 Sentries","floor":6,"turns":2},{"damage":0,"enemies":"Lagavulin","floor":8,"turns":1},{"damage":7,"enemies":"Jaw Worm","floor":10,"turns":2},{"damage":36,"enemies":"Gremlin Nob","floor":11,"turns":4},{"damage":21,"enemies":"Lagavulin","floor":13,"turns":6},{"damage":4,"enemies":"Small Slimes","floor":14,"turns":5},{"damage":25,"enemies":"Hexaghost","floor":16,"turns":9},{"damage":26,"enemies":"2 Thieves","floor":18,"turns":5},{"damage":21,"enemies":"Shell Parasite","floor":19,"turns":4},{"damage":9,"enemies":"Snake Plant","floor":24,"turns":4},{"damage":43,"enemies":"Shelled Parasite and Fungi","floor":28,"turns":4},{"damage":10,"enemies":"Centurion and Healer","floor":30,"turns":6},{"damage":24,"enemies":"Cultist and Chosen","floor":31,"turns":3}],"seed_played":"6263327029175803626","potions_obtained":[{"floor":6,"key":"LiquidBronze"},{"floor":11,"key":"BloodPotion"},{"floor":16,"key":"Poison Potion"},{"floor":19,"key":"Block Potion"},{"floor":24,"key":"Fire Potion"},{"floor":30,"key":"FearPotion"}],"is_trial":false,"path_per_floor":["M","?","?","?","$","E","?","E","T","M","E","$","E","M","R","B",null,"M","M","$","?","$","R","M","R","T","?","M","?","M","M"],"character_chosen":"IRONCLAD","items_purchased":["Perfected Strike","Apotheosis"],"campfire_rested":0,"item_purchase_floors":[5,12],"current_hp_per_floor":[74,79,72,72,72,86,75,88,88,87,57,57,42,44,44,34,78,62,47,47,47,47,47,44,44,44,44,7,7,7,0],"gold":117,"neow_bonus":"THREE_ENEMY_KILL","is_prod":false,"is_daily":false,"chose_seed":false,"campfire_upgraded":3,"win_rate":0,"timestamp":1549374614,"path_taken":["M","?","?","?","?","E","?","E","T","?","E","?","E","M","R","BOSS","M","?","$","?","$","R","M","R","T","?","M","?","M","M"],"build_version":"2019-01-23","purchased_purges":3,"victory":false,"max_hp_per_floor":[75,80,80,72,72,86,86,93,93,93,93,93,93,93,93,93,93,97,97,97,97,97,97,97,97,97,97,97,97,101,104],"card_choices":[{"not_picked":["Warcry","Rage"],"picked":"Armaments","floor":1},{"not_picked":["Clash","Armaments"],"picked":"Shrug It Off","floor":6},{"not_picked":["Iron Wave","Pommel Strike"],"picked":"Carnage","floor":8},{"not_picked":["Armaments","Rage"],"picked":"Seeing Red","floor":10},{"not_picked":["Hemokinesis","Sentinel"],"picked":"Shrug It Off","floor":11},{"not_picked":["Dual Wield","True Grit"],"picked":"Clothesline","floor":13},{"not_picked":["Anger","Fiend Fire","Infernal Blade"],"picked":"SKIP","floor":14},{"not_picked":["Berserk","Limit Break"],"picked":"Feed","floor":16},{"not_picked":["Wild Strike","Iron Wave"],"picked":"Perfected Strike","floor":18},{"not_picked":["Flex","Pommel Strike"],"picked":"Headbutt","floor":19},{"not_picked":["Disarm","Pummel","Reckless Charge"],"picked":"SKIP","floor":24},{"not_picked":["Iron Wave","Flex"],"picked":"Impervious","floor":28},{"not_picked":["Searing Blow","Thunderclap"],"picked":"Ghostly Armor","floor":30}],"player_experience":711481,"relics_obtained":[{"floor":6,"key":"Mango"},{"floor":8,"key":"Strawberry"},{"floor":9,"key":"War Paint"},{"floor":11,"key":"Bird Faced Urn"},{"floor":13,"key":"Whetstone"},{"floor":26,"key":"Bottled Flame"}],"event_choices":[{"damage_healed":0,"gold_gain":0,"player_choice":"Donut","damage_taken":0,"max_hp_gain":5,"max_hp_loss":0,"event_name":"Big Fish","floor":2,"gold_loss":0},{"cards_removed":["Strike_R"],"damage_healed":0,"gold_gain":0,"player_choice":"Card Removal","damage_taken":7,"max_hp_gain":0,"max_hp_loss":0,"event_name":"Golden Wing","floor":3,"gold_loss":0},{"damage_healed":0,"gold_gain":0,"player_choice":"Lose Max HP","damage_taken":0,"relics_obtained":["Golden Idol"],"max_hp_gain":0,"max_hp_loss":8,"event_name":"Golden Idol","floor":4,"gold_loss":0},{"damage_healed":0,"gold_gain":75,"player_choice":"Gather Gold","damage_taken":11,"max_hp_gain":0,"max_hp_loss":0,"event_name":"World of Goop","floor":7,"gold_loss":0},{"damage_healed":0,"gold_gain":50,"player_choice":"Stole From Cult","damage_taken":0,"max_hp_gain":0,"max_hp_loss":0,"event_name":"Nest","floor":21,"gold_loss":0},{"damage_healed":0,"gold_gain":0,"player_choice":"Opened","damage_taken":0,"relics_obtained":["Happy Flower"],"max_hp_gain":0,"max_hp_loss":0,"event_name":"The Mausoleum","floor":27,"gold_loss":0,"cards_obtained":["Writhe"]},{"damage_healed":0,"gold_gain":0,"player_choice":"Ignored","damage_taken":0,"max_hp_gain":0,"max_hp_loss":0,"event_name":"Vampires","floor":29,"gold_loss":0}],"is_beta":true,"boss_relics":[{"not_picked":["Runic Pyramid","White Beast Statue"],"picked":"Mark of Pain"}],"items_purged_floors":[12,20,22],"is_endless":false,"potions_floor_spawned":[6,11,14,16,19,24,30],"killed_by":"Cultist and Chosen","ascension_level":19}