{"gold_per_floor":[113,113,133,58,58,383,383,393,393,393,393,393,408,426,426,500,500,512,512,522,59,59,59,90,101,101,101,112,131,131,6,6,6],"floor_reached":33,"playtime":1416,"items_purged":["Doubt","Strike_R","Strike_R"],"score":542,"play_id":"d60c092b-2d4b-479b-98e7-454a5e528074","local_time":"20190205125830","is_ascension_mode":true,"campfire_choices":[{"data":"Heavy Blade","floor":7.0,"key":"SMITH"},{"data":"True Grit","floor":10.0,"key":"SMITH"},{"data":"Demon Form","floor":12.0,"key":"SMITH"},{"floor":15.0,"key":"REST"},{"data":"Armaments","floor":23.0,"key":"SMITH"},{"floor":27,"key":"REST"},{"data":"Exhume","floor":30,"key":"SMITH"},{"data":"Shrug It Off","floor":32,"key":"SMITH"}],"neow_cost":"CURSE","seed_source_timestamp":1472517924202272,"circlet_count":0,"master_deck":["AscendersBane","Strike_R","Strike_R","Defend_R","Defend_R","Defend_R","Defend_R","Bash","Demon Form+1","True Grit+1","Disarm","Shrug It Off+1","Heavy Blade+1","Thunderclap","Pummel","Pummel","Exhume+1","Armaments+1","Sentinel+1","Pummel","Pummel"],"special_seed":0,"relics":["Burning Blood","Old Coin","Frozen Egg 2","Dream Catcher","Runic Pyramid","MutagenicStrength","Omamori","Ancient Tea Set","Regal Pillow","Paper Frog"],"potions_floor_usage":[24,29,33],"damage_taken":[{"damage":9.0,"enemies":"Jaw Worm","floor":1.0,"turns":5.0},{"damage":5.0,"enemies":"Cultist","floor":3.0,"turns":4.0},{"damage":32.0,"enemies":"Lagavulin","floor":6.0,"turns":6.0},{"damage":2.0,"enemies":"2 Louse","floor":8.0,"turns":4.0},{"damage":12.0,"enemies":"Looter","floor":13.0,"turns":4.0},{"damage":24.0,"enemies":"3 Louse","floor":14.0,"turns":3.0},{"damage":24.0,"enemies":"Slime Boss","floor":16.0,"turns":8.0},{"damage":10.0,"enemies":"3 Byrds","floor":18.0,"turns":8.0},{"damage":1.0,"enemies":"Chosen","floor":20.0,"turns":5.0},{"damage":38,"enemies":"Book of Stabbing","floor":24,"turns":5},{"damage":18,"enemies":"Centurion and Healer","floor":25,"turns":4},{"damage":25,"enemies":"Sentry and Sphere","floor":28,"turns":4},{"damage":5,"enemies":"Snecko","floor":29,"turns":4},{"damage":63,"enemies":"Collector","floor":33,"turns":5}],"seed_played":"1090556596691375709","potions_obtained":[{"floor":8.0,"key":"PowerPotion"},{"floor":14.0,"key":"Swift Potion"},{"floor":16.0,"key":"PowerPotion"},{"floor":18.0,"key":"Swift Potion"},{"floor":29,"key":"Regen Potion"}],"is_trial":false,"path_per_floor":["M","?","M","$","?","E","R","M","T","R","?","R","M","M","R","B",null,"M","?","M","$","?","R","E","M","T","R","M","M","R","$","R","B"],"character_chosen":"IRONCLAD","items_purchased":["Armaments","Omamori","Ancient Tea Set"],"campfire_rested":2,"item_purchase_floors":[21,21,21],"current_hp_per_floor":[65,65,66,66,66,40,40,44,44,44,33,33,27,9,31,13,60,56,56,61,61,61,61,29,17,17,54,35,36,36,36,36,0],"gold":6,"neow_bonus":"THREE_RARE_CARDS","is_prod":false,"is_daily":false,"chose_seed":false,"campfire_upgraded":6,"win_rate":0,"timestamp":1549367910,"path_taken":["M","?","?","?","?","E","R","M","T","R","?","R","M","M","R","BOSS","M","?","M","$","?","R","E","M","T","R","M","M","R","$","R","BOSS"],"build_version":"2019-01-23","purchased_purges":3,"victory":false,"max_hp_per_floor":[75,75,75,75,75,75,75,75,75,75,75,75,75,75,75,75,75,75,75,75,75,75,75,75,75,75,75,75,75,75,75,75,75],"card_choices":[{"not_picked":["Exhume","Immolate"],"picked":"Demon Form","floor":0.0},{"not_picked":["Dual Wield","Perfected Strike"],"picked":"True Grit","floor":1.0},{"not_picked":["True Grit","Cleave"],"picked":"Shrug It Off","floor":3.0},{"not_picked":["Body Slam","Twin Strike"],"picked":"Heavy Blade","floor":6.0},{"not_picked":["True Grit","Flex"],"picked":"Thunderclap","floor":8.0},{"not_picked":["True Grit","Clothesline"],"picked":"Pummel","floor":13.0},{"not_picked":["Sever Soul","Battle Trance"],"picked":"Pummel","floor":14.0},{"not_picked":["Bludgeon","Immolate"],"picked":"Exhume","floor":16.0},{"not_picked":["Clash","Body Slam+1","Pommel Strike"],"picked":"SKIP","floor":18.0},{"not_picked":["Blood for Blood","Body Slam","Perfected Strike"],"picked":"SKIP","floor":20.0},{"not_picked":["Berserk+1","Pommel Strike"],"picked":"Sentinel+1","floor":24},{"not_picked":["Sword Boomerang","Intimidate"],"picked":"Pummel","floor":25},{"not_picked":["True Grit","Headbutt"],"picked":"Pummel","floor":27},{"not_picked":["Searing Blow","Uppercut","Infernal Blade"],"picked":"SKIP","floor":28},{"not_picked":["Clash","Power Through","Heavy Blade"],"picked":"SKIP","floor":29}],"player_experience":704803,"relics_obtained":[{"floor":6.0,"key":"Old Coin"},{"floor":9.0,"key":"Frozen Egg 2"},{"floor":24,"key":"Regal Pillow"},{"floor":26,"key":"Paper Frog"}],"event_choices":[{"damage_healed":0.0,"max_hp_gain":0.0,"max_hp_loss":0.0,"gold_gain":0.0,"cards_transformed":["Strike_R"],"event_name":"Transmorgrifier","player_choice":"Transformed","floor":2.0,"gold_loss":0.0,"damage_taken":0.0,"cards_obtained":["Disarm"]},{"damage_healed":0.0,"max_hp_gain":0.0,"max_hp_loss":0.0,"gold_gain":0.0,"event_name":"Liars Game","player_choice":"Ignored","floor":5.0,"gold_loss":0.0,"damage_taken":0.0},{"damage_healed":0.0,"max_hp_gain":0.0,"max_hp_loss":0.0,"gold_gain":0.0,"event_name":"Scrap Ooze","player_choice":"Success","floor":11.0,"gold_loss":0.0,"damage_taken":11.0,"relics_obtained":["Dream Catcher"]},{"damage_healed":0.0,"max_hp_gain":0.0,"max_hp_loss":0.0,"gold_gain":0.0,"event_name":"Drug Dealer","player_choice":"Inject Mutagens","floor":19.0,"gold_loss":0.0,"damage_taken":0.0,"relics_obtained":["MutagenicStrength"]}],"is_beta":true,"boss_relics":[{"not_picked":["Fusion Hammer","Runic Cube"],"picked":"Runic Pyramid"}],"items_purged_floors":[4,21,31],"is_endless":false,"potions_floor_spawned":[8,14,16,18,29],"killed_by":"Collector","ascension_level":19}