{"gold_per_floor":[114,114,39,39,57,57,90,121,133,170,22,22,38,38],"floor_reached":14,"playtime":1287,"items_purged":["Strike_G"],"score":167,"play_id":"856f173f-cf85-4691-851c-55a4fb81ad5c","local_time":"20190221214014","is_ascension_mode":true,"campfire_choices":[{"data":"Neutralize","floor":6,"key":"SMITH"}],"neow_cost":"TEN_PERCENT_HP_LOSS","seed_source_timestamp":24118588789433,"circlet_count":0,"master_deck":["AscendersBane","Defend_G","Defend_G","Defend_G","Strike_G","Strike_G","Survivor","Neutralize+1","PiercingWail","Doppelganger","Flying Knee","Crippling Poison","Acrobatics","Terror","Bane","Backflip","Slice"],"relics":["Ring of the Snake","Golden Idol","MawBank","Pantograph"],"potions_floor_usage":[],"damage_taken":[{"damage":7,"enemies":"Small Slimes","floor":1,"turns":6},{"damage":2,"enemies":"2 Louse","floor":5,"turns":4},{"damage":21,"enemies":"3 Sentries","floor":7,"turns":13},{"damage":3,"enemies":"Cultist","floor":8,"turns":4},{"damage":11,"enemies":"2 Fungi Beasts","floor":10,"turns":4},{"damage":3,"enemies":"Looter","floor":13,"turns":3},{"damage":7,"enemies":"Lots of Slimes","floor":14,"turns":1}],"seed_played":"5024694578119983979","potions_obtained":[{"floor":10,"key":"Weak Potion"}],"is_trial":false,"path_per_floor":["M","?","?","?","M","R","E","M","T","M","$","?","M","M"],"character_chosen":"THE_SILENT","items_purchased":["Backflip","Slice"],"campfire_rested":0,"item_purchase_floors":[11,11],"current_hp_per_floor":[52,45,45,45,43,43,22,19,19,8,8,8,5,0],"gold":38,"neow_bonus":"TRANSFORM_TWO_CARDS","is_prod":false,"is_daily":false,"chose_seed":false,"campfire_upgraded":1,"win_rate":0,"timestamp":1550781614,"path_taken":["M","?","?","?","M","R","E","M","T","M","$","?","M","M"],"build_version":"2019-02-06","purchased_purges":1,"victory":false,"max_hp_per_floor":[60,60,60,54,54,54,54,54,54,54,54,54,54,54],"card_choices":[{"not_picked":["Prepared","Deflect"],"picked":"Flying Knee","floor":1},{"not_picked":["Backflip","Sucker Punch"],"picked":"Crippling Poison","floor":5},{"not_picked":["Slice","Bouncing Flask"],"picked":"Acrobatics","floor":7},{"not_picked":["Backflip","Accuracy"],"picked":"Terror","floor":8},{"not_picked":["Deadly Poison","After Image"],"picked":"Bane","floor":10},{"not_picked":["Acrobatics","Tactician","Well Laid Plans"],"picked":"SKIP","floor":13}],"player_experience":809720,"relics_obtained":[{"floor":7,"key":"MawBank"},{"floor":9,"key":"Pantograph"}],"event_choices":[{"cards_removed":["Strike_G"],"damage_healed":0,"gold_gain":0,"player_choice":"Card Removal","damage_taken":7,"max_hp_gain":0,"max_hp_loss":0,"event_name":"Golden Wing","floor":2,"gold_loss":0},{"cards_removed":["Defend_G"],"damage_healed":0,"gold_gain":0,"player_choice":"Card Removal","damage_taken":0,"max_hp_gain":0,"max_hp_loss":0,"event_name":"The Cleric","floor":3,"gold_loss":75},{"damage_healed":0,"gold_gain":0,"player_choice":"Lose Max HP","damage_taken":0,"relics_obtained":["Golden Idol"],"max_hp_gain":0,"max_hp_loss":6,"event_name":"Golden Idol","floor":4,"gold_loss":0},{"damage_healed":0,"gold_gain":0,"player_choice":"Ignored","damage_taken":0,"max_hp_gain":0,"max_hp_loss":0,"event_name":"Shining Light","floor":12,"gold_loss":0}],"is_beta":true,"boss_relics":[],"items_purged_floors":[11],"is_endless":false,"potions_floor_spawned":[10],"killed_by":"Lots of Slimes","ascension_level":17}