{"gold_per_floor":[118,128,55,55,68,68,79,106,159,159,170,170,184,211,211,211],"floor_reached":16,"playtime":611,"items_purged":[],"score":165,"play_id":"5e64ee0c-47d1-4e94-8b23-64d67ff0913d","local_time":"20190312200730","is_ascension_mode":true,"campfire_choices":[{"data":"Entrench","floor":10.0,"key":"SMITH"},{"data":"Bash","floor":15.0,"key":"SMITH"}],"neow_cost":"NONE","seed_source_timestamp":0,"circlet_count":0,"master_deck":["Strike_R","Strike_R+1","Strike_R","Strike_R+1","Defend_R+1","Defend_R+1","Defend_R","Defend_R","Bash+1","Wild Strike+1","Feel No Pain","Feel No Pain","Cleave+1","Whirlwind","Entrench+1","Pommel Strike","Sentinel","Metallicize"],"special_seed":0,"relics":["Burning Blood","War Paint","Darkstone Periapt","Whetstone","Pear","Strawberry"],"potions_floor_usage":[16],"damage_taken":[{"damage":2.0,"enemies":"Cultist","floor":1.0,"turns":4.0},{"damage":6.0,"enemies":"2 Louse","floor":2.0,"turns":2.0},{"damage":4.0,"enemies":"Jaw Worm","floor":5.0,"turns":3.0},{"damage":5.0,"enemies":"Exordium Thugs","floor":7.0,"turns":4.0},{"damage":32.0,"enemies":"Gremlin Nob","floor":8.0,"turns":4.0},{"damage":7.0,"enemies":"3 Louse","floor":11.0,"turns":2.0},{"damage":26.0,"enemies":"Lots of Slimes","floor":13.0,"turns":4.0},{"damage":12.0,"enemies":"3 Sentries","floor":14.0,"turns":6.0},{"damage":32,"enemies":"Hexaghost","floor":16,"turns":9}],"seed_played":"-3474354780851632501","potions_obtained":[{"floor":5.0,"key":"BloodPotion"},{"floor":11.0,"key":"SkillPotion"},{"floor":13.0,"key":"FearPotion"}],"is_trial":false,"path_per_floor":["M","M","$","?","M","?","M","E","T","R","M","T","M","E","R","B"],"character_chosen":"IRONCLAD","items_purchased":["Feel No Pain"],"campfire_rested":0,"item_purchase_floors":[3],"current_hp_per_floor":[80,80,80,80,80,64,65,39,39,39,46,56,36,37,37,5],"gold":211,"neow_bonus":"RANDOM_COMMON_RELIC","is_prod":false,"is_daily":false,"chose_seed":false,"campfire_upgraded":2,"win_rate":0,"timestamp":1552388850,"path_taken":["M","M","?","?","?","?","M","E","T","R","M","?","M","E","R","BOSS"],"build_version":"2019-01-23","purchased_purges":0,"victory":false,"max_hp_per_floor":[80,80,80,80,80,80,80,80,80,80,80,90,90,97,97,97],"card_choices":[{"not_picked":["Combust","Cleave"],"picked":"Wild Strike","floor":1.0},{"not_picked":["Spot Weakness","Heavy Blade"],"picked":"Feel No Pain","floor":2.0},{"not_picked":["Shockwave","Searing Blow"],"picked":"Cleave","floor":5.0},{"not_picked":["Anger","Burning Pact"],"picked":"Whirlwind","floor":7.0},{"not_picked":["Cleave","Headbutt"],"picked":"Entrench","floor":8.0},{"not_picked":["Flex","Anger"],"picked":"Pommel Strike","floor":11.0},{"not_picked":["Anger","Clothesline"],"picked":"Sentinel","floor":13.0},{"not_picked":["Sword Boomerang","Juggernaut"],"picked":"Metallicize","floor":14.0}],"player_experience":327918,"relics_obtained":[{"floor":8.0,"key":"Darkstone Periapt"},{"floor":9.0,"key":"Whetstone"},{"floor":12.0,"key":"Pear"},{"floor":14.0,"key":"Strawberry"}],"event_choices":[{"cards_removed":["Strike_R"],"damage_healed":0.0,"max_hp_gain":0.0,"max_hp_loss":0.0,"gold_gain":0.0,"event_name":"Wheel of Change","player_choice":"Card Removal","floor":4.0,"gold_loss":0.0,"damage_taken":0.0},{"damage_healed":0.0,"max_hp_gain":0.0,"max_hp_loss":0.0,"gold_gain":0.0,"event_name":"Shining Light","player_choice":"Entered Light","floor":6.0,"gold_loss":0.0,"damage_taken":16.0,"cards_upgraded":["Wild Strike","Strike_R"]}],"is_beta":false,"boss_relics":[],"items_purged_floors":[],"is_endless":false,"potions_floor_spawned":[5,11,13],"killed_by":"Hexaghost","ascension_level":5}