{"gold_per_floor":[117,117,127,127,177,177,201,224,273,273,316,330,187,221,221,221],"floor_reached":16,"playtime":790,"items_purged":[],"score":193,"play_id":"aa4bd516-2ef6-466c-88d3-ea3e74560965","local_time":"20190306193058","is_ascension_mode":true,"campfire_choices":[{"data":"Zap","floor":6,"key":"SMITH"},{"floor":15,"key":"REST"}],"neow_cost":"TEN_PERCENT_HP_LOSS","seed_source_timestamp":1140095290733707,"circlet_count":0,"master_deck":["AscendersBane","Strike_B+1","Strike_B","Strike_B+1","Defend_B","Defend_B","Defend_B","Zap+1","Dualcast","Meteor Strike","Auto Shields","Chill","Turbo","Leap","Reboot"],"relics":["Cracked Core","Golden Idol","Blood Vial","Whetstone","Happy Flower","Unceasing Top"],"potions_floor_usage":[11],"damage_taken":[{"damage":1,"enemies":"Cultist","floor":1,"turns":4},{"damage":7,"enemies":"Jaw Worm","floor":3,"turns":4},{"damage":1,"enemies":"2 Louse","floor":7,"turns":3},{"damage":15,"enemies":"Exordium Thugs","floor":8,"turns":5},{"damage":22,"enemies":"Lagavulin","floor":11,"turns":7},{"damage":0,"enemies":"3 Louse","floor":12,"turns":5},{"damage":3,"enemies":"3 Sentries","floor":14,"turns":12},{"damage":63,"enemies":"Slime Boss","floor":16,"turns":12}],"seed_played":"-2359312183058326597","potions_obtained":[{"floor":7,"key":"FairyPotion"},{"floor":8,"key":"PowerPotion"}],"is_trial":false,"path_per_floor":["M","?","M","?","?","R","M","M","T","?","E","M","$","E","R","B"],"character_chosen":"DEFECT","items_purchased":["Happy Flower"],"campfire_rested":1,"item_purchase_floors":[13],"current_hp_per_floor":[63,68,61,61,61,61,60,45,45,45,25,27,27,26,44,0],"gold":221,"neow_bonus":"TRANSFORM_TWO_CARDS","is_prod":false,"is_daily":false,"chose_seed":false,"campfire_upgraded":1,"win_rate":0,"timestamp":1551897058,"path_taken":["M","?","M","?","?","R","?","M","T","?","E","M","$","E","R","BOSS"],"build_version":"2019-02-06","purchased_purges":0,"victory":false,"max_hp_per_floor":[64,69,69,63,63,63,63,63,63,63,63,63,63,63,63,63],"card_choices":[{"not_picked":["Rebound","Steam","Beam Cell"],"picked":"SKIP","floor":1},{"not_picked":["Sweeping Beam","Stack"],"picked":"Chill","floor":3},{"not_picked":["Leap","Fusion"],"picked":"Turbo","floor":7},{"not_picked":["Beam Cell","Compile Driver","Gash"],"picked":"SKIP","floor":8},{"not_picked":["Darkness","Scrape"],"picked":"Leap","floor":11},{"not_picked":["Reprogram","Gash","Coolheaded"],"picked":"SKIP","floor":12},{"not_picked":["Defragment","Recycle"],"picked":"Reboot","floor":14}],"player_experience":870519,"relics_obtained":[{"floor":9,"key":"Blood Vial"},{"floor":11,"key":"Whetstone"},{"floor":14,"key":"Unceasing Top"}],"event_choices":[{"damage_healed":0,"gold_gain":0,"player_choice":"Donut","damage_taken":0,"max_hp_gain":5,"max_hp_loss":0,"event_name":"Big Fish","floor":2,"gold_loss":0},{"damage_healed":0,"gold_gain":0,"player_choice":"Lose Max HP","damage_taken":0,"relics_obtained":["Golden Idol"],"max_hp_gain":0,"max_hp_loss":6,"event_name":"Golden Idol","floor":4,"gold_loss":0},{"damage_healed":0,"gold_gain":50,"player_choice":"Pray","damage_taken":0,"max_hp_gain":0,"max_hp_loss":0,"event_name":"Golden Shrine","floor":5,"gold_loss":0},{"damage_healed":0,"gold_gain":0,"player_choice":"Ignored","damage_taken":0,"max_hp_gain":0,"max_hp_loss":0,"event_name":"Liars Game","floor":10,"gold_loss":0}],"is_beta":true,"boss_relics":[],"items_purged_floors":[],"is_endless":false,"potions_floor_spawned":[7,8],"killed_by":"Slime Boss","ascension_level":15}