{"gold_per_floor":[113,127,127,142,154,183,199,199],"floor_reached":8,"playtime":706,"items_purged":[],"score":114,"play_id":"8810c09c-ab8d-43c5-92f1-44050b4b44b0","local_time":"20190304103010","is_ascension_mode":true,"campfire_choices":[],"neow_cost":"NONE","seed_source_timestamp":934927674964042,"circlet_count":0,"master_deck":["AscendersBane","Defend_G","Defend_G","Defend_G","Defend_G","Strike_G","Strike_G","Strike_G","Strike_G","Strike_G","Survivor","Neutralize","Backflip","Deadly Poison","Crippling Poison","Bane","PiercingWail","Bouncing Flask","Escape Plan"],"relics":["Ring of the Snake","NeowsBlessing","Happy Flower"],"potions_floor_usage":[8],"damage_taken":[{"damage":0,"enemies":"Cultist","floor":1,"turns":1},{"damage":0,"enemies":"2 Louse","floor":2,"turns":1},{"damage":0,"enemies":"Jaw Worm","floor":4,"turns":1},{"damage":7,"enemies":"Blue Slaver","floor":5,"turns":4},{"damage":31,"enemies":"Lagavulin","floor":6,"turns":6},{"damage":4,"enemies":"Exordium Wildlife","floor":7,"turns":3},{"damage":17,"enemies":"Gremlin Nob","floor":8,"turns":3}],"seed_played":"-5156771630023250813","potions_obtained":[{"floor":2,"key":"Swift Potion"},{"floor":5,"key":"Ancient Potion"}],"is_trial":false,"path_per_floor":["M","M","?","M","M","E","M","E"],"character_chosen":"THE_SILENT","items_purchased":[],"campfire_rested":0,"item_purchase_floors":[],"current_hp_per_floor":[59,59,59,59,52,21,17,0],"gold":199,"neow_bonus":"THREE_ENEMY_KILL","is_prod":false,"is_daily":false,"chose_seed":false,"campfire_upgraded":0,"win_rate":0,"timestamp":1551691810,"path_taken":["M","?","?","?","M","E","M","E"],"build_version":"2019-02-06","purchased_purges":0,"victory":false,"max_hp_per_floor":[66,66,66,66,66,66,66,66],"card_choices":[{"not_picked":["Underhanded Strike","Catalyst"],"picked":"Backflip","floor":1},{"not_picked":["Poisoned Stab","Dodge and Roll"],"picked":"Deadly Poison","floor":2},{"not_picked":["Deflect","Caltrops"],"picked":"Bane","floor":4},{"not_picked":["Heel Hook","Backflip"],"picked":"PiercingWail","floor":5},{"not_picked":["Wraith Form v2","Dagger Throw"],"picked":"Bouncing Flask","floor":6},{"not_picked":["Backflip","Masterful Stab"],"picked":"Escape Plan","floor":7}],"player_experience":830426,"relics_obtained":[{"floor":6,"key":"Happy Flower"}],"event_choices":[{"damage_healed":0,"gold_gain":0,"cards_transformed":["Defend_G"],"player_choice":"Transformed","damage_taken":0,"max_hp_gain":0,"max_hp_loss":0,"event_name":"Transmorgrifier","floor":3,"gold_loss":0,"cards_obtained":["Crippling Poison"]}],"is_beta":true,"boss_relics":[],"items_purged_floors":[],"is_endless":false,"potions_floor_spawned":[2,5],"killed_by":"Gremlin Nob","ascension_level":18}