{"path_per_floor":["M","?","?","$","?","E","R","M","T","M","?","M","?","?","R","B",null,"M","?","$","?","?","T","$","?","T","R","M","M","M","?","R","B",null,"M","?","?","M","M","R","M","R","T","M","?","M","E","M","R"],"character_chosen":"THE_SILENT","items_purchased":["Swift Potion","Dagger Throw","Happy Flower","Dagger Throw","Backflip"],"gold_per_floor":[112,112,70,19,19,52,52,63,118,136,136,153,153,153,153,283,283,304,219,22,22,22,104,33,33,33,33,53,67,90,90,90,220,258,271,271,604,617,627,627,638,638,638,656,656,675,701,714,714,714],"floor_reached":50,"campfire_rested":6,"playtime":3766,"current_hp_per_floor":[63,56,56,56,56,19,40,40,40,40,26,26,43,26,47,1,70,65,65,65,65,49,49,49,49,49,70,69,69,61,61,61,50,75,68,68,68,55,19,41,38,60,74,64,86,63,31,30,56,0],"items_purged":[],"gold":714,"score":596,"play_id":"2280d5e5-3722-48b4-8aa6-85ce456dcf36","local_time":"20180323212503","is_prod":false,"is_daily":false,"is_ascension_mode":false,"campfire_upgraded":1,"timestamp":1521854703,"path_taken":["M","?","?","$","?","E","R","M","T","?","?","M","?","?","R","BOSS","M","?","$","?","?","?","?","?","T","R","?","M","?","?","R","BOSS","M","?","?","M","M","R","M","R","T","M","?","M","E","M","R","BOSS"],"build_version":"2018-03-22v2","purchased_purges":0,"victory":false,"master_deck":["Defend_G+1","Defend_G+1","Defend_G+1","Defend_G+1","Defend_G+1","Strike_G+1","Strike_G+1","Strike_G+1","Strike_G+1","Survivor","Neutralize","Sucker Punch","Deadly Poison","Sucker Punch+1","Predator","Sucker Punch","Parasite","Unload+1","Predator+1","Dagger Throw","Necronomicurse","Dagger Throw","Backflip","Infinite Blades","Prepared","Poisoned Stab+1","Writhe","Envenom","Prepared","Backflip+1","Prepared","Deadly Poison","Deadly Poison+1","Writhe","Deflect+1","Prepared","Envenom"],"max_hp_per_floor":[70,70,70,70,70,70,70,70,70,70,70,70,70,70,70,70,70,70,70,70,70,70,70,70,70,70,70,70,70,70,70,70,70,75,75,75,75,75,75,75,75,75,89,89,89,89,89,89,89,89],"relics":["Ring of the Snake","Paper Crane","Orichalcum","Sozu","Tingsha","Happy Flower","Necronomicon","Mummified Hand","Torii","Letter Opener","Tiny House","Mango","Darkstone Periapt"],"card_choices":[{"not_picked":["Acrobatics","Deflect"],"picked":"Sucker Punch","floor":1},{"not_picked":["Acrobatics","Outmaneuver"],"picked":"Deadly Poison","floor":6},{"not_picked":["Infinite Blades","Underhanded Strike"],"picked":"Sucker Punch","floor":8},{"not_picked":["Eviscerate","Blade Dance"],"picked":"Predator","floor":10},{"not_picked":["Acrobatics","Dodge and Roll"],"picked":"Sucker Punch","floor":12},{"not_picked":["After Image","Tactician"],"picked":"Unload","floor":16},{"not_picked":["Crippling Poison","Heel Hook"],"picked":"Predator","floor":18},{"not_picked":["Outmaneuver","Footwork"],"picked":"Infinite Blades","floor":28},{"not_picked":["Reflex","Deflect"],"picked":"Prepared","floor":29},{"not_picked":["Underhanded Strike","Deflect"],"picked":"Poisoned Stab","floor":30},{"not_picked":["A Thousand Cuts","Tactician"],"picked":"Envenom","floor":33},{"not_picked":["Slice","Flechettes"],"picked":"Prepared","floor":34},{"not_picked":["Slice","PiercingWail"],"picked":"Backflip","floor":35},{"not_picked":["Slice","PiercingWail"],"picked":"Prepared","floor":39},{"not_picked":["Dagger Spray","Outmaneuver"],"picked":"Deadly Poison","floor":41},{"not_picked":["Dagger Throw","Masterful Stab"],"picked":"Deadly Poison","floor":44},{"not_picked":["Endless Agony","Well Laid Plans"],"picked":"Deflect","floor":46},{"not_picked":["Underhanded Strike","Leg Sweep"],"picked":"Prepared","floor":47},{"not_picked":["Crippling Poison","Finisher"],"picked":"Envenom","floor":48}],"player_experience":8041,"potions_floor_usage":[16,50],"damage_taken":[{"damage":7,"enemies":"Small Slimes","floor":1,"turns":5},{"damage":37,"enemies":"3 Sentries","floor":6,"turns":14},{"damage":0,"enemies":"2 Louse","floor":8,"turns":3},{"damage":0,"enemies":"Cultist","floor":10,"turns":4},{"damage":0,"enemies":"Red Slaver","floor":12,"turns":3},{"damage":46,"enemies":"Slime Boss","floor":16,"turns":16},{"damage":5,"enemies":"3 Byrds","floor":18,"turns":5},{"damage":1,"enemies":"2 Thieves","floor":28,"turns":3},{"damage":0,"enemies":"Snake Plant","floor":29,"turns":4},{"damage":8,"enemies":"Centurion and Healer","floor":30,"turns":3},{"damage":11,"enemies":"Collector","floor":33,"turns":8},{"damage":7,"enemies":"3 Shapes","floor":35,"turns":3},{"damage":13,"enemies":"3 Darklings","floor":38,"turns":4},{"damage":36,"enemies":"Maw","floor":39,"turns":8},{"damage":3,"enemies":"Sphere and 2 Shapes","floor":41,"turns":4},{"damage":10,"enemies":"4 Shapes","floor":44,"turns":5},{"damage":23,"enemies":"3 Darklings","floor":46,"turns":4},{"damage":32,"enemies":"Nemesis","floor":47,"turns":7},{"damage":1,"enemies":"Maw","floor":48,"turns":6},{"damage":75,"enemies":"Donu and Deca","floor":50,"turns":8}],"event_choices":[{"event_name":"Golden Wing","player_choice":"Card Removal","floor":2,"damage_taken":0},{"event_name":"World of Goop","player_choice":"Left","floor":3,"damage_taken":0},{"event_name":"The Cleric","player_choice":"Leave","floor":5,"damage_taken":0},{"event_name":"Shining Light","player_choice":"Entered Light","floor":11,"damage_taken":0},{"event_name":"Mushrooms","player_choice":"Healed and dodged fight","floor":13,"damage_taken":0},{"event_name":"Golden Idol","player_choice":"Take Damage","floor":14,"damage_taken":0},{"event_name":"Addict","player_choice":"Obtained Relic","floor":19,"damage_taken":0},{"event_name":"Drug Dealer","player_choice":"Ignored","floor":21,"damage_taken":0},{"event_name":"Cursed Tome","player_choice":"Obtained Book","floor":22,"damage_taken":0},{"event_name":"Back to Basics","player_choice":"Simplicity","floor":25,"damage_taken":0},{"event_name":"The Mausoleum","player_choice":"Yes","floor":31,"damage_taken":0},{"event_name":"Mysterious Sphere","player_choice":"Ignore","floor":36,"damage_taken":0},{"event_name":"The Moai Head","player_choice":"Gave Idol","floor":37,"damage_taken":0},{"event_name":"Winding Halls","player_choice":"Writhe","floor":45,"damage_taken":0}],"boss_relics":[{"not_picked":["White Beast Statue","Eternal Feather"],"picked":"Sozu"},{"not_picked":["Question Card","Philosopher\u0027s Stone"],"picked":"Tiny House"}],"potions_floor_spawned":[16,29,30,38,39,44,47],"seed_played":"-1643945306445802635","killed_by":"Donu and Deca","ascension_level":0,"is_trial":false}