{"gold_per_floor":[114,132,33,33,33,33,58,58,85,85,117,129,164,179,179,257,257,270,280,67,3,20,20,34,34,34,47,247,247],"floor_reached":29,"playtime":1278,"items_purged":[],"score":548,"play_id":"c67304f7-ff17-467b-bfc7-72e7550cbc19","local_time":"20190206174249","is_ascension_mode":true,"campfire_choices":[{"data":"Flame Barrier","floor":6,"key":"SMITH"},{"data":"Perfected Strike","floor":8,"key":"SMITH"},{"data":"Double Tap","floor":10,"key":"SMITH"},{"floor":15,"key":"REST"},{"data":"Mayhem","floor":23,"key":"SMITH"},{"floor":25,"key":"REST"}],"neow_cost":"NONE","seed_source_timestamp":1576218529160734,"circlet_count":0,"master_deck":["AscendersBane","Strike_R","Strike_R","Strike_R","Strike_R+1","Strike_R+1","Defend_R","Defend_R","Defend_R","Defend_R","Bash","Perfected Strike+1","Flex","Perfected Strike+1","Flame Barrier+1","Double Tap+1","Perfected Strike","Perfected Strike","Clothesline","Impervious","Shrug It Off","Mayhem+1","Perfected Strike+1","Bloodletting"],"relics":["Burning Blood","NeowsBlessing","Pantograph","Dream Catcher","Bottled Lightning","Mummified Hand","Red Skull","Girya"],"potions_floor_usage":[11,18,18,22,29],"damage_taken":[{"damage":0,"enemies":"2 Louse","floor":1,"turns":1},{"damage":0,"enemies":"Jaw Worm","floor":2,"turns":1},{"damage":0,"enemies":"3 Sentries","floor":7,"turns":2},{"damage":20,"enemies":"Gremlin Nob","floor":11,"turns":4},{"damage":0,"enemies":"Cultist","floor":12,"turns":2},{"damage":20,"enemies":"Lagavulin","floor":13,"turns":7},{"damage":2,"enemies":"3 Louse","floor":14,"turns":3},{"damage":56,"enemies":"Hexaghost","floor":16,"turns":9},{"damage":0,"enemies":"Shell Parasite","floor":18,"turns":3},{"damage":6,"enemies":"Spheric Guardian","floor":19,"turns":3},{"damage":46,"enemies":"Chosen and Byrds","floor":22,"turns":6},{"damage":6,"enemies":"Cultist and Chosen","floor":24,"turns":4},{"damage":34,"enemies":"Centurion and Healer","floor":27,"turns":4},{"damage":30,"enemies":"Gremlin Leader","floor":29,"turns":4}],"seed_played":"-2584107203546405266","potions_obtained":[{"floor":7,"key":"SkillPotion"},{"floor":11,"key":"Fire Potion"},{"floor":16,"key":"Energy Potion"},{"floor":19,"key":"EssenceOfSteel"},{"floor":24,"key":"Strength Potion"},{"floor":27,"key":"SkillPotion"}],"is_trial":false,"path_per_floor":["M","M","$","?","?","R","E","R","T","R","E","M","E","M","R","B",null,"M","M","$","?","M","R","M","R","T","M","?","E"],"character_chosen":"IRONCLAD","items_purchased":["Perfected Strike","Flame Barrier","Mayhem"],"campfire_rested":2,"item_purchase_floors":[3,3,20],"current_hp_per_floor":[74,75,75,75,52,52,58,58,58,58,44,50,36,40,62,25,63,69,69,69,69,29,29,29,51,51,23,23,0],"gold":247,"neow_bonus":"THREE_ENEMY_KILL","is_prod":false,"is_daily":false,"chose_seed":false,"campfire_upgraded":4,"win_rate":0,"timestamp":1549471369,"path_taken":["M","M","$","?","?","R","E","R","T","R","E","M","E","?","R","BOSS","M","M","$","?","?","R","M","R","T","M","?","E"],"build_version":"2019-01-23","purchased_purges":0,"victory":false,"max_hp_per_floor":[75,75,75,75,75,75,75,75,75,75,75,75,75,75,75,75,75,75,75,75,75,75,75,75,75,75,75,75,75],"card_choices":[{"not_picked":["Shrug It Off","Clash"],"picked":"Perfected Strike","floor":1},{"not_picked":["Thunderclap","Havoc"],"picked":"Flex","floor":2},{"not_picked":["Perfected Strike","Burning Pact"],"picked":"Double Tap","floor":7},{"not_picked":["Clash","Pommel Strike"],"picked":"Perfected Strike","floor":11},{"not_picked":["Clash","Exhume"],"picked":"Perfected Strike","floor":12},{"not_picked":["Dark Embrace","Reckless Charge","Anger"],"picked":"SKIP","floor":13},{"not_picked":["Sword Boomerang","Havoc","Pummel"],"picked":"SKIP","floor":14},{"not_picked":["Sword Boomerang","Flex"],"picked":"Clothesline","floor":15},{"not_picked":["Reaper","Barricade"],"picked":"Impervious","floor":16},{"not_picked":["Burning Pact","Spot Weakness","Sentinel"],"picked":"SKIP","floor":18},{"not_picked":["Headbutt","Rampage"],"picked":"Shrug It Off","floor":19},{"not_picked":["Intimidate","Clash"],"picked":"Perfected Strike+1","floor":22},{"not_picked":["Hemokinesis","Body Slam","Clash"],"picked":"SKIP","floor":24},{"not_picked":["Pommel Strike","Thunderclap"],"picked":"Bloodletting","floor":25},{"not_picked":["Armaments","Clash","Pommel Strike"],"picked":"SKIP","floor":27}],"player_experience":739341,"relics_obtained":[{"floor":7,"key":"Pantograph"},{"floor":9,"key":"Dream Catcher"},{"floor":11,"key":"Bottled Lightning"},{"floor":13,"key":"Mummified Hand"},{"floor":26,"key":"Girya"}],"event_choices":[{"damage_healed":0,"gold_gain":0,"player_choice":"Grow","damage_taken":0,"max_hp_gain":0,"max_hp_loss":0,"event_name":"Living Wall","floor":4,"gold_loss":0,"cards_upgraded":["Perfected Strike"]},{"damage_healed":0,"gold_gain":0,"player_choice":"Entered Light","damage_taken":23,"max_hp_gain":0,"max_hp_loss":0,"event_name":"Shining Light","floor":5,"gold_loss":0,"cards_upgraded":["Strike_R","Strike_R"]},{"damage_healed":0,"gold_gain":0,"player_choice":"Paid Gold","damage_taken":0,"relics_obtained":["Red Skull"],"max_hp_gain":0,"max_hp_loss":0,"event_name":"WeMeetAgain","floor":21,"gold_loss":64},{"damage_healed":0,"gold_gain":200,"player_choice":"Gold","damage_taken":0,"max_hp_gain":0,"max_hp_loss":0,"event_name":"Wheel of Change","floor":28,"gold_loss":0}],"is_beta":true,"boss_relics":[{"not_picked":["Empty Cage","Pandora\u0027s Box","Runic Dome"]}],"items_purged_floors":[],"is_endless":false,"potions_floor_spawned":[7,11,16,19,24,27],"killed_by":"Gremlin Leader","ascension_level":19}