{"gold_per_floor":[110,35,35,35,46,75,91,124,124,124,49,49,62,77,77,156,156,168,186,186,186],"floor_reached":21,"playtime":754,"items_purged":["Defend_B"],"score":396,"play_id":"aa44445f-3ca8-47dc-8bd7-dda8db16f893","local_time":"20190311123501","is_ascension_mode":true,"campfire_choices":[{"data":"Zap","floor":10,"key":"SMITH"},{"data":"Sunder","floor":12,"key":"SMITH"},{"data":"Streamline","floor":15,"key":"SMITH"}],"neow_cost":"NONE","seed_source_timestamp":1547194018082536,"circlet_count":0,"master_deck":["AscendersBane","Strike_B","Strike_B","Defend_B","Defend_B","Zap+1","Dualcast","Auto Shields","Sunder+1","FTL","Conserve Battery","Streamline+1","Beam Cell","Streamline","Go for the Eyes","Gash","Defragment","Necronomicurse"],"relics":["Cracked Core","NeowsBlessing","Emotion Chip","Dodecahedron","Mummified Hand","Orrery","Necronomicon"],"potions_floor_usage":[13,13,16,21],"damage_taken":[{"damage":0,"enemies":"Cultist","floor":1,"turns":1},{"damage":0,"enemies":"Small Slimes","floor":5,"turns":1},{"damage":0,"enemies":"Gremlin Nob","floor":6,"turns":1},{"damage":0,"enemies":"2 Louse","floor":7,"turns":2},{"damage":12,"enemies":"Lagavulin","floor":8,"turns":6},{"damage":0,"enemies":"Exordium Thugs","floor":13,"turns":2},{"damage":4,"enemies":"Gremlin Gang","floor":14,"turns":2},{"damage":28,"enemies":"Hexaghost","floor":16,"turns":10},{"damage":8,"enemies":"3 Byrds","floor":18,"turns":4},{"damage":19,"enemies":"Shell Parasite","floor":19,"turns":4},{"damage":18,"enemies":"Sentry and Sphere","floor":21,"turns":3}],"seed_played":"402869671529654215","potions_obtained":[{"floor":6,"key":"SteroidPotion"},{"floor":8,"key":"Strength Potion"},{"floor":13,"key":"GamblersBrew"},{"floor":14,"key":"EssenceOfSteel"}],"is_trial":false,"path_per_floor":["M","?","?","?","M","E","M","E","T","R","$","R","M","M","R","B",null,"M","M","?","M"],"character_chosen":"DEFECT","items_purchased":[],"campfire_rested":0,"item_purchase_floors":[],"current_hp_per_floor":[64,64,57,57,57,57,57,45,45,45,45,45,45,41,41,13,57,49,30,9,0],"gold":186,"neow_bonus":"THREE_ENEMY_KILL","is_prod":false,"is_daily":false,"chose_seed":false,"campfire_upgraded":3,"win_rate":0,"timestamp":1552304101,"path_taken":["M","?","?","?","M","E","M","E","T","R","$","R","?","M","R","BOSS","M","?","?","M"],"build_version":"2019-02-06","purchased_purges":1,"victory":false,"max_hp_per_floor":[71,71,71,71,71,71,71,71,71,71,71,71,71,71,71,71,71,71,71,71,71],"card_choices":[{"not_picked":["Gash","Rebound"],"picked":"Auto Shields","floor":1},{"not_picked":["Steam","Static Discharge"],"picked":"Sunder","floor":5},{"not_picked":["Steam","Turbo"],"picked":"FTL","floor":6},{"not_picked":["Compile Driver","Barrage"],"picked":"Conserve Battery","floor":7},{"not_picked":["Heatsinks","Auto Shields","Undo"],"picked":"SKIP","floor":8},{"not_picked":["Sweeping Beam","Double Energy"],"picked":"Streamline","floor":13},{"not_picked":["Leap","Melter","Steam"],"picked":"SKIP","floor":14},{"not_picked":["Barrage","Double Energy"],"picked":"Beam Cell","floor":17},{"not_picked":["Stack","Cold Snap"],"picked":"Streamline","floor":17},{"not_picked":["Tempest","Rebound"],"picked":"Go for the Eyes","floor":17},{"not_picked":["Melter","Cold Snap"],"picked":"Gash","floor":17},{"not_picked":["Conserve Battery","Reprogram"],"picked":"Defragment","floor":18},{"not_picked":["Auto Shields+1","Rainbow","Go for the Eyes"],"picked":"SKIP","floor":19}],"player_experience":947743,"relics_obtained":[{"floor":6,"key":"Emotion Chip"},{"floor":8,"key":"Dodecahedron"},{"floor":9,"key":"Mummified Hand"},{"floor":20,"key":"Necronomicon"}],"event_choices":[{"cards_removed":["Strike_B"],"damage_healed":0,"gold_gain":0,"player_choice":"Card Removal","damage_taken":0,"max_hp_gain":0,"max_hp_loss":0,"event_name":"The Cleric","floor":2,"gold_loss":75},{"cards_removed":["Defend_B"],"damage_healed":0,"gold_gain":0,"player_choice":"Card Removal","damage_taken":7,"max_hp_gain":0,"max_hp_loss":0,"event_name":"Golden Wing","floor":3,"gold_loss":0},{"cards_removed":["Strike_B"],"damage_healed":0,"gold_gain":0,"player_choice":"Forget","damage_taken":0,"max_hp_gain":0,"max_hp_loss":0,"event_name":"Living Wall","floor":4,"gold_loss":0},{"damage_healed":0,"gold_gain":0,"player_choice":"Obtained Book","damage_taken":21,"max_hp_gain":0,"max_hp_loss":0,"event_name":"Cursed Tome","floor":20,"gold_loss":0}],"is_beta":true,"boss_relics":[{"not_picked":["Inserter","Tiny House"],"picked":"Orrery"}],"items_purged_floors":[11],"is_endless":false,"potions_floor_spawned":[6,8,13,14],"killed_by":"Sentry and Sphere","ascension_level":17}