{"gold_per_floor":[112,112,112,130,140,140,171,86,165,183,183,183,203,99,99,99],"floor_reached":16,"playtime":545,"items_purged":[],"score":170,"play_id":"cd2d6ef5-e5cc-48ad-8515-cd88312a0ba8","local_time":"20190127155118","is_ascension_mode":true,"campfire_choices":[{"data":"Zap","floor":6,"key":"SMITH"},{"floor":11,"key":"REST"},{"floor":15,"key":"REST"}],"neow_cost":"NONE","seed_source_timestamp":706232199816448,"circlet_count":0,"master_deck":["AscendersBane","Strike_B","Strike_B","Strike_B","Defend_B","Defend_B","Defend_B","Zap+1","Dualcast","Gash","Steam","Leap","White Noise","Finesse","Coolheaded","Creative AI","Gash","Self Repair"],"relics":["Cracked Core","NeowsBlessing","Smiling Mask","Blue Candle"],"potions_floor_usage":[7],"damage_taken":[{"damage":0,"enemies":"2 Louse","floor":1,"turns":1},{"damage":0,"enemies":"Cultist","floor":4,"turns":1},{"damage":0,"enemies":"Jaw Worm","floor":5,"turns":1},{"damage":56,"enemies":"Gremlin Nob","floor":7,"turns":5},{"damage":0,"enemies":"3 Louse","floor":10,"turns":3},{"damage":16,"enemies":"Exordium Thugs","floor":13,"turns":6},{"damage":41,"enemies":"Hexaghost","floor":16,"turns":13}],"seed_played":"-3914472554072201770","potions_obtained":[{"floor":5,"key":"Block Potion"},{"floor":7,"key":"FearPotion"}],"is_trial":false,"path_per_floor":["M","?","?","M","M","R","E","$","T","M","R","?","M","$","R","B"],"character_chosen":"DEFECT","items_purchased":["Finesse","Gash","Self Repair"],"campfire_rested":2,"item_purchase_floors":[8,14,14],"current_hp_per_floor":[64,69,69,69,69,69,13,13,13,13,35,35,19,19,41,0],"gold":99,"neow_bonus":"THREE_ENEMY_KILL","is_prod":false,"is_daily":false,"chose_seed":false,"campfire_upgraded":1,"win_rate":0,"timestamp":1548600678,"path_taken":["M","?","?","M","?","R","E","$","T","M","R","?","M","$","R","BOSS"],"build_version":"2019-01-23","purchased_purges":0,"victory":false,"max_hp_per_floor":[71,76,76,76,76,76,76,76,76,76,76,76,76,76,76,76],"card_choices":[{"not_picked":["Undo","Beam Cell"],"picked":"Gash","floor":1},{"not_picked":["Ball Lightning","Storm"],"picked":"Steam","floor":4},{"not_picked":["Rebound","Streamline"],"picked":"Leap","floor":5},{"not_picked":["Static Discharge","Redo"],"picked":"White Noise","floor":7},{"not_picked":["Compile Driver","Consume"],"picked":"Coolheaded","floor":10},{"not_picked":["Stack","Streamline"],"picked":"Creative AI","floor":13}],"player_experience":646981,"relics_obtained":[{"floor":7,"key":"Smiling Mask"},{"floor":9,"key":"Blue Candle"}],"event_choices":[{"damage_healed":0,"gold_gain":0,"player_choice":"Donut","damage_taken":0,"max_hp_gain":5,"max_hp_loss":0,"event_name":"Big Fish","floor":2,"gold_loss":0},{"cards_removed":["Strike_B"],"damage_healed":0,"gold_gain":0,"player_choice":"Offered Basic","damage_taken":0,"max_hp_gain":0,"max_hp_loss":0,"event_name":"Bonfire Elementals","floor":3,"gold_loss":0},{"cards_removed":["Defend_B"],"damage_healed":0,"gold_gain":0,"player_choice":"Forget","damage_taken":0,"max_hp_gain":0,"max_hp_loss":0,"event_name":"Living Wall","floor":12,"gold_loss":0}],"is_beta":true,"boss_relics":[],"items_purged_floors":[],"is_endless":false,"potions_floor_spawned":[5,7],"killed_by":"Hexaghost","ascension_level":14}