{"gold_per_floor":[118,41,41,51,63,97,97,8,8,23,23,23,23,36,36,114,114,133,152,152,152,152],"floor_reached":22,"playtime":642,"items_purged":[],"score":340,"play_id":"3b824631-eb9d-4bcd-8e39-818297b49a8b","local_time":"20190311235559","is_ascension_mode":true,"campfire_choices":[{"floor":7,"key":"REST"},{"floor":13,"key":"REST"},{"data":"Armaments","floor":15,"key":"SMITH"}],"neow_cost":"PERCENT_DAMAGE","seed_source_timestamp":366221765361200,"circlet_count":0,"master_deck":["AscendersBane","Strike_R","Strike_R","Strike_R","Strike_R","Defend_R","Defend_R","Defend_R","Defend_R","Bash","Offering","Clothesline","Shockwave","Combust","Armaments+1","Twin Strike","Cleave","Inflame+1","Intimidate","Juggernaut+1","Rupture+1","Body Slam+1","J.A.X.","Inflame+1"],"relics":["Burning Blood","Frozen Egg 2","Dream Catcher","Bronze Scales","Snecko Eye"],"potions_floor_usage":[16],"damage_taken":[{"damage":9,"enemies":"Small Slimes","floor":1,"turns":3},{"damage":6,"enemies":"Cultist","floor":4,"turns":3},{"damage":10,"enemies":"Jaw Worm","floor":5,"turns":3},{"damage":28,"enemies":"3 Sentries","floor":6,"turns":8},{"damage":24,"enemies":"Exordium Thugs","floor":10,"turns":3},{"damage":12,"enemies":"Gremlin Gang","floor":14,"turns":3},{"damage":32,"enemies":"Hexaghost","floor":16,"turns":9},{"damage":17,"enemies":"Spheric Guardian","floor":18,"turns":4},{"damage":24,"enemies":"Chosen","floor":19,"turns":5},{"damage":35,"enemies":"Centurion and Healer","floor":22,"turns":2}],"seed_played":"3538489801682959804","potions_obtained":[{"floor":5,"key":"Energy Potion"},{"floor":10,"key":"PowerPotion"},{"floor":16,"key":"PowerPotion"},{"floor":19,"key":"SteroidPotion"}],"is_trial":false,"path_per_floor":["M","$","?","M","M","E","R","$","T","M","?","$","R","M","R","B",null,"M","M","?","?","M"],"character_chosen":"IRONCLAD","items_purchased":["Shockwave","Inflame+1"],"campfire_rested":2,"item_purchase_floors":[2,8],"current_hp_per_floor":[47,47,47,47,43,21,43,43,43,25,25,25,47,41,41,15,60,49,31,31,31,0],"gold":152,"neow_bonus":"THREE_RARE_CARDS","is_prod":false,"is_daily":false,"chose_seed":false,"campfire_upgraded":1,"win_rate":0,"timestamp":1552362959,"path_taken":["M","$","?","M","?","E","R","?","T","?","?","?","R","M","R","BOSS","M","?","?","?","?"],"build_version":"2019-02-06","purchased_purges":0,"victory":false,"max_hp_per_floor":[75,75,75,75,75,75,75,75,75,75,75,75,75,75,75,75,75,75,75,75,75,75],"card_choices":[{"not_picked":["Dark Embrace","Juggernaut"],"picked":"Offering","floor":0},{"not_picked":["Pommel Strike","Hemokinesis"],"picked":"Clothesline","floor":1},{"not_picked":["Blood for Blood","Thunderclap"],"picked":"Armaments","floor":4},{"not_picked":["Battle Trance","Combust"],"picked":"Twin Strike","floor":5},{"not_picked":["Clash","Reckless Charge"],"picked":"Cleave","floor":6},{"not_picked":["Blood for Blood","Second Wind"],"picked":"Intimidate","floor":10},{"not_picked":["Sword Boomerang","Body Slam","Clothesline"],"picked":"SKIP","floor":14},{"not_picked":["Immolate","Berserk+1"],"picked":"Juggernaut+1","floor":16},{"not_picked":["Armaments","Evolve+1"],"picked":"Rupture+1","floor":18},{"not_picked":["Iron Wave","Flex"],"picked":"Body Slam+1","floor":19}],"player_experience":640314,"relics_obtained":[{"floor":6,"key":"Frozen Egg 2"},{"floor":9,"key":"Dream Catcher"}],"event_choices":[{"damage_healed":0,"gold_gain":0,"cards_transformed":["Strike_R"],"player_choice":"Transformed","damage_taken":0,"max_hp_gain":0,"max_hp_loss":0,"event_name":"Transmorgrifier","floor":3,"gold_loss":0,"cards_obtained":["Combust"]},{"damage_healed":0,"gold_gain":0,"player_choice":"Gave Potion","damage_taken":0,"relics_obtained":["Bronze Scales"],"max_hp_gain":0,"max_hp_loss":0,"event_name":"WeMeetAgain","floor":11,"gold_loss":0},{"damage_healed":0,"gold_gain":0,"player_choice":"Obtain J.A.X.","damage_taken":0,"max_hp_gain":0,"max_hp_loss":0,"event_name":"Drug Dealer","floor":20,"gold_loss":0,"cards_obtained":["J.A.X."]},{"damage_healed":0,"gold_gain":0,"player_choice":"1 cards matched","damage_taken":0,"max_hp_gain":0,"max_hp_loss":0,"event_name":"Match and Keep!","floor":21,"gold_loss":0,"cards_obtained":["Inflame"]}],"is_beta":true,"boss_relics":[{"not_picked":["Astrolabe","Runic Dome"],"picked":"Snecko Eye"}],"items_purged_floors":[],"is_endless":false,"potions_floor_spawned":[5,10,16,19],"killed_by":"Centurion and Healer","ascension_level":17}