{"gold_per_floor":[109,120,7,27,27,27,27,71,71,24,43,43,63,86,86,182,182,207,29,38,58,72,72,95,95,120,120],"floor_reached":27,"playtime":1413,"items_purged":["Night Terror"],"score":380,"play_id":"b67e4427-f37f-4718-a47d-f04b162f5767","local_time":"20190215132457","is_ascension_mode":true,"campfire_choices":[{"data":"Bouncing Flask","floor":6,"key":"SMITH"},{"data":"Deadly Poison","floor":12,"key":"SMITH"},{"data":"Malaise","floor":15,"key":"SMITH"},{"data":"Catalyst","floor":23,"key":"SMITH"},{"data":"Deflect","floor":25,"key":"SMITH"}],"neow_cost":"NONE","seed_source_timestamp":188844065370880,"circlet_count":0,"master_deck":["AscendersBane","Survivor","Neutralize","Malaise+1","Backstab","Dagger Throw","Footwork","Deadly Poison+1","Bouncing Flask+1","Dagger Spray","Deflect+1","PiercingWail","Leg Sweep","Venomology","Noxious Fumes","Night Terror+1","Phantasmal Killer","Venomology+1","Flechettes","Catalyst","Tactician","Bouncing Flask","Distraction","Escape Plan","Dodge and Roll","Deflect","Catalyst+1"],"relics":["Ring of the Snake","Golden Idol","Meat on the Bone","Pen Nib","Matryoshka","Pandora\u0027s Box","Toxic Egg 2","War Paint"],"potions_floor_usage":[8,20,21,21,21,22,22,24,27,27],"damage_taken":[{"damage":2,"enemies":"Jaw Worm","floor":1,"turns":5},{"damage":0,"enemies":"2 Louse","floor":2,"turns":4},{"damage":0,"enemies":"Cultist","floor":4,"turns":3},{"damage":12,"enemies":"Gremlin Nob","floor":8,"turns":3},{"damage":10,"enemies":"Gremlin Gang","floor":11,"turns":6},{"damage":0,"enemies":"Large Slime","floor":13,"turns":4},{"damage":0,"enemies":"3 Louse","floor":14,"turns":2},{"damage":17,"enemies":"The Guardian","floor":16,"turns":10},{"damage":0,"enemies":"Chosen","floor":18,"turns":4},{"damage":2,"enemies":"2 Thieves","floor":20,"turns":4},{"damage":26,"enemies":"Snecko","floor":21,"turns":5},{"damage":35,"enemies":"Cultist and Chosen","floor":22,"turns":8},{"damage":20,"enemies":"Shelled Parasite and Fungi","floor":24,"turns":4},{"damage":26,"enemies":"3 Cultists","floor":27,"turns":4}],"seed_played":"5831597833538306625","potions_obtained":[{"floor":1,"key":"GamblersBrew"},{"floor":2,"key":"FearPotion"},{"floor":16,"key":"PowerPotion"},{"floor":21,"key":"Fruit Juice"},{"floor":24,"key":"Dexterity Potion"}],"is_trial":false,"path_per_floor":["M","M","$","M","?","R","?","E","T","$","M","R","M","M","R","B",null,"M","$","M","M","M","R","M","R","T","M"],"character_chosen":"THE_SILENT","items_purchased":["Footwork","Deadly Poison","Deflect","Escape Plan","Dodge and Roll"],"campfire_rested":0,"item_purchase_floors":[3,3,10,19,19],"current_hp_per_floor":[57,57,57,57,57,57,57,45,45,45,35,35,35,35,35,30,53,53,53,51,42,34,34,26,26,26,0],"gold":120,"neow_bonus":"ONE_RANDOM_RARE_CARD","is_prod":false,"is_daily":false,"chose_seed":false,"campfire_upgraded":5,"win_rate":0,"timestamp":1550233497,"path_taken":["M","M","$","M","?","R","?","E","T","$","M","R","?","M","R","BOSS","M","$","M","M","?","R","?","R","T","M"],"build_version":"2019-02-06","purchased_purges":1,"victory":false,"max_hp_per_floor":[66,66,66,66,60,60,60,60,60,60,60,60,60,60,60,60,60,60,60,60,65,65,65,65,65,65,65],"card_choices":[{"not_picked":["Deadly Poison","Sucker Punch"],"picked":"Backstab","floor":1},{"not_picked":["Blade Dance","Dodge and Roll"],"picked":"Dagger Throw","floor":2},{"not_picked":["Dodge and Roll","Underhanded Strike"],"picked":"Bouncing Flask","floor":4},{"not_picked":["Caltrops","Dagger Throw"],"picked":"Dagger Spray","floor":8},{"not_picked":["Prepared","Finisher","Slice"],"picked":"SKIP","floor":11},{"not_picked":["Slice","Crippling Poison"],"picked":"PiercingWail","floor":13},{"not_picked":["Poisoned Stab","Storm of Steel"],"picked":"Leg Sweep","floor":14},{"not_picked":["Doppelganger","Tools of the Trade"],"picked":"Venomology","floor":16},{"not_picked":["PiercingWail","Tactician+1","Acrobatics"],"picked":"SKIP","floor":18},{"not_picked":["Skewer","Acrobatics","Bane"],"picked":"SKIP","floor":20},{"not_picked":["Calculated Gamble+1","Dash"],"picked":"Deflect","floor":21},{"not_picked":["Endless Agony","Infinite Blades"],"picked":"Catalyst","floor":22},{"not_picked":["Bouncing Flask+1","Poisoned Stab","Flying Knee+1"],"picked":"SKIP","floor":24}],"player_experience":776973,"relics_obtained":[{"floor":8,"key":"Pen Nib"},{"floor":9,"key":"Matryoshka"},{"floor":26,"key":"Toxic Egg 2"},{"floor":26,"key":"War Paint"}],"event_choices":[{"damage_healed":0,"gold_gain":0,"player_choice":"Lose Max HP","damage_taken":0,"relics_obtained":["Golden Idol"],"max_hp_gain":0,"max_hp_loss":6,"event_name":"Golden Idol","floor":5,"gold_loss":0},{"damage_healed":0,"gold_gain":0,"player_choice":"Gave Potion","damage_taken":0,"relics_obtained":["Meat on the Bone"],"max_hp_gain":0,"max_hp_loss":0,"event_name":"WeMeetAgain","floor":7,"gold_loss":0}],"is_beta":true,"boss_relics":[{"not_picked":["Runic Dome","WristBlade"],"picked":"Pandora\u0027s Box"}],"items_purged_floors":[19],"is_endless":false,"potions_floor_spawned":[1,2,16,21,24],"killed_by":"3 Cultists","ascension_level":15}