{"gold_per_floor":[113,113,131,3,3,3,17,48,48,48,67,80,115,115,115,188,188,213,45,55,27,117,117,129,129,129,143,51,51,70,70,70,148,148,166,166,166,266,286,286,286,312,312,328,328,328,345,375,375,375],"floor_reached":50,"playtime":6261,"items_purged":["Strike_B","Pain"],"score":984,"play_id":"24966296-5eff-47c8-bec6-3c2b4b9f6683","local_time":"20190309124304","is_ascension_mode":true,"campfire_choices":[{"data":"Dualcast","floor":6.0,"key":"SMITH"},{"data":"Self Repair","floor":10.0,"key":"SMITH"},{"data":"Hologram","floor":15.0,"key":"SMITH"},{"data":"All For One","floor":23,"key":"SMITH"},{"data":"Streamline","floor":25,"key":"SMITH"},{"floor":32,"key":"REST"},{"data":"Machine Learning","floor":40,"key":"SMITH"},{"data":"Echo Form","floor":45,"key":"SMITH"},{"floor":49,"key":"DIG"}],"neow_cost":"NONE","seed_source_timestamp":1369309306048461,"circlet_count":0,"master_deck":["AscendersBane","Strike_B","Strike_B","Defend_B","Defend_B","Defend_B","Defend_B","Zap+1","Dualcast+1","FTL","Redo+1","Ball Lightning","Go for the Eyes","Self Repair+1","Sweeping Beam","Core Surge","Hologram+1","All For One+1","White Noise+1","Fusion+1","Reinforced Body+1","Ball Lightning","Streamline+1","Echo Form+1","Finesse+1","Redo+1","Machine Learning+1","Darkness+1","Madness+1","Hologram+1","Chill+1","Hologram+1","Gash+1","Madness+1","Madness+1","Seek+1","Beam Cell+1"],"special_seed":0,"relics":["Cracked Core","Meat on the Bone","Juzu Bracelet","Omamori","Calling Bell","MawBank","Toxic Egg 2","Girya","Shovel","Pear","Enchiridion","Lizard Tail","Nunchaku","Thread and Needle","Bag of Marbles","Kunai","Bottled Tornado"],"potions_floor_usage":[20,33,42,50,50],"damage_taken":[{"damage":2.0,"enemies":"Jaw Worm","floor":1.0,"turns":3.0},{"damage":4.0,"enemies":"Small Slimes","floor":3.0,"turns":2.0},{"damage":0.0,"enemies":"Cultist","floor":7.0,"turns":2.0},{"damage":18.0,"enemies":"Gremlin Nob","floor":8.0,"turns":3.0},{"damage":3.0,"enemies":"Blue Slaver","floor":11.0,"turns":3.0},{"damage":18.0,"enemies":"Exordium Thugs","floor":12.0,"turns":4.0},{"damage":25.0,"enemies":"Lagavulin","floor":13.0,"turns":6.0},{"damage":16.0,"enemies":"Slime Boss","floor":16.0,"turns":8.0},{"damage":24.0,"enemies":"3 Byrds","floor":18.0,"turns":4.0},{"damage":11,"enemies":"2 Thieves","floor":20,"turns":3},{"damage":17,"enemies":"Shelled Parasite and Fungi","floor":24,"turns":6},{"damage":25,"enemies":"3 Cultists","floor":27,"turns":4},{"damage":1,"enemies":"Sentry and Sphere","floor":30,"turns":4},{"damage":48,"enemies":"Automaton","floor":33,"turns":11},{"damage":39,"enemies":"3 Darklings","floor":35,"turns":7},{"damage":14,"enemies":"Mind Bloom Boss Battle","floor":38,"turns":7},{"damage":18,"enemies":"Orb Walker","floor":39,"turns":4},{"damage":63,"enemies":"Giant Head","floor":42,"turns":7},{"damage":22,"enemies":"Writhing Mass","floor":44,"turns":6},{"damage":0,"enemies":"4 Shapes","floor":47,"turns":7},{"damage":16,"enemies":"Nemesis","floor":48,"turns":9},{"damage":64,"enemies":"Awakened One","floor":50,"turns":6}],"seed_played":"-1067091007507280595","potions_obtained":[{"floor":3.0,"key":"Strength Potion"},{"floor":11.0,"key":"FocusPotion"},{"floor":13.0,"key":"SpeedPotion"},{"floor":20,"key":"GamblersBrew"},{"floor":33,"key":"GamblersBrew"},{"floor":48,"key":"AttackPotion"}],"is_trial":false,"path_per_floor":["M","?","M","$","?","R","M","E","T","R","M","M","E","?","R","B",null,"M","$","M","$","?","R","M","R","T","M","$","T","M","?","R","B",null,"M","?","?","?","M","R","T","E","T","M","R","?","M","E","R","B"],"character_chosen":"DEFECT","items_purchased":["Ball Lightning","Fusion+1","Ball Lightning","Finesse+1"],"campfire_rested":1,"item_purchase_floors":[4,19,21,28],"current_hp_per_floor":[62,62,58,58,58,58,58,40,40,40,47,51,48,53,53,59,72,58,58,57,57,43,43,38,38,38,25,25,35,46,25,50,24,71,54,54,54,62,54,54,54,65,65,55,55,40,62,56,56,0],"gold":375,"neow_bonus":"UPGRADE_CARD","is_prod":false,"is_daily":false,"chose_seed":false,"campfire_upgraded":7,"win_rate":0,"timestamp":1552131784,"path_taken":["M","?","M","$","?","R","M","E","T","R","M","M","E","?","R","BOSS","M","$","M","$","?","R","M","R","T","M","$","?","M","?","R","BOSS","M","?","?","?","M","R","?","E","T","M","R","?","M","E","R","BOSS"],"build_version":"2019-02-06","purchased_purges":2,"victory":false,"max_hp_per_floor":[71,71,71,71,71,71,71,71,71,71,71,71,71,76,76,76,76,76,76,76,76,76,76,76,76,76,76,76,86,86,86,86,86,86,86,86,86,86,86,86,86,86,86,86,86,86,86,86,86,86],"card_choices":[{"not_picked":["Rebound","Force Field"],"picked":"FTL","floor":1.0},{"not_picked":["Melter","Leap"],"picked":"Redo","floor":3.0},{"not_picked":["Aggregate","Barrage"],"picked":"Go for the Eyes","floor":7.0},{"not_picked":["Turbo","Consume"],"picked":"Self Repair","floor":8.0},{"not_picked":["Redo","Turbo"],"picked":"Sweeping Beam","floor":11.0},{"not_picked":["Darkness","Blizzard"],"picked":"Core Surge","floor":12.0},{"not_picked":["Chaos","Compile Driver"],"picked":"Hologram","floor":13.0},{"not_picked":["Thunder Strike","Echo Form"],"picked":"All For One","floor":16.0},{"not_picked":["Compile Driver","Go for the Eyes"],"picked":"White Noise+1","floor":18.0},{"not_picked":["Stack+1","Recycle+1"],"picked":"Reinforced Body+1","floor":20},{"not_picked":["Undo+1","Turbo+1"],"picked":"Streamline","floor":24},{"not_picked":["Hello World","Coolheaded+1"],"picked":"Echo Form","floor":27},{"not_picked":["Cold Snap","Streamline"],"picked":"Redo+1","floor":30},{"not_picked":["Thunder Strike","Amplify+1"],"picked":"Machine Learning","floor":33},{"not_picked":["Stack+1","Ball Lightning"],"picked":"Darkness+1","floor":35},{"not_picked":["Enlightenment+1","Trip+1"],"picked":"Madness+1","floor":36},{"not_picked":["Turbo+1","Reinforced Body+1"],"picked":"Hologram+1","floor":38},{"not_picked":["Blizzard","Gash"],"picked":"Chill+1","floor":39},{"not_picked":["Rebound","Melter+1"],"picked":"Hologram+1","floor":42},{"not_picked":["Consume+1","White Noise+1"],"picked":"Gash+1","floor":44},{"not_picked":["Compile Driver","Rebound+1"],"picked":"Seek+1","floor":47},{"not_picked":["Streamline","Barrage"],"picked":"Beam Cell+1","floor":48}],"player_experience":921365,"relics_obtained":[{"floor":8.0,"key":"Meat on the Bone"},{"floor":9.0,"key":"Juzu Bracelet"},{"floor":13.0,"key":"Omamori"},{"floor":17.0,"key":"MawBank"},{"floor":17.0,"key":"Toxic Egg 2"},{"floor":17.0,"key":"Girya"},{"floor":26,"key":"Shovel"},{"floor":29,"key":"Pear"},{"floor":31,"key":"Enchiridion"},{"floor":38,"key":"Nunchaku"},{"floor":41,"key":"Thread and Needle"},{"floor":42,"key":"Bag of Marbles"},{"floor":43,"key":"Kunai"},{"floor":49,"key":"Bottled Tornado"}],"event_choices":[{"cards_removed":["Strike_B"],"damage_healed":0.0,"max_hp_gain":0.0,"max_hp_loss":0.0,"gold_gain":0.0,"event_name":"Living Wall","player_choice":"Forget","floor":2.0,"gold_loss":0.0,"damage_taken":0.0},{"damage_healed":0.0,"max_hp_gain":0.0,"max_hp_loss":0.0,"gold_gain":0.0,"event_name":"Accursed Blacksmith","player_choice":"Forge","floor":5.0,"gold_loss":0.0,"damage_taken":0.0,"cards_upgraded":["Redo"]},{"damage_healed":0.0,"max_hp_gain":5.0,"max_hp_loss":0.0,"gold_gain":0.0,"event_name":"Big Fish","player_choice":"Donut","floor":14.0,"gold_loss":0.0,"damage_taken":0.0},{"damage_healed":0,"gold_gain":90,"player_choice":"GOLD ","damage_taken":14,"max_hp_gain":0,"max_hp_loss":0,"event_name":"Knowing Skull","floor":22,"potions_obtained":[],"gold_loss":0,"cards_obtained":[]},{"damage_healed":0,"gold_gain":0,"player_choice":"Obtained Book","damage_taken":21,"max_hp_gain":0,"max_hp_loss":0,"event_name":"Cursed Tome","floor":31,"gold_loss":0},{"damage_healed":0,"gold_gain":0,"player_choice":"Memory 1","damage_taken":0,"max_hp_gain":0,"max_hp_loss":0,"event_name":"SensoryStone","floor":36,"gold_loss":0},{"damage_healed":0,"gold_gain":0,"player_choice":"Ignored","damage_taken":0,"max_hp_gain":0,"max_hp_loss":0,"event_name":"Tomb of Lord Red Mask","floor":37,"gold_loss":0},{"damage_healed":0,"gold_gain":0,"player_choice":"Fight","damage_taken":0,"max_hp_gain":0,"max_hp_loss":0,"event_name":"MindBloom","floor":38,"gold_loss":0},{"damage_healed":0,"gold_gain":0,"player_choice":"Embrace Madness","damage_taken":15,"max_hp_gain":0,"max_hp_loss":0,"event_name":"Winding Halls","floor":46,"gold_loss":0,"cards_obtained":["Madness","Madness"]}],"is_beta":true,"boss_relics":[{"not_picked":["Busted Crown","Snecko Eye"],"picked":"Calling Bell"},{"not_picked":["Black Star","Eternal Feather"],"picked":"Lizard Tail"}],"items_purged_floors":[4,19],"is_endless":false,"potions_floor_spawned":[3,11,13,20,24,33,39,48],"killed_by":"Awakened One","ascension_level":16}