{"gold_per_floor":[116,135,66,80,11,11,46,66,90,90],"floor_reached":10,"playtime":559,"items_purged":[],"score":119,"play_id":"bad9da90-d2ce-491e-acf6-3b09f660384e","local_time":"20190215211737","is_ascension_mode":true,"campfire_choices":[{"data":"Deadly Poison","floor":6,"key":"SMITH"}],"neow_cost":"NONE","seed_source_timestamp":218063838934613,"circlet_count":0,"master_deck":["AscendersBane","Defend_G","Defend_G","Defend_G","Defend_G","Defend_G","Strike_G","Strike_G","Strike_G","Strike_G","Strike_G","Survivor","Neutralize","Deep Breath","Cloak And Dagger","Deadly Poison+1","Escape Plan","Infinite Blades","Cloak And Dagger"],"relics":["Ring of the Snake","Anchor","Juzu Bracelet","Lantern"],"potions_floor_usage":[7],"damage_taken":[{"damage":0,"enemies":"2 Louse","floor":1,"turns":3},{"damage":4,"enemies":"Cultist","floor":2,"turns":4},{"damage":4,"enemies":"Small Slimes","floor":4,"turns":6},{"damage":42,"enemies":"Gremlin Nob","floor":7,"turns":5},{"damage":1,"enemies":"Red Slaver","floor":8,"turns":5},{"damage":10,"enemies":"Gremlin Gang","floor":10,"turns":3}],"seed_played":"-669951922895823925","potions_obtained":[{"floor":4,"key":"SteroidPotion"}],"is_trial":false,"path_per_floor":["M","M","?","M","$","R","E","M","T","M"],"character_chosen":"THE_SILENT","items_purchased":["Infinite Blades"],"campfire_rested":0,"item_purchase_floors":[5],"current_hp_per_floor":[59,55,55,51,51,51,9,8,8,0],"gold":90,"neow_bonus":"RANDOM_COLORLESS","is_prod":false,"is_daily":false,"chose_seed":false,"campfire_upgraded":1,"win_rate":0,"timestamp":1550261857,"path_taken":["M","M","?","?","?","R","E","M","T","M"],"build_version":"2019-02-06","purchased_purges":0,"victory":false,"max_hp_per_floor":[66,66,66,66,66,66,66,66,66,66],"card_choices":[{"not_picked":["Outmaneuver","Reflex"],"picked":"Cloak And Dagger","floor":1},{"not_picked":["Sucker Punch","Outmaneuver"],"picked":"Deadly Poison","floor":2},{"not_picked":["Setup","Dodge and Roll"],"picked":"Escape Plan","floor":4},{"not_picked":["Night Terror","Poisoned Stab","Slice"],"picked":"SKIP","floor":7},{"not_picked":["Finisher","Riddle With Holes"],"picked":"Cloak And Dagger","floor":8}],"player_experience":784487,"relics_obtained":[{"floor":7,"key":"Juzu Bracelet"},{"floor":9,"key":"Lantern"}],"event_choices":[{"damage_healed":0,"gold_gain":0,"player_choice":"Paid Gold","damage_taken":0,"relics_obtained":["Anchor"],"max_hp_gain":0,"max_hp_loss":0,"event_name":"WeMeetAgain","floor":3,"gold_loss":69}],"is_beta":true,"boss_relics":[],"items_purged_floors":[],"is_endless":false,"potions_floor_spawned":[4],"killed_by":"Gremlin Gang","ascension_level":15}