{"path_per_floor":["M","?","$","M","M","E","$","R","T","M","?","M","?","?","R","B",null,"M","?","M","?","$","E","?","M","T","R","E","R","$","E","R","B",null,"M","?","M","?","$","R","$","R","T","R","M","R","?","?","R","B"],"character_chosen":"THE_SILENT","items_purchased":["Noxious Fumes","Escape Plan","Footwork","Prepared","Poisoned Stab","Prepared","Footwork"],"gold_per_floor":[119,119,7,17,28,57,19,19,19,33,133,151,151,151,151,253,253,266,216,234,159,21,46,46,66,66,66,95,95,20,50,50,150,150,161,161,181,141,51,51,51,51,78,78,97,97,0,0,0,0],"floor_reached":51,"campfire_rested":6,"playtime":3474,"current_hp_per_floor":[69,55,55,55,55,44,44,44,44,44,44,44,44,49,49,49,75,75,75,54,54,54,23,23,23,23,45,41,63,63,31,53,34,75,66,66,50,50,50,50,50,50,50,72,41,63,63,63,75,4],"items_purged":["Strike_G","Strike_G"],"gold":0,"score":748,"play_id":"fae823ea-1d46-4d86-b581-06a1fc352acf","local_time":"20180324165733","is_prod":false,"is_daily":false,"is_ascension_mode":false,"campfire_upgraded":4,"timestamp":1521925053,"path_taken":["M","?","$","M","M","E","$","R","T","?","?","?","?","?","R","BOSS","M","?","M","?","$","E","?","M","T","R","E","R","?","E","R","BOSS","M","?","M","?","$","R","$","R","T","R","M","R","?","?","R","BOSS"],"build_version":"2018-03-22v2","purchased_purges":3,"victory":true,"master_deck":["Defend_G","Defend_G","Defend_G","Defend_G","Defend_G","Strike_G+1","Strike_G","Survivor+1","Neutralize","After Image+1","Poisoned Stab","Noxious Fumes+1","Backstab","Bane","Escape Plan","Burst+1","Deadly Poison+1","Envenom","Prepared","Footwork+1","Prepared+1","Poisoned Stab","Prepared+1","Poisoned Stab","Deadly Poison","After Image","Backflip","Prepared","Footwork+1"],"max_hp_per_floor":[70,70,70,70,70,70,70,70,70,70,70,70,70,75,75,75,75,75,75,75,75,75,75,75,75,75,75,75,75,75,75,75,75,75,75,75,75,75,75,75,75,75,75,75,75,75,75,75,75,75],"relics":["Ring of the Snake","Pen Nib","Letter Opener","Black Star","Anchor","Bag of Preparation","Peace Pipe","Ginger","Du-Vu Doll","Juzu Bracelet","War Paint","Question Card","Snake Skull","Red Mask"],"card_choices":[{"not_picked":["Quick Slash","Deflect"],"picked":"Poisoned Stab","floor":1},{"not_picked":["Sucker Punch","PiercingWail"],"picked":"Backstab","floor":4},{"not_picked":["All Out Attack","Terror"],"picked":"Bane","floor":5},{"not_picked":["Quick Slash","Acrobatics"],"picked":"Burst","floor":10},{"not_picked":["Slice","Flying Knee"],"picked":"Deadly Poison","floor":12},{"not_picked":["Unload","Phantasmal Killer"],"picked":"Envenom","floor":16},{"not_picked":["Poisoned Stab","Deflect"],"picked":"Prepared","floor":18},{"not_picked":["Dagger Throw","Cloak And Dagger"],"picked":"Prepared","floor":23},{"not_picked":["Cloak And Dagger","Dagger Spray"],"picked":"Poisoned Stab","floor":25},{"not_picked":["Malaise","Night Terror"],"picked":"Deadly Poison","floor":31},{"not_picked":["Tools of the Trade","Bullet Time"],"picked":"After Image","floor":33},{"not_picked":["Blade Dance","Sucker Punch","Bane"],"picked":"Backflip","floor":35}],"player_experience":30050,"potions_floor_usage":[18,33,45,50,50,50],"damage_taken":[{"damage":1,"enemies":"Jaw Worm","floor":1,"turns":6},{"damage":0,"enemies":"Small Slimes","floor":4,"turns":4},{"damage":0,"enemies":"Cultist","floor":5,"turns":3},{"damage":11,"enemies":"3 Sentries","floor":6,"turns":9},{"damage":0,"enemies":"Red Slaver","floor":10,"turns":4},{"damage":0,"enemies":"Looter","floor":12,"turns":3},{"damage":0,"enemies":"Hexaghost","floor":16,"turns":9},{"damage":0,"enemies":"Chosen","floor":18,"turns":5},{"damage":21,"enemies":"2 Thieves","floor":20,"turns":5},{"damage":31,"enemies":"Gremlin Leader","floor":23,"turns":6},{"damage":0,"enemies":"3 Cultists","floor":25,"turns":5},{"damage":4,"enemies":"Slavers","floor":28,"turns":6},{"damage":32,"enemies":"Gremlin Leader","floor":31,"turns":8},{"damage":19,"enemies":"Automaton","floor":33,"turns":10},{"damage":9,"enemies":"3 Shapes","floor":35,"turns":8},{"damage":16,"enemies":"3 Darklings","floor":37,"turns":5},{"damage":31,"enemies":"Maw","floor":45,"turns":9},{"damage":71,"enemies":"Donu and Deca","floor":50,"turns":12}],"event_choices":[{"event_name":"Shining Light","player_choice":"Entered Light","floor":2,"damage_taken":0},{"event_name":"Golden Shrine","player_choice":"Pray","floor":11,"damage_taken":0},{"event_name":"Upgrade Shrine","player_choice":"Upgraded","floor":13,"damage_taken":0},{"event_name":"Big Fish","player_choice":"Donut","floor":14,"damage_taken":0},{"event_name":"The Joust","player_choice":"Bet on Murderer","floor":19,"damage_taken":0},{"event_name":"Beggar","player_choice":"Gave Gold","floor":21,"damage_taken":0},{"event_name":"Vampires","player_choice":"Ignored","floor":24,"damage_taken":0},{"event_name":"Accursed Blacksmith","player_choice":"Ignore","floor":36,"damage_taken":0},{"event_name":"The Woman in Blue","player_choice":"Bought 3 Potions","floor":38,"damage_taken":0},{"event_name":"Tomb of Lord Red Mask","player_choice":"Paid","floor":47,"damage_taken":0},{"event_name":"Mysterious Sphere","player_choice":"Ignore","floor":48,"damage_taken":0}],"boss_relics":[{"not_picked":["Eternal Feather","Velvet Choker"],"picked":"Black Star"},{"not_picked":["Snecko Eye","Philosopher\u0027s Stone"],"picked":"Question Card"}],"potions_floor_spawned":[4,5,6,16,20,33,35,45],"seed_played":"7856407403206072965","ascension_level":0,"is_trial":false}