{"gold_per_floor":[119,10,22,42,53,53,88,104,155,167,167,194,205,280,280,353,353,366,281,281,264,51,86,86,105,105,105,131,41,61,81,81,152,152,163,173,222,322,322,322,351,351,377,392,392,392,0,0,0,0],"floor_reached":51,"playtime":4174,"items_purged":["Strike_G"],"score":1305,"play_id":"3ef4f793-56a1-4357-a39a-cb05bc7c15ad","local_time":"20190219223002","is_ascension_mode":true,"campfire_choices":[{"data":"Dagger Spray","floor":6,"key":"SMITH"},{"data":"Flechettes","floor":15,"key":"SMITH"},{"data":"Noxious Fumes","floor":24,"key":"SMITH"},{"data":"Venomology","floor":27,"key":"SMITH"},{"data":"Bane","floor":32,"key":"SMITH"},{"data":"Footwork","floor":40,"key":"SMITH"},{"data":"Adrenaline","floor":42,"key":"SMITH"},{"data":"Skewer","floor":49,"key":"SMITH"}],"neow_cost":"NONE","seed_source_timestamp":0,"circlet_count":0,"master_deck":["AscendersBane","Defend_G","Defend_G","Defend_G","Defend_G","Defend_G","Strike_G","Strike_G","Survivor","Neutralize+1","Dagger Spray+1","Escape Plan","Leg Sweep","Cloak And Dagger","Well Laid Plans","Footwork+1","Deflect","Flechettes+1","Adrenaline+1","Blade Dance","Deadly Poison","Noxious Fumes+1","Bane+1","PiercingWail","Venomology+1","Burst+1","Skewer+1","Footwork","Corpse Explosion","Deadly Poison","PiercingWail"],"special_seed":0,"relics":["Ring of the Snake","Dream Catcher","Meat on the Bone","Happy Flower","Coffee Dripper","StoneCalendar","Nloth\u0027s Gift","Regal Pillow","Kunai","Bag of Marbles","Empty Cage","Mango","Pocketwatch","Toxic Egg 2","Bag of Preparation","Lantern","Art of War","Gremlin Horn"],"potions_floor_usage":[7,7,12,16,16,23,23,28,30,31,33,33,33,36,36,36,37,37,37,38,41,41,44,44,50,50,50],"damage_taken":[{"damage":0.0,"enemies":"Jaw Worm","floor":1.0,"turns":4.0},{"damage":0,"enemies":"Cultist","floor":3,"turns":4},{"damage":0,"enemies":"Small Slimes","floor":4,"turns":3},{"damage":7,"enemies":"3 Louse","floor":5,"turns":4},{"damage":18,"enemies":"3 Sentries","floor":7,"turns":8},{"damage":0,"enemies":"Red Slaver","floor":8,"turns":4},{"damage":3,"enemies":"Looter","floor":10,"turns":4},{"damage":5,"enemies":"Lagavulin","floor":12,"turns":8},{"damage":2,"enemies":"Lots of Slimes","floor":13,"turns":1},{"damage":0,"enemies":"Hexaghost","floor":16,"turns":9},{"damage":2,"enemies":"Shell Parasite","floor":18,"turns":5},{"damage":11,"enemies":"2 Thieves","floor":21,"turns":4},{"damage":18,"enemies":"Gremlin Leader","floor":23,"turns":7},{"damage":26,"enemies":"Snecko","floor":25,"turns":6},{"damage":10,"enemies":"Book of Stabbing","floor":28,"turns":7},{"damage":10,"enemies":"Shelled Parasite and Fungi","floor":30,"turns":7},{"damage":11,"enemies":"Snake Plant","floor":31,"turns":4},{"damage":19,"enemies":"Automaton","floor":33,"turns":11},{"damage":0,"enemies":"3 Darklings","floor":35,"turns":2},{"damage":5,"enemies":"Orb Walker","floor":36,"turns":5},{"damage":21,"enemies":"2 Orb Walkers","floor":37,"turns":4},{"damage":0,"enemies":"Mind Bloom Boss Battle","floor":38,"turns":7},{"damage":1,"enemies":"Nemesis","floor":41,"turns":7},{"damage":9,"enemies":"Sphere and 2 Shapes","floor":44,"turns":5},{"damage":23,"enemies":"Time Eater","floor":50,"turns":13}],"seed_played":"605658287958364089","potions_obtained":[{"floor":4,"key":"SteroidPotion"},{"floor":5,"key":"PowerPotion"},{"floor":8,"key":"FearPotion"},{"floor":12,"key":"LiquidBronze"},{"floor":13,"key":"LiquidBronze"},{"floor":16,"key":"EssenceOfSteel"},{"floor":18,"key":"Explosive Potion"},{"floor":25,"key":"EssenceOfSteel"},{"floor":30,"key":"Swift Potion"},{"floor":33,"key":"SkillPotion"},{"floor":36,"key":"Explosive Potion"},{"floor":37,"key":"Regen Potion"},{"floor":41,"key":"GamblersBrew"}],"is_trial":false,"path_per_floor":["M","?","M","M","M","R","E","M","T","M","?","E","M","?","R","B",null,"M","?","?","M","$","E","R","M","T","R","E","$","M","M","R","B",null,"M","M","?","?","?","R","E","R","T","M","?","?","$","T","R","B",null],"character_chosen":"THE_SILENT","items_purchased":["Noxious Fumes","Bane","Skewer","Lantern","Art of War","Swift Potion"],"campfire_rested":0,"item_purchase_floors":[22,22,29,47,47,47],"current_hp_per_floor":[59,59,59,59,52,52,34,34,34,43,43,38,36,25,25,37,59,57,57,57,46,46,40,40,26,26,26,28,28,30,31,31,24,56,56,51,56,71,71,71,70,70,70,61,61,61,61,61,61,50],"gold":0,"neow_bonus":"UPGRADE_CARD","is_prod":false,"is_daily":false,"chose_seed":false,"campfire_upgraded":8,"win_rate":0,"timestamp":1550611802,"path_taken":["M","?","M","M","?","R","E","M","T","?","?","E","M","?","R","BOSS","M","?","?","M","$","E","R","M","T","R","E","$","M","M","R","BOSS","M","M","?","?","?","R","E","R","T","?","?","?","$","?","R","BOSS"],"build_version":"2019-02-06","purchased_purges":1,"victory":true,"max_hp_per_floor":[66,66,66,66,66,66,66,66,66,66,66,66,66,66,66,66,66,66,66,66,66,66,66,66,66,66,66,66,66,66,66,66,66,66,66,66,80,80,80,80,80,80,80,80,76,76,76,76,76,76],"card_choices":[{"not_picked":["Flying Knee","Calculated Gamble"],"picked":"Dagger Spray","floor":1.0},{"not_picked":["Flying Knee","Riddle With Holes"],"picked":"Escape Plan","floor":3},{"not_picked":["Eviscerate","Dodge and Roll"],"picked":"Leg Sweep","floor":4},{"not_picked":["Dagger Throw","Underhanded Strike"],"picked":"Cloak And Dagger","floor":5},{"not_picked":["Riddle With Holes","Bane"],"picked":"Well Laid Plans","floor":7},{"not_picked":["Leg Sweep","PiercingWail"],"picked":"Footwork","floor":8},{"not_picked":["Blade Dance","All Out Attack"],"picked":"Deflect","floor":10},{"not_picked":["Outmaneuver","Dodge and Roll","Setup"],"picked":"SKIP","floor":12},{"not_picked":["Reflex","Outmaneuver"],"picked":"Flechettes","floor":13},{"not_picked":["Storm of Steel","Unload"],"picked":"Adrenaline","floor":16},{"not_picked":["Backflip","Dagger Throw"],"picked":"Blade Dance","floor":18},{"not_picked":["Quick Slash","Backflip"],"picked":"Deadly Poison","floor":21},{"not_picked":["Dagger Spray","Deflect"],"picked":"PiercingWail","floor":23},{"not_picked":["Poisoned Stab","Escape Plan"],"picked":"Venomology","floor":25},{"not_picked":["Die Die Die","Dagger Throw"],"picked":"Burst","floor":28},{"not_picked":["Eviscerate","Quick Slash"],"picked":"Footwork","floor":30},{"not_picked":["Dodge and Roll","Heel Hook+1","Prepared"],"picked":"SKIP","floor":31},{"not_picked":["Die Die Die","Wraith Form v2"],"picked":"Corpse Explosion","floor":33},{"not_picked":["Outmaneuver","Concentrate+1","Poisoned Stab+1"],"picked":"SKIP","floor":35},{"not_picked":["Sucker Punch","Flying Knee","Blade Dance"],"picked":"SKIP","floor":36},{"not_picked":["Tactician","Riddle With Holes+1"],"picked":"Deadly Poison","floor":37},{"not_picked":["Corpse Explosion","Prepared"],"picked":"PiercingWail","floor":38},{"not_picked":["Bane+1","PiercingWail","Blade Dance"],"picked":"SKIP","floor":41},{"not_picked":["Cloak And Dagger+1","Bane","Acrobatics+1"],"picked":"SKIP","floor":44}],"player_experience":805546,"relics_obtained":[{"floor":7,"key":"Meat on the Bone"},{"floor":9,"key":"Bronze Scales"},{"floor":12,"key":"Happy Flower"},{"floor":23,"key":"Regal Pillow"},{"floor":26,"key":"Kunai"},{"floor":28,"key":"Bag of Marbles"},{"floor":37,"key":"Mango"},{"floor":38,"key":"Pocketwatch"},{"floor":41,"key":"Toxic Egg 2"},{"floor":43,"key":"Bag of Preparation"},{"floor":48,"key":"Gremlin Horn"}],"event_choices":[{"damage_healed":0.0,"max_hp_gain":0.0,"max_hp_loss":0.0,"gold_gain":0.0,"event_name":"WeMeetAgain","player_choice":"Paid Gold","floor":2.0,"gold_loss":109.0,"damage_taken":0.0,"relics_obtained":["Dream Catcher"]},{"damage_healed":0,"gold_gain":0,"player_choice":"Ignored","damage_taken":0,"max_hp_gain":0,"max_hp_loss":0,"event_name":"Liars Game","floor":11,"gold_loss":0},{"damage_healed":0,"gold_gain":75,"player_choice":"Gather Gold","damage_taken":11,"max_hp_gain":0,"max_hp_loss":0,"event_name":"World of Goop","floor":14,"gold_loss":0},{"damage_healed":0,"gold_gain":0,"player_choice":"Obtained Relic","damage_taken":0,"relics_obtained":["StoneCalendar"],"max_hp_gain":0,"max_hp_loss":0,"event_name":"Addict","floor":19,"gold_loss":85},{"damage_healed":0,"gold_gain":0,"player_choice":"Traded Relic","damage_taken":0,"relics_obtained":["Nloth\u0027s Gift"],"max_hp_gain":0,"max_hp_loss":0,"event_name":"N\u0027loth","floor":20,"relics_lost":["Bronze Scales"],"gold_loss":0},{"damage_healed":0,"gold_gain":0,"player_choice":"Fight","damage_taken":0,"max_hp_gain":0,"max_hp_loss":0,"event_name":"Mysterious Sphere","floor":37,"gold_loss":0},{"damage_healed":0,"gold_gain":0,"player_choice":"Fight","damage_taken":0,"max_hp_gain":0,"max_hp_loss":0,"event_name":"MindBloom","floor":38,"gold_loss":0},{"damage_healed":0,"gold_gain":0,"player_choice":"Forge","damage_taken":0,"max_hp_gain":0,"max_hp_loss":0,"event_name":"Accursed Blacksmith","floor":39,"gold_loss":0,"cards_upgraded":["Burst"]},{"damage_healed":0,"gold_gain":0,"player_choice":"Max HP","damage_taken":0,"max_hp_gain":0,"max_hp_loss":4,"event_name":"Winding Halls","floor":45,"gold_loss":0},{"damage_healed":0,"gold_gain":0,"player_choice":"Memory 1","damage_taken":0,"max_hp_gain":0,"max_hp_loss":0,"event_name":"SensoryStone","floor":46,"gold_loss":0}],"is_beta":true,"boss_relics":[{"not_picked":["HoveringKite","Runic Dome"],"picked":"Coffee Dripper"},{"not_picked":["Calling Bell","Fusion Hammer"],"picked":"Empty Cage"}],"items_purged_floors":[22],"is_endless":false,"potions_floor_spawned":[4,5,8,12,13,16,18,25,30,33,36,37,41],"ascension_level":16}