{"gold_per_floor":[111,111,111,36,36,68,87,122,122,139,153,153,182,197,197,197],"floor_reached":16,"playtime":1028,"items_purged":[],"score":261,"play_id":"047db479-cb43-4c4f-a6ca-a5953172fcbc","local_time":"20190217140637","is_ascension_mode":true,"campfire_choices":[{"floor":12,"key":"REST"},{"floor":15,"key":"REST"}],"neow_cost":"NONE","seed_source_timestamp":105524271632097,"circlet_count":0,"master_deck":["AscendersBane","Defend_G","Defend_G","Defend_G","Defend_G","Defend_G","Strike_G","Strike_G","Strike_G","Survivor","Neutralize","Sucker Punch","Slice","Doppelganger","Outmaneuver","Corpse Explosion","Deflect","Deadly Poison","Catalyst","Bane"],"relics":["Ring of the Snake","NeowsBlessing","Mummified Hand","Matryoshka","Pear","Ancient Tea Set","Frozen Egg 2","Pen Nib"],"potions_floor_usage":[8,16,16],"damage_taken":[{"damage":0,"enemies":"Small Slimes","floor":1,"turns":1},{"damage":0,"enemies":"Lagavulin","floor":6,"turns":1},{"damage":0,"enemies":"Jaw Worm","floor":7,"turns":1},{"damage":17,"enemies":"3 Sentries","floor":8,"turns":9},{"damage":0,"enemies":"2 Louse","floor":10,"turns":3},{"damage":11,"enemies":"Lots of Slimes","floor":11,"turns":3},{"damage":5,"enemies":"Lagavulin","floor":13,"turns":6},{"damage":22,"enemies":"Large Slime","floor":14,"turns":7},{"damage":48,"enemies":"Slime Boss","floor":16,"turns":8}],"seed_played":"5339020623883657307","potions_obtained":[{"floor":6,"key":"AttackPotion"},{"floor":11,"key":"GamblersBrew"},{"floor":14,"key":"Block Potion"}],"is_trial":false,"path_per_floor":["M","?","?","?","?","E","M","E","T","M","M","R","E","M","R","B"],"character_chosen":"THE_SILENT","items_purchased":[],"campfire_rested":2,"item_purchase_floors":[],"current_hp_per_floor":[59,59,41,41,41,41,41,34,34,34,23,45,40,18,40,0],"gold":197,"neow_bonus":"THREE_ENEMY_KILL","is_prod":false,"is_daily":false,"chose_seed":false,"campfire_upgraded":0,"win_rate":0,"timestamp":1550408797,"path_taken":["M","?","?","?","?","E","M","E","T","M","?","R","E","M","R","BOSS"],"build_version":"2019-02-06","purchased_purges":0,"victory":false,"max_hp_per_floor":[66,66,66,66,66,66,66,76,76,76,76,76,76,76,76,76],"card_choices":[{"not_picked":["Blade Dance","Prepared"],"picked":"Sucker Punch","floor":1},{"not_picked":["Dodge and Roll","Bane"],"picked":"Doppelganger","floor":6},{"not_picked":["Masterful Stab","Catalyst"],"picked":"Outmaneuver","floor":7},{"not_picked":["Calculated Gamble","Heel Hook"],"picked":"Corpse Explosion","floor":8},{"not_picked":["Acrobatics","Leg Sweep"],"picked":"Deflect","floor":10},{"not_picked":["Flying Knee","Underhanded Strike"],"picked":"Deadly Poison","floor":11},{"not_picked":["Outmaneuver","Slice"],"picked":"Catalyst","floor":13},{"not_picked":["Blade Dance","Outmaneuver"],"picked":"Bane","floor":14}],"player_experience":797354,"relics_obtained":[{"floor":6,"key":"Matryoshka"},{"floor":8,"key":"Pear"},{"floor":9,"key":"Ancient Tea Set"},{"floor":9,"key":"Frozen Egg 2"},{"floor":13,"key":"Pen Nib"}],"event_choices":[{"damage_healed":0,"gold_gain":0,"player_choice":"Ignored","damage_taken":0,"max_hp_gain":0,"max_hp_loss":0,"event_name":"Liars Game","floor":2,"gold_loss":0},{"damage_healed":0,"gold_gain":0,"player_choice":"Success","damage_taken":18,"relics_obtained":["Mummified Hand"],"max_hp_gain":0,"max_hp_loss":0,"event_name":"Scrap Ooze","floor":3,"gold_loss":0},{"cards_removed":["Strike_G"],"damage_healed":0,"gold_gain":0,"player_choice":"Card Removal","damage_taken":0,"max_hp_gain":0,"max_hp_loss":0,"event_name":"The Cleric","floor":4,"gold_loss":75},{"damage_healed":0,"gold_gain":0,"cards_transformed":["Strike_G"],"player_choice":"Transformed","damage_taken":0,"max_hp_gain":0,"max_hp_loss":0,"event_name":"Transmorgrifier","floor":5,"gold_loss":0,"cards_obtained":["Slice"]}],"is_beta":true,"boss_relics":[],"items_purged_floors":[],"is_endless":false,"potions_floor_spawned":[6,11,14],"killed_by":"Slime Boss","ascension_level":16}