{"gold_per_floor":[114,134,134,134,134,174,187,207,284,300,300,318,332,355,355,475,475,499,499,519,544,560,560,598,513,560,584,192,192,192,208,208,208],"floor_reached":33,"playtime":2029,"items_purged":[],"score":298,"play_id":"5b347548-2c66-40bd-a8e4-219657ff8ca1","local_time":"20190206202804","is_ascension_mode":false,"campfire_choices":[{"data":"Noxious Fumes","floor":11.0,"key":"SMITH"},{"floor":15.0,"key":"REST"},{"floor":23,"key":"REST"},{"floor":29,"key":"REST"},{"floor":32,"key":"REST"}],"neow_cost":"NONE","seed_source_timestamp":0,"circlet_count":0,"master_deck":["Defend_G","Defend_G","Defend_G","Defend_G","Defend_G","Strike_G","Strike_G","Strike_G","Strike_G","Survivor","Neutralize","Blade Dance","Flechettes","Caltrops","Noxious Fumes+1","PiercingWail","Dodge and Roll","Backflip","Accuracy+1","Poisoned Stab","Storm of Steel","Infinite Blades+1","Caltrops+1","Storm of Steel","Deflect+1","Slice","Backflip","Accuracy+1","Slice","Calculated Gamble","All Out Attack","Dagger Throw+1"],"special_seed":0,"relics":["Ring of the Snake","NeowsBlessing","Shovel","Golden Idol","Lantern","Frozen Egg 2","WristBlade","Strawberry","Potion Belt","Pen Nib","Bag of Preparation"],"potions_floor_usage":[22,24,33],"damage_taken":[{"damage":0.0,"enemies":"Jaw Worm","floor":1.0,"turns":1.0},{"damage":0.0,"enemies":"2 Louse","floor":2.0,"turns":1.0},{"damage":0.0,"enemies":"Gremlin Nob","floor":6.0,"turns":1.0},{"damage":10.0,"enemies":"Cultist","floor":7.0,"turns":4.0},{"damage":4.0,"enemies":"2 Fungi Beasts","floor":8.0,"turns":4.0},{"damage":25.0,"enemies":"Exordium Thugs","floor":10.0,"turns":8.0},{"damage":2.0,"enemies":"Blue Slaver","floor":12.0,"turns":4.0},{"damage":2.0,"enemies":"Large Slime","floor":13.0,"turns":5.0},{"damage":3.0,"enemies":"Looter","floor":14.0,"turns":5.0},{"damage":15.0,"enemies":"Slime Boss","floor":16.0,"turns":11.0},{"damage":17.0,"enemies":"Spheric Guardian","floor":18.0,"turns":6.0},{"damage":16.0,"enemies":"Shell Parasite","floor":20.0,"turns":4.0},{"damage":2,"enemies":"Centurion and Healer","floor":21,"turns":6},{"damage":10,"enemies":"Cultist and Chosen","floor":22,"turns":4},{"damage":21,"enemies":"Book of Stabbing","floor":24,"turns":6},{"damage":24,"enemies":"Snake Plant","floor":27,"turns":3},{"damage":16,"enemies":"Centurion and Healer","floor":31,"turns":4},{"damage":38,"enemies":"Champ","floor":33,"turns":6}],"seed_played":"4299085253087043271","potions_obtained":[{"floor":6.0,"key":"PowerPotion"},{"floor":8.0,"key":"SkillPotion"},{"floor":10.0,"key":"GamblersBrew"},{"floor":12.0,"key":"Energy Potion"},{"floor":18.0,"key":"Fire Potion"},{"floor":22,"key":"Explosive Potion"}],"is_trial":false,"path_per_floor":["M","M","?","?","?","E","M","M","T","M","R","M","M","M","R","B",null,"M","?","M","M","M","R","E","?","T","M","$","R","?","M","R","B"],"character_chosen":"THE_SILENT","items_purchased":["Bag of Preparation","Accuracy+1","Slice","Calculated Gamble","All Out Attack"],"campfire_rested":4,"item_purchase_floors":[28,28,28,28,28],"current_hp_per_floor":[70,70,67,67,67,67,57,53,53,28,28,26,24,21,42,27,70,53,53,37,35,25,46,32,32,32,8,8,31,31,15,38,0],"gold":208,"neow_bonus":"THREE_ENEMY_KILL","is_prod":false,"is_daily":false,"chose_seed":false,"campfire_upgraded":1,"win_rate":0.0,"timestamp":1549502884,"path_taken":["M","M","?","?","?","E","M","M","T","M","R","M","M","?","R","BOSS","M","?","M","?","M","R","E","?","T","M","$","R","?","M","R","BOSS"],"build_version":"2019-01-23","purchased_purges":0,"victory":false,"max_hp_per_floor":[70,70,70,70,70,70,70,70,70,70,70,70,70,70,70,70,70,70,70,70,70,70,70,77,77,77,77,77,77,77,77,77,77],"card_choices":[{"not_picked":["Acrobatics","Prepared"],"picked":"Accuracy","floor":1.0},{"not_picked":["Outmaneuver","Predator"],"picked":"Blade Dance","floor":2.0},{"not_picked":["Sucker Punch","PiercingWail"],"picked":"Caltrops","floor":6.0},{"not_picked":["Cloak And Dagger","Acrobatics"],"picked":"Noxious Fumes","floor":7.0},{"not_picked":["Poisoned Stab","Eviscerate"],"picked":"PiercingWail","floor":8.0},{"not_picked":["Riddle With Holes","Expertise"],"picked":"Dodge and Roll","floor":10.0},{"not_picked":["Tactician","Slice"],"picked":"Backflip","floor":12.0},{"not_picked":["All Out Attack","Dash"],"picked":"Accuracy+1","floor":13.0},{"not_picked":["Expertise","Finisher"],"picked":"Poisoned Stab","floor":14.0},{"not_picked":["Unload","Venomology"],"picked":"Storm of Steel","floor":16.0},{"not_picked":["Quick Slash","Outmaneuver"],"picked":"Infinite Blades+1","floor":18.0},{"not_picked":["Underhanded Strike","Outmaneuver"],"picked":"Caltrops+1","floor":20.0},{"not_picked":["Sucker Punch","Quick Slash+1"],"picked":"Storm of Steel","floor":21},{"not_picked":["Cloak And Dagger","Quick Slash"],"picked":"Deflect+1","floor":22},{"not_picked":["Masterful Stab","Deflect"],"picked":"Slice","floor":24},{"not_picked":["Prepared","Sucker Punch"],"picked":"Backflip","floor":27},{"not_picked":["Flying Knee","PiercingWail+1"],"picked":"Dagger Throw+1","floor":31}],"player_experience":53592,"relics_obtained":[{"floor":6.0,"key":"Lantern"},{"floor":9.0,"key":"Frozen Egg 2"},{"floor":24,"key":"Strawberry"},{"floor":26,"key":"Pen Nib"}],"event_choices":[{"damage_healed":0.0,"max_hp_gain":0.0,"max_hp_loss":0.0,"gold_gain":0.0,"event_name":"Scrap Ooze","player_choice":"Success","floor":3.0,"gold_loss":0.0,"damage_taken":3.0,"relics_obtained":["Shovel"]},{"damage_healed":0.0,"max_hp_gain":0.0,"max_hp_loss":0.0,"gold_gain":0.0,"event_name":"Golden Idol","player_choice":"Take Wound","floor":4.0,"gold_loss":0.0,"damage_taken":0.0,"relics_obtained":["Golden Idol"],"cards_obtained":["Injury"]},{"cards_removed":["Accuracy"],"damage_healed":0.0,"max_hp_gain":0.0,"max_hp_loss":0.0,"gold_gain":0.0,"event_name":"NoteForYourself","player_choice":"Took Card","floor":5.0,"gold_loss":0.0,"damage_taken":0.0,"cards_obtained":["Flechettes"]},{"cards_removed":["Strike_G"],"damage_healed":0.0,"max_hp_gain":0.0,"max_hp_loss":0.0,"gold_gain":0.0,"event_name":"Bonfire Elementals","player_choice":"Offered Basic","floor":19.0,"gold_loss":0.0,"damage_taken":0.0},{"damage_healed":0,"gold_gain":0,"player_choice":"Obtained Relic","damage_taken":0,"relics_obtained":["Potion Belt"],"max_hp_gain":0,"max_hp_loss":0,"event_name":"Addict","floor":25,"gold_loss":85},{"cards_removed":["Injury"],"damage_healed":0,"gold_gain":0,"player_choice":"Elegance","damage_taken":0,"max_hp_gain":0,"max_hp_loss":0,"event_name":"Back to Basics","floor":30,"gold_loss":0}],"is_beta":false,"boss_relics":[{"not_picked":["Orrery","Astrolabe"],"picked":"WristBlade"}],"items_purged_floors":[],"is_endless":false,"potions_floor_spawned":[6,8,10,12,18,22],"killed_by":"Champ","ascension_level":0}