{"gold_per_floor":[109,109,123,123,135,135,153,184,184,184,194,211,245,245,245,324,324,341,359,359,378,124,124,154,154,154,185,185,185,185,185,185,264,264,277,377,377,390,409,409,461,175,175,123,123,156,156,156,156,156],"floor_reached":51,"playtime":3079,"items_purged":["All For One"],"score":1359,"play_id":"a2e2ed0e-3e17-4783-b42f-4c49503abdf0","local_time":"20190312202058","is_ascension_mode":true,"campfire_choices":[{"data":"Zap","floor":6.0,"key":"SMITH"},{"data":"Go for the Eyes","floor":10.0,"key":"SMITH"},{"floor":15.0,"key":"REST"},{"data":"Dualcast","floor":23.0,"key":"SMITH"},{"data":"Blizzard","floor":25.0,"key":"SMITH"},{"data":"Self Repair","floor":28.0,"key":"SMITH"},{"data":"Conserve Battery","floor":30.0,"key":"SMITH"},{"floor":32.0,"key":"REST"},{"data":"Gash","floor":40.0,"key":"SMITH"},{"data":"Panache","floor":47.0,"key":"SMITH"},{"data":"Gash","floor":49.0,"key":"SMITH"}],"neow_cost":"NONE","seed_source_timestamp":1659029645882053,"circlet_count":0,"master_deck":["AscendersBane","Zap+1","Dualcast+1","Sunder+1","Go for the Eyes+1","Conserve Battery+1","White Noise+1","Reinforced Body+1","Redo+1","White Noise+1","Fission+1","FTL","Seek+1","Tempest+1","Hologram+1","All For One","Steam+1","Hologram+1","Conserve Battery+1","Self Repair+1","Chill+1","Gash+1","Conserve Battery+1","Necronomicurse","Gash+1"],"special_seed":0,"relics":["Cracked Core","Regal Pillow","Toxic Egg 2","Bottled Lightning","Kunai","Pandora\u0027s Box","Singing Bowl","Oddly Smooth Stone","Bottled Flame","Necronomicon","Empty Cage","Mango","Du-Vu Doll","Sundial","Boot"],"potions_floor_usage":[50,50],"damage_taken":[{"damage":2.0,"enemies":"2 Louse","floor":1.0,"turns":3.0},{"damage":1.0,"enemies":"Cultist","floor":3.0,"turns":4.0},{"damage":4.0,"enemies":"Small Slimes","floor":5.0,"turns":3.0},{"damage":12.0,"enemies":"Blue Slaver","floor":7.0,"turns":4.0},{"damage":16.0,"enemies":"Gremlin Nob","floor":8.0,"turns":3.0},{"damage":5.0,"enemies":"Exordium Thugs","floor":11.0,"turns":4.0},{"damage":0.0,"enemies":"Large Slime","floor":12.0,"turns":2.0},{"damage":20.0,"enemies":"Lagavulin","floor":13.0,"turns":5.0},{"damage":31.0,"enemies":"The Guardian","floor":16.0,"turns":12.0},{"damage":11.0,"enemies":"Spheric Guardian","floor":18.0,"turns":3.0},{"damage":1.0,"enemies":"3 Byrds","floor":19.0,"turns":2.0},{"damage":0.0,"enemies":"Snecko","floor":21.0,"turns":3.0},{"damage":14.0,"enemies":"Slavers","floor":24.0,"turns":4.0},{"damage":0.0,"enemies":"Gremlin Leader","floor":27.0,"turns":7.0},{"damage":22.0,"enemies":"Champ","floor":33.0,"turns":8.0},{"damage":0.0,"enemies":"3 Shapes","floor":35.0,"turns":5.0},{"damage":0.0,"enemies":"Mind Bloom Boss Battle","floor":36.0,"turns":5.0},{"damage":5.0,"enemies":"Orb Walker","floor":38.0,"turns":4.0},{"damage":0.0,"enemies":"4 Shapes","floor":39.0,"turns":2.0},{"damage":21.0,"enemies":"2 Orb Walkers","floor":41.0,"turns":4.0},{"damage":10.0,"enemies":"Nemesis","floor":46.0,"turns":4.0},{"damage":106,"enemies":"Time Eater","floor":50,"turns":16}],"seed_played":"-4090223684234478574","potions_obtained":[{"floor":8.0,"key":"FearPotion"},{"floor":11.0,"key":"Regen Potion"},{"floor":16.0,"key":"Weak Potion"},{"floor":27.0,"key":"Strength Potion"},{"floor":33.0,"key":"Ancient Potion"},{"floor":35.0,"key":"Regen Potion"}],"is_trial":false,"path_per_floor":["M","?","M","?","M","R","M","E","T","R","M","M","E","?","R","B",null,"M","M","?","M","$","R","E","R","T","E","R","$","R","?","R","B",null,"M","?","?","M","M","R","?","$","T","$","?","E","R","?","R","B",null],"character_chosen":"DEFECT","items_purchased":["Self Repair","Chill+1","Gash","Sundial","Gash"],"campfire_rested":2,"item_purchase_floors":[22,22,22,42,44],"current_hp_per_floor":[62,67,66,66,62,62,50,34,34,34,29,29,14,3,40,9,59,48,47,47,47,47,47,40,40,40,49,49,49,49,28,66,56,74,82,98,98,100,102,102,93,93,93,93,93,95,95,95,95,14],"gold":156,"neow_bonus":"RANDOM_COMMON_RELIC","is_prod":false,"is_daily":false,"chose_seed":false,"campfire_upgraded":9,"win_rate":0,"timestamp":1552418458,"path_taken":["M","?","M","?","?","R","M","E","T","R","M","M","E","?","R","BOSS","M","M","?","M","?","R","E","R","T","E","R","$","R","?","R","BOSS","M","?","?","M","?","R","?","$","T","$","?","E","R","?","R","BOSS"],"build_version":"2019-02-06","purchased_purges":1,"victory":true,"max_hp_per_floor":[71,76,76,76,76,76,76,76,76,76,76,76,76,76,76,76,76,76,76,76,76,76,76,76,76,76,78,78,78,78,78,78,80,80,82,98,98,100,102,102,104,104,104,104,104,106,106,106,106,106],"card_choices":[{"not_picked":["Barrage","Stack"],"picked":"Sunder","floor":1.0},{"not_picked":["Steam Power","Hologram"],"picked":"Go for the Eyes","floor":3.0},{"not_picked":["Chaos","Recycle","Loop"],"picked":"SKIP","floor":5.0},{"not_picked":["Coolheaded","Redo"],"picked":"Conserve Battery","floor":7.0},{"not_picked":["Compile Driver","Ball Lightning"],"picked":"White Noise","floor":8.0},{"not_picked":["Barrage","Sweeping Beam"],"picked":"Reinforced Body+1","floor":11.0},{"not_picked":["Consume+1","Steam+1"],"picked":"Redo+1","floor":12.0},{"not_picked":["Auto Shields+1","Ball Lightning"],"picked":"White Noise+1","floor":13.0},{"not_picked":["Core Surge","Multi-Cast+1"],"picked":"Fission+1","floor":16.0},{"not_picked":["Streamline","Hello World"],"picked":"Steam+1","floor":18.0},{"not_picked":["Recycle+1","Sweeping Beam"],"picked":"Hologram+1","floor":19.0},{"not_picked":["Rip and Tear","Barrage","Rebound"],"picked":"SKIP","floor":21.0},{"not_picked":["Stack+1","Sunder"],"picked":"Conserve Battery+1","floor":24.0},{"not_picked":["Rebound","Genetic Algorithm+1","Machine Learning"],"picked":"Singing Bowl","floor":27.0},{"not_picked":["Thunder Strike","Reboot+1","Machine Learning"],"picked":"Singing Bowl","floor":33.0},{"not_picked":["Tempest+1","Redo+1","Sweeping Beam"],"picked":"Singing Bowl","floor":35.0},{"not_picked":["Cold Snap","Coolheaded+1","Lockon"],"picked":"Singing Bowl","floor":36.0},{"not_picked":["Force Field+1","Cold Snap","Leap+1"],"picked":"Singing Bowl","floor":38.0},{"not_picked":["Stack+1","Steam Power+1","Leap+1"],"picked":"Singing Bowl","floor":39.0},{"not_picked":["Blizzard","Chaos+1","Aggregate+1"],"picked":"Singing Bowl","floor":41.0},{"not_picked":["Metamorphosis+1","Violence+1"],"picked":"Panache","floor":45.0},{"not_picked":["Streamline","Coolheaded+1","Glacier+1"],"picked":"Singing Bowl","floor":46.0}],"player_experience":956772,"relics_obtained":[{"floor":8.0,"key":"Toxic Egg 2"},{"floor":9.0,"key":"Bottled Lightning"},{"floor":13.0,"key":"Kunai"},{"floor":24.0,"key":"Singing Bowl"},{"floor":26.0,"key":"Oddly Smooth Stone"},{"floor":27.0,"key":"Bottled Flame"},{"floor":31.0,"key":"Necronomicon"},{"floor":36.0,"key":"Mango"},{"floor":41.0,"key":"Du-Vu Doll"},{"floor":46.0,"key":"Boot"}],"event_choices":[{"damage_healed":0.0,"max_hp_gain":5.0,"max_hp_loss":0.0,"gold_gain":0.0,"event_name":"Big Fish","player_choice":"Donut","floor":2.0,"gold_loss":0.0,"damage_taken":0.0},{"damage_healed":0.0,"max_hp_gain":0.0,"max_hp_loss":0.0,"gold_gain":0.0,"event_name":"Accursed Blacksmith","player_choice":"Forge","floor":4.0,"gold_loss":0.0,"damage_taken":0.0,"cards_upgraded":["Sunder"]},{"damage_healed":0.0,"max_hp_gain":0.0,"max_hp_loss":0.0,"gold_gain":0.0,"event_name":"Scrap Ooze","player_choice":"Fled","floor":14.0,"gold_loss":0.0,"damage_taken":11.0},{"damage_healed":0.0,"max_hp_gain":0.0,"max_hp_loss":0.0,"gold_gain":0.0,"event_name":"The Library","player_choice":"Read","floor":20.0,"gold_loss":0.0,"damage_taken":0.0,"cards_obtained":["Conserve Battery"]},{"damage_healed":0.0,"max_hp_gain":0.0,"max_hp_loss":0.0,"gold_gain":0.0,"event_name":"Cursed Tome","player_choice":"Obtained Book","floor":31.0,"gold_loss":0.0,"damage_taken":21.0},{"damage_healed":0.0,"max_hp_gain":0.0,"max_hp_loss":0.0,"gold_gain":0.0,"event_name":"MindBloom","player_choice":"Fight","floor":36.0,"gold_loss":0.0,"damage_taken":0.0},{"damage_healed":0.0,"max_hp_gain":0.0,"max_hp_loss":0.0,"gold_gain":0.0,"event_name":"Tomb of Lord Red Mask","player_choice":"Ignored","floor":37.0,"gold_loss":0.0,"damage_taken":0.0},{"damage_healed":0.0,"max_hp_gain":0.0,"max_hp_loss":0.0,"gold_gain":0.0,"event_name":"Mysterious Sphere","player_choice":"Fight","floor":41.0,"gold_loss":0.0,"damage_taken":0.0},{"damage_healed":0.0,"max_hp_gain":0.0,"max_hp_loss":0.0,"gold_gain":0.0,"event_name":"SensoryStone","player_choice":"Memory 1","floor":45.0,"gold_loss":0.0,"damage_taken":0.0},{"cards_removed":["Panache"],"damage_healed":0.0,"max_hp_gain":0.0,"max_hp_loss":0.0,"gold_gain":0.0,"event_name":"Falling","player_choice":"Removed Power","floor":48.0,"gold_loss":0.0,"damage_taken":0.0}],"is_beta":true,"boss_relics":[{"not_picked":["Busted Crown","Coffee Dripper"],"picked":"Pandora\u0027s Box"},{"not_picked":["Eternal Feather","Snecko Eye"],"picked":"Empty Cage"}],"items_purged_floors":[22],"is_endless":false,"potions_floor_spawned":[8,11,12,16,19,27,33,35,39,46],"ascension_level":17}