{"gold_per_floor":[109,121,138,88,88,115,115,115,154,19,38,38,53,53,53,149,149,159,177,177,189,201,201,221,221,248,347,347,373,75,85,85,184,184,197,213,47,58,58,58,74,74,74,92,111,111,124,224,224,224],"floor_reached":50,"playtime":2492,"items_purged":["Pain"],"score":516,"play_id":"33251c95-7093-4819-8343-2df0cc6f1173","local_time":"20190208112528","is_ascension_mode":false,"campfire_choices":[{"floor":7.0,"key":"RECALL"},{"floor":15.0,"key":"REST"},{"floor":23,"key":"REST"},{"floor":32,"key":"REST"},{"data":"Footwork","floor":40,"key":"SMITH"},{"floor":42,"key":"REST"},{"floor":46,"key":"REST"},{"floor":49,"key":"REST"}],"neow_cost":"NONE","seed_source_timestamp":0,"circlet_count":0,"master_deck":["Defend_G","Defend_G+1","Defend_G","Defend_G","Defend_G","Strike_G","Strike_G","Strike_G","Strike_G","Survivor+1","Neutralize","Slice","Terror+1","Glass Knife","Flying Knee","Slice","Dodge and Roll","Bane","Adrenaline","Dodge and Roll+1","Glass Knife","Sucker Punch","Skewer+1","PiercingWail","Bane+1","Adrenaline","Predator","Noxious Fumes","Endless Agony","Blade Dance+1","Corpse Explosion","Bane+1","Dagger Spray","Footwork+1","Deadly Poison","Dash","Backflip","Secret Technique","Cloak And Dagger+1","Dagger Throw","Deflect","Predator+1","Well Laid Plans","Poisoned Stab+1","Leg Sweep+1"],"special_seed":0,"relics":["Ring of the Snake","Matryoshka","MawBank","War Paint","Juzu Bracelet","Dream Catcher","Cursed Key","Omamori","Calipers","Blood Vial","Sozu","Bottled Flame"],"potions_floor_usage":[21,22,22,24,29,31,31,33],"damage_taken":[{"damage":2.0,"enemies":"2 Louse","floor":1.0,"turns":5.0},{"damage":0.0,"enemies":"Jaw Worm","floor":2.0,"turns":4.0},{"damage":0.0,"enemies":"Cultist","floor":3.0,"turns":3.0},{"damage":33.0,"enemies":"3 Sentries","floor":6.0,"turns":17.0},{"damage":0.0,"enemies":"Red Slaver","floor":11.0,"turns":3.0},{"damage":2.0,"enemies":"Exordium Thugs","floor":13.0,"turns":4.0},{"damage":47.0,"enemies":"Hexaghost","floor":16.0,"turns":11.0},{"damage":9.0,"enemies":"2 Thieves","floor":18.0,"turns":4.0},{"damage":0.0,"enemies":"3 Byrds","floor":19.0,"turns":6.0},{"damage":10,"enemies":"Snake Plant","floor":21,"turns":4},{"damage":7,"enemies":"Cultist and Chosen","floor":22,"turns":7},{"damage":3,"enemies":"Shelled Parasite and Fungi","floor":24,"turns":5},{"damage":32,"enemies":"Slavers","floor":29,"turns":5},{"damage":7,"enemies":"3 Cultists","floor":31,"turns":4},{"damage":44,"enemies":"Champ","floor":33,"turns":9},{"damage":0,"enemies":"Orb Walker","floor":35,"turns":3},{"damage":0,"enemies":"3 Shapes","floor":36,"turns":2},{"damage":9,"enemies":"Maw","floor":38,"turns":7},{"damage":39,"enemies":"Spire Growth","floor":41,"turns":5},{"damage":10,"enemies":"4 Shapes","floor":44,"turns":4},{"damage":22,"enemies":"Jaw Worm Horde","floor":45,"turns":3},{"damage":20,"enemies":"Maw","floor":47,"turns":7},{"damage":81,"enemies":"Time Eater","floor":50,"turns":13}],"seed_played":"45560829240851744","potions_obtained":[{"floor":2.0,"key":"Strength Potion"},{"floor":3.0,"key":"EssenceOfSteel"},{"floor":6.0,"key":"Ancient Potion"},{"floor":13.0,"key":"AttackPotion"},{"floor":19,"key":"GhostInAJar"},{"floor":22,"key":"GhostInAJar"},{"floor":24,"key":"EntropicBrew"},{"floor":29,"key":"Strength Potion"}],"is_trial":false,"path_per_floor":["M","M","M","?","?","E","R","T","T","$","M","?","M","$","R","B",null,"M","M","?","M","M","R","M","?","T","?","?","E","$","M","R","B",null,"M","M","$","M","?","R","M","R","T","M","M","R","M","?","R","B"],"character_chosen":"THE_SILENT","items_purchased":["Dream Catcher","Noxious Fumes","Blood Vial","Footwork","Deadly Poison","Dash"],"campfire_rested":6,"item_purchase_floors":[10,30,30,37,37,37],"current_hp_per_floor":[75,75,75,75,80,47,47,47,47,47,47,47,45,45,69,22,82,73,73,57,47,40,66,63,63,63,63,63,31,31,26,52,10,87,87,87,87,78,78,78,41,67,67,59,39,65,47,47,73,0],"gold":224,"neow_bonus":"TEN_PERCENT_HP_BONUS","is_prod":false,"is_daily":false,"chose_seed":false,"campfire_upgraded":1,"win_rate":0,"timestamp":1549643128,"path_taken":["M","M","M","?","?","E","R","?","T","$","M","?","M","?","R","BOSS","M","M","?","M","M","R","M","?","T","?","?","E","$","M","R","BOSS","M","M","$","M","?","R","M","R","T","M","M","R","M","?","R","BOSS"],"build_version":"2019-01-23","purchased_purges":1,"victory":false,"max_hp_per_floor":[77,77,77,77,82,82,82,82,82,82,82,82,82,82,82,82,82,82,82,87,87,87,87,87,87,87,87,87,87,87,87,87,87,87,87,87,87,87,87,87,87,87,87,87,87,87,87,87,87,87],"card_choices":[{"not_picked":["Bane","Caltrops"],"picked":"Slice","floor":1.0},{"not_picked":["Quick Slash","Bane"],"picked":"Terror","floor":2.0},{"not_picked":["Flying Knee","Finisher"],"picked":"Glass Knife","floor":3.0},{"not_picked":["Outmaneuver","After Image"],"picked":"Flying Knee","floor":6.0},{"not_picked":["Riddle With Holes","Cloak And Dagger"],"picked":"Slice","floor":11.0},{"not_picked":["Prepared","Cloak And Dagger"],"picked":"Dodge and Roll","floor":13.0},{"not_picked":["Blade Dance","Bullet Time"],"picked":"Bane","floor":15.0},{"not_picked":["Unload","Grand Finale"],"picked":"Adrenaline","floor":16.0},{"not_picked":["Prepared","Outmaneuver+1"],"picked":"Dodge and Roll+1","floor":18.0},{"not_picked":["Quick Slash","Escape Plan"],"picked":"Glass Knife","floor":19},{"not_picked":["Acrobatics","Bane"],"picked":"Sucker Punch","floor":21},{"not_picked":["Bane","Distraction"],"picked":"Skewer+1","floor":22},{"not_picked":["Acrobatics+1","Flechettes"],"picked":"PiercingWail","floor":23},{"not_picked":["Dagger Throw","Dodge and Roll+1"],"picked":"Bane+1","floor":24},{"not_picked":["Wraith Form v2","Eviscerate"],"picked":"Predator","floor":29},{"not_picked":["All Out Attack","Dodge and Roll+1"],"picked":"Endless Agony","floor":31},{"not_picked":["Flying Knee","Cloak And Dagger"],"picked":"Blade Dance+1","floor":32},{"not_picked":["Wraith Form v2","Night Terror"],"picked":"Corpse Explosion","floor":33},{"not_picked":["Cloak And Dagger+1","Expertise+1"],"picked":"Bane+1","floor":35},{"not_picked":["Bane","Outmaneuver+1"],"picked":"Dagger Spray","floor":36},{"not_picked":["Accuracy+1","Caltrops+1"],"picked":"Backflip","floor":38},{"not_picked":["Dramatic Entrance","Transmutation"],"picked":"Secret Technique","floor":39},{"not_picked":["Heel Hook","Prepared"],"picked":"Cloak And Dagger+1","floor":41},{"not_picked":["Prepared","Acrobatics"],"picked":"Dagger Throw","floor":42},{"not_picked":["Quick Slash","Footwork"],"picked":"Deflect","floor":44},{"not_picked":["Cloak And Dagger+1","Blade Dance"],"picked":"Predator+1","floor":45},{"not_picked":["Slice","Skewer+1"],"picked":"Well Laid Plans","floor":46},{"not_picked":["Outmaneuver+1","Riddle With Holes"],"picked":"Poisoned Stab+1","floor":47},{"not_picked":["Poisoned Stab","Finisher+1"],"picked":"Leg Sweep+1","floor":49}],"player_experience":70026,"relics_obtained":[{"floor":6.0,"key":"Matryoshka"},{"floor":8.0,"key":"MawBank"},{"floor":9.0,"key":"War Paint"},{"floor":9.0,"key":"Juzu Bracelet"},{"floor":26,"key":"Omamori"},{"floor":29,"key":"Calipers"},{"floor":43,"key":"Bottled Flame"}],"event_choices":[{"cards_removed":["Strike_G"],"damage_healed":0.0,"max_hp_gain":0.0,"max_hp_loss":0.0,"gold_gain":0.0,"event_name":"The Cleric","player_choice":"Card Removal","floor":4.0,"gold_loss":50.0,"damage_taken":0.0},{"damage_healed":0.0,"max_hp_gain":5.0,"max_hp_loss":0.0,"gold_gain":0.0,"event_name":"Big Fish","player_choice":"Donut","floor":5.0,"gold_loss":0.0,"damage_taken":0.0},{"damage_healed":0.0,"max_hp_gain":0.0,"max_hp_loss":0.0,"gold_gain":0.0,"event_name":"Accursed Blacksmith","player_choice":"Forge","floor":12.0,"gold_loss":0.0,"damage_taken":0.0,"cards_upgraded":["Terror"]},{"damage_healed":0,"gold_gain":0,"player_choice":"Shed Blood","damage_taken":21,"max_hp_gain":5,"max_hp_loss":0,"event_name":"Forgotten Altar","floor":20,"gold_loss":0},{"damage_healed":0,"gold_gain":0,"player_choice":"Ignored","damage_taken":0,"max_hp_gain":0,"max_hp_loss":0,"event_name":"NoteForYourself","floor":25,"gold_loss":0},{"damage_healed":0,"gold_gain":99,"player_choice":"Stole From Cult","damage_taken":0,"max_hp_gain":0,"max_hp_loss":0,"event_name":"Nest","floor":27,"gold_loss":0},{"damage_healed":0,"gold_gain":0,"player_choice":"Copied","damage_taken":0,"max_hp_gain":0,"max_hp_loss":0,"event_name":"Duplicator","floor":28,"gold_loss":0,"cards_obtained":["Adrenaline"]},{"damage_healed":0,"gold_gain":0,"player_choice":"Memory 1","damage_taken":0,"max_hp_gain":0,"max_hp_loss":0,"event_name":"SensoryStone","floor":39,"gold_loss":0},{"damage_healed":0,"gold_gain":100,"player_choice":"Pray","damage_taken":0,"max_hp_gain":0,"max_hp_loss":0,"event_name":"Golden Shrine","floor":48,"gold_loss":0}],"is_beta":false,"boss_relics":[{"not_picked":["Pandora\u0027s Box","Ectoplasm"],"picked":"Cursed Key"},{"not_picked":["Philosopher\u0027s Stone","Coffee Dripper"],"picked":"Sozu"}],"items_purged_floors":[30],"is_endless":false,"potions_floor_spawned":[2,3,6,13,19,22,24,29,35,41,44,45],"killed_by":"Time Eater","ascension_level":0}