{"gold_per_floor":[165,165,76,93,93,93,121,121,121,121,139,139,83,102,102,102],"floor_reached":16,"playtime":517,"items_purged":[],"score":158,"play_id":"4f00b874-8104-49bb-8049-109eb0167306","local_time":"20190308220430","is_ascension_mode":true,"campfire_choices":[{"data":"Zap","floor":6,"key":"SMITH"},{"data":"Hologram","floor":8,"key":"SMITH"},{"data":"Dualcast","floor":10,"key":"SMITH"},{"data":"Genetic Algorithm","floor":12,"key":"SMITH"},{"data":"Chaos","floor":15,"key":"SMITH"}],"neow_cost":"NONE","seed_source_timestamp":1322380169207676,"circlet_count":0,"master_deck":["AscendersBane","Strike_B","Strike_B","Strike_B","Strike_B","Defend_B","Defend_B","Defend_B","Defend_B+1","Zap+1","Dualcast+1","Melter","Capacitor","Capacitor","Hologram+1","Auto Shields","Genetic Algorithm+1","Cold Snap","Chaos+1"],"relics":["Tiny House","WingedGreaves","Odd Mushroom","Happy Flower"],"potions_floor_usage":[7],"damage_taken":[{"damage":11,"enemies":"Jaw Worm","floor":1,"turns":4},{"damage":15,"enemies":"Small Slimes","floor":4,"turns":4},{"damage":7,"enemies":"The Mushroom Lair","floor":7,"turns":3},{"damage":2,"enemies":"2 Louse","floor":11,"turns":3},{"damage":9,"enemies":"Large Slime","floor":14,"turns":7},{"damage":30,"enemies":"The Guardian","floor":16,"turns":6}],"seed_played":"8820545673925408374","potions_obtained":[{"floor":0,"key":"Explosive Potion"},{"floor":1,"key":"Explosive Potion"},{"floor":4,"key":"Strength Potion"}],"is_trial":false,"path_per_floor":["M","?","$","M","T","R","?","R","T","R","M","R","$","M","R","B"],"character_chosen":"DEFECT","items_purchased":["Capacitor","Cold Snap"],"campfire_rested":0,"item_purchase_floors":[3,13],"current_hp_per_floor":[58,63,63,48,48,48,41,41,41,41,39,39,39,30,30,0],"gold":102,"neow_bonus":"BOSS_RELIC","is_prod":false,"is_daily":false,"chose_seed":false,"campfire_upgraded":5,"win_rate":0,"timestamp":1552079070,"path_taken":["M","?","$","M","?","R","?","R","T","R","M","R","$","M","R","BOSS"],"build_version":"2019-02-06","purchased_purges":0,"victory":false,"max_hp_per_floor":[76,81,81,81,81,81,81,81,81,81,81,81,81,81,81,81],"card_choices":[{"not_picked":["Coolheaded","Scrape"],"picked":"Melter","floor":0},{"not_picked":["Force Field","Go for the Eyes"],"picked":"Capacitor","floor":1},{"not_picked":["Stack","Turbo"],"picked":"Hologram","floor":4},{"not_picked":["Melter","Stack"],"picked":"Auto Shields","floor":7},{"not_picked":["Leap","Beam Cell"],"picked":"Genetic Algorithm","floor":11},{"not_picked":["Self Repair","Compile Driver"],"picked":"Chaos","floor":14}],"player_experience":913900,"relics_obtained":[{"floor":5,"key":"WingedGreaves"},{"floor":7,"key":"Odd Mushroom"},{"floor":9,"key":"Happy Flower"}],"event_choices":[{"damage_healed":0,"gold_gain":0,"player_choice":"Donut","damage_taken":0,"max_hp_gain":5,"max_hp_loss":0,"event_name":"Big Fish","floor":2,"gold_loss":0},{"damage_healed":0,"gold_gain":0,"player_choice":"Fought Mushrooms","damage_taken":0,"max_hp_gain":0,"max_hp_loss":0,"event_name":"Mushrooms","floor":7,"gold_loss":0}],"is_beta":true,"boss_relics":[],"items_purged_floors":[],"is_endless":false,"potions_floor_spawned":[1,4],"killed_by":"The Guardian","ascension_level":16}