{"gold_per_floor":[119,67,67,77,89,164,197,11,11,28,28,63,63,74,74,147,147,161,175,195,195,28,28,48,79,79,79],"floor_reached":27,"playtime":1621,"items_purged":["Writhe"],"score":450,"play_id":"17acfcbb-160f-4a8e-8a7b-a2f5ea018eea","local_time":"20190311134103","is_ascension_mode":true,"campfire_choices":[{"floor":11.0,"key":"REST"},{"data":"Defragment","floor":15,"key":"SMITH"},{"data":"Sunder","floor":23,"key":"SMITH"}],"neow_cost":"CURSE","seed_source_timestamp":1550230717021802,"circlet_count":0,"master_deck":["AscendersBane","Strike_B","Strike_B","Strike_B","Strike_B","Defend_B","Defend_B","Defend_B","Defend_B","Zap","Dualcast","Cold Snap","Conserve Battery","Sunder+1","Defragment+1","Coolheaded","Darkness","Seek","Cold Snap","Chill"],"special_seed":0,"relics":["Cracked Core","Calipers","StoneCalendar","Thread and Needle","Mercury Hourglass","Happy Flower","Cursed Key","Art of War","Bag of Marbles"],"potions_floor_usage":[20,27],"damage_taken":[{"damage":1.0,"enemies":"Cultist","floor":1.0,"turns":3.0},{"damage":10.0,"enemies":"Small Slimes","floor":4.0,"turns":3.0},{"damage":10.0,"enemies":"Jaw Worm","floor":5.0,"turns":3.0},{"damage":10.0,"enemies":"3 Sentries","floor":7.0,"turns":7.0},{"damage":1.0,"enemies":"Exordium Thugs","floor":10.0,"turns":4.0},{"damage":10,"enemies":"Lagavulin","floor":12,"turns":6},{"damage":0,"enemies":"Looter","floor":14,"turns":3},{"damage":14,"enemies":"Slime Boss","floor":16,"turns":7},{"damage":5,"enemies":"3 Byrds","floor":18,"turns":4},{"damage":5,"enemies":"Shell Parasite","floor":19,"turns":5},{"damage":20,"enemies":"Centurion and Healer","floor":20,"turns":7},{"damage":7,"enemies":"Shelled Parasite and Fungi","floor":24,"turns":5},{"damage":23,"enemies":"Gremlin Leader","floor":25,"turns":7},{"damage":12,"enemies":"Snake Plant","floor":27,"turns":1}],"seed_played":"-4330138215640350649","potions_obtained":[{"floor":1.0,"key":"EssenceOfSteel"},{"floor":4.0,"key":"EssenceOfSteel"},{"floor":7.0,"key":"SkillPotion"},{"floor":10.0,"key":"SteroidPotion"},{"floor":19,"key":"Regen Potion"}],"is_trial":false,"path_per_floor":["M","$","?","M","M","?","E","$","T","M","R","E","?","M","R","B",null,"M","M","M","?","$","R","M","E","T","M"],"character_chosen":"DEFECT","items_purchased":["Conserve Battery","Defragment","Coolheaded","Art of War"],"campfire_rested":1,"item_purchase_floors":[2,8,8,22],"current_hp_per_floor":[63,63,58,48,38,27,17,17,17,16,37,27,27,27,27,13,57,52,47,42,42,42,42,35,12,12,0],"gold":79,"neow_bonus":"ONE_RARE_RELIC","is_prod":false,"is_daily":false,"chose_seed":false,"campfire_upgraded":2,"win_rate":0,"timestamp":1552308063,"path_taken":["M","$","?","M","M","?","E","?","T","?","R","E","?","?","R","BOSS","M","?","M","?","$","R","M","E","T","M"],"build_version":"2019-02-06","purchased_purges":1,"victory":false,"max_hp_per_floor":[71,71,71,71,71,71,71,71,71,71,71,71,71,71,71,71,71,71,71,71,71,71,71,71,71,71,71],"card_choices":[{"not_picked":["Stack","Go for the Eyes"],"picked":"Cold Snap","floor":1.0},{"not_picked":["Steam Power","FTL"],"picked":"Sunder","floor":4.0},{"not_picked":["Consume","Hologram","Rebound"],"picked":"SKIP","floor":5.0},{"not_picked":["Steam Power","Compile Driver","Steam"],"picked":"SKIP","floor":7.0},{"not_picked":["Redo","Stack","Machine Learning"],"picked":"SKIP","floor":10.0},{"not_picked":["Stack","Ball Lightning","Double Energy"],"picked":"SKIP","floor":12},{"not_picked":["Gash","Compile Driver"],"picked":"Darkness","floor":14},{"not_picked":["Thunder Strike","Fission"],"picked":"Seek","floor":16},{"not_picked":["Redo+1","Go for the Eyes"],"picked":"Cold Snap","floor":18},{"not_picked":["Consume","Hologram","Tempest"],"picked":"SKIP","floor":19},{"not_picked":["Fusion","Reprogram","Sweeping Beam"],"picked":"SKIP","floor":20},{"not_picked":["Skim","Compile Driver"],"picked":"Chill","floor":24},{"not_picked":["Go for the Eyes","Static Discharge+1","Skim"],"picked":"SKIP","floor":25}],"player_experience":950624,"relics_obtained":[{"floor":7.0,"key":"Thread and Needle"},{"floor":9.0,"key":"Mercury Hourglass"},{"floor":12,"key":"Happy Flower"},{"floor":25,"key":"Bag of Marbles"}],"event_choices":[{"damage_healed":0.0,"max_hp_gain":0.0,"max_hp_loss":0.0,"gold_gain":0.0,"event_name":"Scrap Ooze","player_choice":"Success","floor":3.0,"gold_loss":0.0,"damage_taken":5.0,"relics_obtained":["StoneCalendar"]},{"damage_healed":0.0,"max_hp_gain":0.0,"max_hp_loss":0.0,"gold_gain":75.0,"event_name":"World of Goop","player_choice":"Gather Gold","floor":6.0,"gold_loss":0.0,"damage_taken":11.0},{"damage_healed":0,"gold_gain":0,"player_choice":"0 cards matched","damage_taken":0,"max_hp_gain":0,"max_hp_loss":0,"event_name":"Match and Keep!","floor":13,"gold_loss":0,"cards_obtained":[]},{"damage_healed":0,"gold_gain":0,"player_choice":"Ignored","damage_taken":0,"max_hp_gain":0,"max_hp_loss":0,"event_name":"The Mausoleum","floor":21,"gold_loss":0}],"is_beta":true,"boss_relics":[{"not_picked":["FrozenCore","Pandora\u0027s Box"],"picked":"Cursed Key"}],"items_purged_floors":[8],"is_endless":false,"potions_floor_spawned":[1,4,7,10,18,19],"killed_by":"Snake Plant","ascension_level":17}