{"gold_per_floor":[14,26,36,54,74,74,93,93,93,109,141,154,181,195,195,293,293,310,310,310,330,330,330,340,360,360,360,380,131,143,153,153,249,249,266,278,278],"floor_reached":37,"playtime":2767,"items_purged":["Pain"],"score":541,"play_id":"d6b1a3c0-f362-44f3-bffb-fbaaf68c824c","local_time":"20190207160034","is_ascension_mode":false,"campfire_choices":[{"floor":6,"key":"RECALL"},{"data":"Chill","floor":8,"key":"SMITH"},{"floor":15,"key":"REST"},{"floor":23,"key":"REST"},{"floor":27,"key":"REST"},{"data":"Sunder","floor":32,"key":"SMITH"}],"neow_cost":"NO_GOLD","seed_source_timestamp":1202836059199940,"circlet_count":0,"master_deck":["Strike_B","Strike_B","Strike_B","Strike_B","Defend_B","Defend_B","Defend_B","Defend_B","Zap+1","Dualcast","Chill+1","Cold Snap","Auto Shields","Beam Cell","Go for the Eyes","Double Energy+1","Melter","Fusion","Sunder+1","Leap","Sweeping Beam","All For One","Conserve Battery+1","Necronomicurse","Leap+1","Writhe","Conserve Battery+1","Barrage","BootSequence","Rebound","Machine Learning","Undo","Buffer","Writhe","Pain","Parasite","Rebound+1","Gash"],"relics":["Cracked Core","Incense Burner","War Paint","Gremlin Horn","Cursed Key","Necronomicon","Unceasing Top","Pear","Lantern","Calling Bell","Anchor","Ornamental Fan","Bird Faced Urn"],"potions_floor_usage":[11,13,16,24,33,33,37],"damage_taken":[{"damage":1,"enemies":"Cultist","floor":1,"turns":4},{"damage":0,"enemies":"2 Louse","floor":2,"turns":3},{"damage":4,"enemies":"Jaw Worm","floor":3,"turns":3},{"damage":0,"enemies":"2 Fungi Beasts","floor":4,"turns":4},{"damage":1,"enemies":"Looter","floor":5,"turns":3},{"damage":6,"enemies":"Large Slime","floor":7,"turns":6},{"damage":15,"enemies":"Gremlin Gang","floor":10,"turns":7},{"damage":22,"enemies":"3 Sentries","floor":11,"turns":9},{"damage":1,"enemies":"Red Slaver","floor":12,"turns":3},{"damage":9,"enemies":"Lagavulin","floor":13,"turns":6},{"damage":0,"enemies":"Lots of Slimes","floor":14,"turns":4},{"damage":37,"enemies":"Hexaghost","floor":16,"turns":15},{"damage":0,"enemies":"Spheric Guardian","floor":18,"turns":2},{"damage":3,"enemies":"Shell Parasite","floor":21,"turns":6},{"damage":10,"enemies":"Chosen and Byrds","floor":24,"turns":8},{"damage":22,"enemies":"Centurion and Healer","floor":25,"turns":6},{"damage":0,"enemies":"Snake Plant","floor":28,"turns":2},{"damage":15,"enemies":"Cultist and Chosen","floor":30,"turns":8},{"damage":1,"enemies":"3 Cultists","floor":31,"turns":7},{"damage":34,"enemies":"Collector","floor":33,"turns":16},{"damage":1,"enemies":"Orb Walker","floor":35,"turns":5},{"damage":27,"enemies":"3 Darklings","floor":36,"turns":9},{"damage":72,"enemies":"4 Shapes","floor":37,"turns":6}],"seed_played":"4976491215693187627","potions_obtained":[{"floor":1,"key":"Ancient Potion"},{"floor":7,"key":"PowerPotion"},{"floor":12,"key":"Regen Potion"},{"floor":13,"key":"Regen Potion"},{"floor":16,"key":"Block Potion"},{"floor":18,"key":"SpeedPotion"},{"floor":25,"key":"GamblersBrew"},{"floor":30,"key":"FairyPotion"},{"floor":31,"key":"AttackPotion"},{"floor":33,"key":"FearPotion"},{"floor":35,"key":"Fire Potion"}],"is_trial":false,"path_per_floor":["M","M","M","M","M","R","M","R","T","M","E","M","E","M","R","B",null,"M","?","?","M","?","R","M","M","T","R","M","$","M","M","R","B",null,"M","M","M"],"character_chosen":"DEFECT","items_purchased":["Rebound","Lantern"],"campfire_rested":3,"item_purchase_floors":[29,29],"current_hp_per_floor":[74,74,70,70,69,69,63,63,63,48,26,25,30,30,52,30,75,75,59,45,42,42,66,56,34,44,71,71,71,56,55,55,21,90,89,64,0],"gold":278,"neow_bonus":"ONE_RARE_RELIC","is_prod":false,"is_daily":false,"chose_seed":false,"campfire_upgraded":2,"win_rate":0,"timestamp":1549573234,"path_taken":["M","M","M","M","?","R","M","R","T","M","E","M","E","M","R","BOSS","M","?","?","M","?","R","M","M","T","R","M","$","M","M","R","BOSS","M","M","M"],"build_version":"2019-01-23","purchased_purges":1,"victory":false,"max_hp_per_floor":[75,75,75,75,75,75,75,75,75,75,75,75,75,75,75,75,75,75,75,80,80,80,80,80,80,90,90,90,90,90,90,90,90,90,90,90,90],"card_choices":[{"not_picked":["Doom and Gloom","Ball Lightning"],"picked":"Chill","floor":1},{"not_picked":["Heatsinks","Chill"],"picked":"Cold Snap","floor":2},{"not_picked":["Coolheaded","Reprogram"],"picked":"Auto Shields","floor":3},{"not_picked":["Auto Shields","Hologram"],"picked":"Beam Cell","floor":4},{"not_picked":["Hologram","Streamline"],"picked":"Go for the Eyes","floor":5},{"not_picked":["Consume","Reinforced Body"],"picked":"Double Energy","floor":7},{"not_picked":["Seek","Steam"],"picked":"Melter","floor":10},{"not_picked":["Chill","Multi-Cast"],"picked":"Fusion","floor":11},{"not_picked":["Redo","Stack"],"picked":"Sunder","floor":12},{"not_picked":["Rebound","Conserve Battery"],"picked":"Leap","floor":13},{"not_picked":["Gash","Leap"],"picked":"Sweeping Beam","floor":14},{"not_picked":["Fission","Echo Form"],"picked":"All For One","floor":16},{"not_picked":["Coolheaded","Stack+1"],"picked":"Conserve Battery+1","floor":18},{"not_picked":["Steam+1","Conserve Battery"],"picked":"Leap+1","floor":21},{"not_picked":["Sweeping Beam","Melter"],"picked":"Conserve Battery+1","floor":24},{"not_picked":["Leap+1","Coolheaded+1"],"picked":"Barrage","floor":25},{"not_picked":["Conserve Battery","Coolheaded"],"picked":"BootSequence","floor":28},{"not_picked":["Hello World","Compile Driver"],"picked":"Machine Learning","floor":30},{"not_picked":["Streamline","Hello World"],"picked":"Undo","floor":31},{"not_picked":["Hyperbeam","All For One"],"picked":"Buffer","floor":33},{"not_picked":["Chill","Skim"],"picked":"Rebound+1","floor":35},{"not_picked":["Doom and Gloom","Leap+1"],"picked":"Gash","floor":36}],"player_experience":67259,"relics_obtained":[{"floor":11,"key":"War Paint"},{"floor":13,"key":"Gremlin Horn"},{"floor":19,"key":"Necronomicon"},{"floor":26,"key":"Pear"},{"floor":34,"key":"Anchor"},{"floor":34,"key":"Ornamental Fan"},{"floor":34,"key":"Bird Faced Urn"}],"event_choices":[{"damage_healed":0,"gold_gain":0,"player_choice":"Obtained Book","damage_taken":16,"max_hp_gain":0,"max_hp_loss":0,"event_name":"Cursed Tome","floor":19,"gold_loss":0},{"damage_healed":0,"gold_gain":0,"player_choice":"Shed Blood","damage_taken":19,"max_hp_gain":5,"max_hp_loss":0,"event_name":"Forgotten Altar","floor":20,"gold_loss":0},{"damage_healed":0,"gold_gain":0,"player_choice":"Opened","damage_taken":0,"relics_obtained":["Unceasing Top"],"max_hp_gain":0,"max_hp_loss":0,"event_name":"The Mausoleum","floor":22,"gold_loss":0,"cards_obtained":["Writhe"]}],"is_beta":false,"boss_relics":[{"not_picked":["Ectoplasm","Fusion Hammer"],"picked":"Cursed Key"},{"not_picked":["Snecko Eye","Runic Dome"],"picked":"Calling Bell"}],"items_purged_floors":[29],"is_endless":false,"potions_floor_spawned":[1,7,12,13,16,18,25,30,31,33,35],"killed_by":"4 Shapes","ascension_level":0}