{"gold_per_floor":[116,128,140,155,175,175,32,51,51,70,70,133,144,144,144,243,243,257,182,201,217,217,217,24,44,68,98,13,13,13,27,27,27],"floor_reached":33,"playtime":3055,"items_purged":[],"score":311,"play_id":"15c8b9db-a1bc-46be-aa70-3c5f2e669035","local_time":"20190203024354","is_ascension_mode":false,"campfire_choices":[{"floor":6,"key":"REST"},{"data":"Fusion","floor":11,"key":"SMITH"},{"floor":15,"key":"REST"},{"floor":23,"key":"REST"},{"data":"Barrage","floor":32,"key":"SMITH"}],"neow_cost":"NONE","seed_source_timestamp":809158560646684,"circlet_count":0,"master_deck":["Strike_B+1","Strike_B+1","Strike_B","Strike_B","Defend_B","Defend_B","Defend_B","Defend_B","Zap","Dualcast","Coolheaded","Leap","Sweeping Beam","Steam","Glacier","Beam Cell+1","Steam","Fusion+1","Gash","Steam","Gash","Electrodynamics","Leap","Barrage+1","Ball Lightning","Barrage","Blizzard","Conserve Battery+1","Self Repair","Ball Lightning","Gash","Bandage Up","Aggregate","Stack","Storm+1","Loop","Hologram"],"relics":["Cracked Core","Bird Faced Urn","Whetstone","Orrery","MutagenicStrength","Vajra","StoneCalendar","Mango"],"potions_floor_usage":[8,16,21,21,33,33],"damage_taken":[{"damage":3,"enemies":"Jaw Worm","floor":1,"turns":4},{"damage":6,"enemies":"2 Louse","floor":2,"turns":3},{"damage":6,"enemies":"Small Slimes","floor":3,"turns":3},{"damage":8,"enemies":"3 Louse","floor":4,"turns":3},{"damage":15,"enemies":"Exordium Thugs","floor":5,"turns":7},{"damage":4,"enemies":"Large Slime","floor":8,"turns":10},{"damage":1,"enemies":"Looter","floor":10,"turns":2},{"damage":27,"enemies":"Lagavulin Event","floor":12,"turns":10},{"damage":0,"enemies":"2 Fungi Beasts","floor":13,"turns":4},{"damage":34,"enemies":"The Guardian","floor":16,"turns":16},{"damage":9,"enemies":"Chosen","floor":18,"turns":6},{"damage":9,"enemies":"Spheric Guardian","floor":20,"turns":5},{"damage":32,"enemies":"3 Cultists","floor":21,"turns":6},{"damage":8,"enemies":"Sentry and Sphere","floor":25,"turns":4},{"damage":19,"enemies":"Gremlin Leader","floor":27,"turns":6},{"damage":17,"enemies":"Snake Plant","floor":31,"turns":6},{"damage":86,"enemies":"Collector","floor":33,"turns":9}],"seed_played":"1066030165017542593","potions_obtained":[{"floor":1,"key":"SteroidPotion"},{"floor":3,"key":"Weak Potion"},{"floor":4,"key":"PowerPotion"},{"floor":10,"key":"LiquidBronze"},{"floor":20,"key":"PowerPotion"},{"floor":21,"key":"AttackPotion"}],"is_trial":false,"path_per_floor":["M","M","M","M","M","R","$","M","T","M","R","?","M","?","R","B",null,"M","?","M","M","?","R","$","M","T","E","?","?","?","M","R","B"],"character_chosen":"DEFECT","items_purchased":["Beam Cell","Steam","Heatsinks","Gash","Bandage Up","Aggregate"],"campfire_rested":3,"item_purchase_floors":[7,7,7,24,24,24],"current_hp_per_floor":[79,73,67,59,44,68,68,64,64,63,63,38,38,38,62,30,82,75,75,66,47,47,71,71,78,78,65,79,79,79,75,75,0],"gold":27,"neow_bonus":"TEN_PERCENT_HP_BONUS","is_prod":false,"is_daily":false,"chose_seed":false,"campfire_upgraded":2,"win_rate":0.0,"timestamp":1549179834,"path_taken":["M","M","M","M","M","R","$","M","T","M","R","?","M","?","R","BOSS","M","?","M","M","?","R","$","?","T","E","?","?","?","M","R","BOSS"],"build_version":"2019-01-23","purchased_purges":0,"victory":false,"max_hp_per_floor":[82,82,82,82,82,82,82,82,82,82,82,82,82,82,82,82,82,82,82,82,82,82,82,82,82,82,82,96,96,96,96,96,96],"card_choices":[{"not_picked":["Auto Shields","Defragment"],"picked":"Coolheaded","floor":1},{"not_picked":["Stack","Beam Cell"],"picked":"Leap","floor":2},{"not_picked":["Conserve Battery","Go for the Eyes"],"picked":"Sweeping Beam","floor":3},{"not_picked":["Fission","Aggregate"],"picked":"Steam","floor":4},{"not_picked":["Sweeping Beam","Streamline"],"picked":"Glacier","floor":5},{"not_picked":["Beam Cell","Cold Snap"],"picked":"Fusion","floor":8},{"not_picked":["Streamline","Beam Cell"],"picked":"Gash","floor":10},{"not_picked":["Reboot","Sweeping Beam"],"picked":"Steam","floor":12},{"not_picked":["Redo","Storm"],"picked":"Gash","floor":13},{"not_picked":["Biased Cognition","Buffer"],"picked":"Electrodynamics","floor":16},{"not_picked":["Steam Power","Heatsinks"],"picked":"Leap","floor":17},{"not_picked":["Steam","Static Discharge"],"picked":"Barrage","floor":17},{"not_picked":["Conserve Battery","Go for the Eyes"],"picked":"Ball Lightning","floor":17},{"not_picked":["FTL","Sweeping Beam"],"picked":"Barrage","floor":17},{"not_picked":["Coolheaded","FTL"],"picked":"Blizzard","floor":17},{"not_picked":["FTL","Steam"],"picked":"Conserve Battery+1","floor":18},{"not_picked":["Conserve Battery","BootSequence"],"picked":"Self Repair","floor":20},{"not_picked":["Reprogram","Capacitor"],"picked":"Ball Lightning","floor":21},{"not_picked":["Ball Lightning","Coolheaded+1"],"picked":"Stack","floor":25},{"not_picked":["Go for the Eyes","Consume"],"picked":"Storm+1","floor":27},{"not_picked":["Creative AI","Ball Lightning"],"picked":"Hologram","floor":31}],"player_experience":17290,"relics_obtained":[{"floor":9,"key":"Bird Faced Urn"},{"floor":12,"key":"Whetstone"},{"floor":26,"key":"Vajra"},{"floor":27,"key":"StoneCalendar"}],"event_choices":[{"damage_healed":0,"gold_gain":0,"player_choice":"Searched \u00272\u0027 times","damage_taken":0,"max_hp_gain":0,"max_hp_loss":0,"event_name":"Dead Adventurer","floor":12,"gold_loss":0},{"damage_healed":0,"gold_gain":0,"player_choice":"Grow","damage_taken":0,"max_hp_gain":0,"max_hp_loss":0,"event_name":"Living Wall","floor":14,"gold_loss":0,"cards_upgraded":["Beam Cell"]},{"cards_removed":["Heatsinks"],"damage_healed":0,"gold_gain":0,"player_choice":"Gave Gold","damage_taken":0,"max_hp_gain":0,"max_hp_loss":0,"event_name":"Beggar","floor":19,"gold_loss":75},{"damage_healed":0,"gold_gain":0,"player_choice":"Inject Mutagens","damage_taken":0,"relics_obtained":["MutagenicStrength"],"max_hp_gain":0,"max_hp_loss":0,"event_name":"Drug Dealer","floor":22,"gold_loss":0},{"damage_healed":0,"gold_gain":0,"player_choice":"Obtained Relic","damage_taken":0,"relics_obtained":["Mango"],"max_hp_gain":0,"max_hp_loss":0,"event_name":"Addict","floor":28,"gold_loss":85},{"damage_healed":0,"gold_gain":0,"player_choice":"Read","damage_taken":0,"max_hp_gain":0,"max_hp_loss":0,"event_name":"The Library","floor":29,"gold_loss":0,"cards_obtained":["Loop"]},{"damage_healed":0,"gold_gain":0,"player_choice":"Ignored","damage_taken":0,"max_hp_gain":0,"max_hp_loss":0,"event_name":"Ghosts","floor":30,"gold_loss":0}],"is_beta":false,"boss_relics":[{"not_picked":["Cursed Key","Sozu"],"picked":"Orrery"}],"items_purged_floors":[],"is_endless":false,"potions_floor_spawned":[1,3,4,10,20,21],"killed_by":"Collector","ascension_level":0}