{"gold_per_floor":[111,186,110,110,123,158,171,182,205,205,230,230,245,264,264,341,341,352,352],"floor_reached":19,"playtime":834,"items_purged":[],"score":398,"play_id":"f9e913a1-d81e-4673-931b-c362888f90a3","local_time":"20190305103459","is_ascension_mode":true,"campfire_choices":[{"data":"Deadly Poison","floor":10,"key":"SMITH"},{"floor":12,"key":"REST"},{"data":"Poisoned Stab","floor":15,"key":"SMITH"}],"neow_cost":"NONE","seed_source_timestamp":1021491875221919,"circlet_count":0,"master_deck":["AscendersBane","Defend_G","Defend_G","Defend_G","Defend_G","Defend_G","Strike_G","Strike_G","Strike_G","Strike_G","Strike_G","Survivor","Neutralize","Terror","Deadly Poison+1","Poisoned Stab+1","Deflect","Deflect","Backstab","Burst","Tactician"],"relics":["Ring of the Snake","NeowsBlessing","Omamori","Pen Nib","Snake Skull","Tingsha","HoveringKite"],"potions_floor_usage":[11,11,16,19],"damage_taken":[{"damage":0,"enemies":"Small Slimes","floor":1,"turns":1},{"damage":0,"enemies":"Cultist","floor":5,"turns":1},{"damage":0,"enemies":"Lagavulin","floor":6,"turns":1},{"damage":4,"enemies":"Jaw Worm","floor":7,"turns":4},{"damage":9,"enemies":"Looter","floor":8,"turns":3},{"damage":31,"enemies":"3 Sentries","floor":11,"turns":9},{"damage":0,"enemies":"Blue Slaver","floor":13,"turns":3},{"damage":0,"enemies":"Red Slaver","floor":14,"turns":3},{"damage":15,"enemies":"Hexaghost","floor":16,"turns":9},{"damage":0,"enemies":"Spheric Guardian","floor":18,"turns":3},{"damage":54,"enemies":"Masked Bandits","floor":19,"turns":3}],"seed_played":"-4980224714402960157","potions_obtained":[{"floor":5,"key":"FearPotion"},{"floor":7,"key":"Poison Potion"},{"floor":11,"key":"Block Potion"},{"floor":16,"key":"Swift Potion"}],"is_trial":false,"path_per_floor":["M","?","$","?","M","E","M","M","T","R","E","R","M","M","R","B",null,"M","?"],"character_chosen":"THE_SILENT","items_purchased":["Terror"],"campfire_rested":1,"item_purchase_floors":[3],"current_hp_per_floor":[59,48,48,48,48,48,44,35,35,35,4,23,23,23,23,8,52,52,0],"gold":352,"neow_bonus":"THREE_ENEMY_KILL","is_prod":false,"is_daily":false,"chose_seed":false,"campfire_upgraded":2,"win_rate":0,"timestamp":1551778499,"path_taken":["M","?","$","?","M","E","M","M","T","R","E","R","M","?","R","BOSS","M","?"],"build_version":"2019-02-06","purchased_purges":0,"victory":false,"max_hp_per_floor":[66,66,66,66,66,66,66,66,66,66,66,66,66,66,66,66,66,66,66],"card_choices":[{"not_picked":["Quick Slash","Backflip"],"picked":"Well Laid Plans","floor":1},{"not_picked":["Bane","Tactician","Underhanded Strike"],"picked":"SKIP","floor":5},{"not_picked":["Endless Agony","Grand Finale"],"picked":"Deadly Poison","floor":6},{"not_picked":["All Out Attack","Outmaneuver"],"picked":"Poisoned Stab","floor":7},{"not_picked":["Outmaneuver","Masterful Stab"],"picked":"Deflect","floor":8},{"not_picked":["Phantasmal Killer","Reflex"],"picked":"Deflect","floor":11},{"not_picked":["Choke","Tactician"],"picked":"Backstab","floor":13},{"not_picked":["Heel Hook","Underhanded Strike","Flying Knee"],"picked":"SKIP","floor":14},{"not_picked":["Malaise","Wraith Form v2"],"picked":"Burst","floor":16},{"not_picked":["Bane","Heel Hook"],"picked":"Tactician","floor":18}],"player_experience":844606,"relics_obtained":[{"floor":6,"key":"Pen Nib"},{"floor":9,"key":"Snake Skull"},{"floor":11,"key":"Tingsha"}],"event_choices":[{"damage_healed":0,"gold_gain":75,"player_choice":"Gather Gold","damage_taken":11,"max_hp_gain":0,"max_hp_loss":0,"event_name":"World of Goop","floor":2,"gold_loss":0},{"cards_removed":["Well Laid Plans"],"damage_healed":0,"gold_gain":0,"player_choice":"Gave Card","damage_taken":0,"relics_obtained":["Omamori"],"max_hp_gain":0,"max_hp_loss":0,"event_name":"WeMeetAgain","floor":4,"gold_loss":0},{"damage_healed":0,"gold_gain":0,"player_choice":"Fought Bandits","damage_taken":0,"max_hp_gain":0,"max_hp_loss":0,"event_name":"Masked Bandits","floor":19,"gold_loss":0}],"is_beta":true,"boss_relics":[{"not_picked":["Empty Cage","Coffee Dripper"],"picked":"HoveringKite"}],"items_purged_floors":[],"is_endless":false,"potions_floor_spawned":[5,7,11,16],"killed_by":"Masked Bandits","ascension_level":19}