{"gold_per_floor":[12,30,30,40,40,66,83,99,178,178],"floor_reached":10,"playtime":715,"items_purged":[],"score":70,"play_id":"13ab64c8-2fda-4150-bb93-db11d3c7b7c4","local_time":"20190311100432","is_ascension_mode":false,"campfire_choices":[],"neow_cost":"NO_GOLD","seed_source_timestamp":4644794583104,"circlet_count":0,"master_deck":["Defend_G","Defend_G","Defend_G","Defend_G","Defend_G","Strike_G","Strike_G","Strike_G","Strike_G","Survivor","Neutralize","Poisoned Stab","Dagger Throw","Acrobatics","Dodge and Roll","Terror","Backflip"],"relics":["Ring of the Snake","Torii","Mummified Hand","Matryoshka"],"potions_floor_usage":[],"damage_taken":[{"damage":0,"enemies":"2 Louse","floor":1,"turns":5},{"damage":0,"enemies":"Small Slimes","floor":2,"turns":5},{"damage":1,"enemies":"Jaw Worm","floor":4,"turns":4},{"damage":42,"enemies":"Lagavulin","floor":6,"turns":11},{"damage":8,"enemies":"Large Slime","floor":7,"turns":6},{"damage":2,"enemies":"Exordium Wildlife","floor":8,"turns":5},{"damage":13,"enemies":"Gremlin Nob","floor":10,"turns":3}],"seed_played":"-4273354887533234258","potions_obtained":[{"floor":1,"key":"GamblersBrew"},{"floor":4,"key":"Regen Potion"},{"floor":8,"key":"Energy Potion"}],"is_trial":false,"path_per_floor":["M","M","?","M","$","E","M","M","T","E"],"character_chosen":"THE_SILENT","items_purchased":[],"campfire_rested":0,"item_purchase_floors":[],"current_hp_per_floor":[70,70,63,62,62,20,12,10,10,0],"gold":178,"neow_bonus":"ONE_RARE_RELIC","is_prod":false,"is_daily":false,"chose_seed":false,"campfire_upgraded":0,"win_rate":0,"timestamp":1552313072,"path_taken":["M","M","?","M","$","E","M","M","T","E"],"build_version":"2019-01-23","purchased_purges":0,"victory":false,"max_hp_per_floor":[70,70,70,70,70,70,70,70,70,70],"card_choices":[{"not_picked":["Dodge and Roll","Heel Hook"],"picked":"Poisoned Stab","floor":1},{"not_picked":["Deadly Poison","Bane"],"picked":"Dagger Throw","floor":2},{"not_picked":["Dagger Spray","Underhanded Strike"],"picked":"Acrobatics","floor":4},{"not_picked":["Skewer","Deadly Poison"],"picked":"Dodge and Roll","floor":6},{"not_picked":["Catalyst","Deflect"],"picked":"Terror","floor":7},{"not_picked":["Outmaneuver","Tactician"],"picked":"Backflip","floor":8}],"player_experience":80572,"relics_obtained":[{"floor":6,"key":"Mummified Hand"},{"floor":9,"key":"Matryoshka"}],"event_choices":[{"cards_removed":["Strike_G"],"damage_healed":0,"gold_gain":0,"player_choice":"Card Removal","damage_taken":7,"max_hp_gain":0,"max_hp_loss":0,"event_name":"Golden Wing","floor":3,"gold_loss":0}],"is_beta":false,"boss_relics":[],"items_purged_floors":[],"is_endless":false,"potions_floor_spawned":[1,4,8],"killed_by":"Gremlin Nob","ascension_level":0}