{"gold_per_floor":[119,131,141,155,230,230,245,265,290,290,300,313,323,334,334,438,438,452,462,480,480],"floor_reached":21,"playtime":2139,"items_purged":[],"score":179,"play_id":"f7965496-832c-4da2-8d70-a95673f9e4e3","local_time":"20190203015250","is_ascension_mode":false,"campfire_choices":[{"floor":6,"key":"REST"},{"floor":15,"key":"REST"}],"neow_cost":"NONE","seed_source_timestamp":807006760081535,"circlet_count":0,"master_deck":["Defend_G","Defend_G","Defend_G","Defend_G","Strike_G","Strike_G","Strike_G","Survivor","Neutralize","Reflex","Bane","Poisoned Stab","Acrobatics","Crippling Poison","Deflect","Sucker Punch","Blur","Terror","Backflip","Venomology","Infinite Blades+1","Distraction+1","Predator+1","Prepared","Dagger Spray+1","PiercingWail"],"relics":["Ring of the Snake","Odd Mushroom","Potion Belt","Astrolabe"],"potions_floor_usage":[8,12,16,18,19,19,20],"damage_taken":[{"damage":9,"enemies":"Cultist","floor":1,"turns":5},{"damage":0,"enemies":"Jaw Worm","floor":2,"turns":5},{"damage":0,"enemies":"Small Slimes","floor":3,"turns":3},{"damage":2,"enemies":"3 Louse","floor":4,"turns":4},{"damage":4,"enemies":"Blue Slaver","floor":7,"turns":3},{"damage":13,"enemies":"The Mushroom Lair","floor":8,"turns":5},{"damage":6,"enemies":"Lots of Slimes","floor":11,"turns":5},{"damage":2,"enemies":"Looter","floor":12,"turns":4},{"damage":4,"enemies":"Blue Slaver","floor":13,"turns":3},{"damage":4,"enemies":"Exordium Wildlife","floor":14,"turns":5},{"damage":50,"enemies":"The Guardian","floor":16,"turns":15},{"damage":5,"enemies":"Shell Parasite","floor":18,"turns":4},{"damage":29,"enemies":"Spheric Guardian","floor":19,"turns":6},{"damage":18,"enemies":"Snake Plant","floor":20,"turns":8},{"damage":23,"enemies":"Sentry and Sphere","floor":21,"turns":4}],"seed_played":"-6497326983542584904","potions_obtained":[{"floor":2,"key":"AttackPotion"},{"floor":4,"key":"FearPotion"},{"floor":7,"key":"Block Potion"},{"floor":12,"key":"Regen Potion"},{"floor":18,"key":"Energy Potion"},{"floor":20,"key":"Energy Potion"}],"is_trial":false,"path_per_floor":["M","M","M","M","?","R","M","?","T","?","M","M","M","M","R","B",null,"M","M","M","M"],"character_chosen":"THE_SILENT","items_purchased":[],"campfire_rested":2,"item_purchase_floors":[],"current_hp_per_floor":[61,61,61,59,48,69,65,52,52,52,46,44,40,36,57,22,70,65,36,18,0],"gold":480,"neow_bonus":"TRANSFORM_CARD","is_prod":false,"is_daily":false,"chose_seed":false,"campfire_upgraded":0,"win_rate":0.0,"timestamp":1549176770,"path_taken":["M","M","?","M","?","R","M","?","T","?","M","?","M","M","R","BOSS","M","M","M","M"],"build_version":"2019-01-23","purchased_purges":0,"victory":false,"max_hp_per_floor":[70,70,70,70,70,70,70,70,70,70,70,70,70,70,70,70,70,70,70,70,70],"card_choices":[{"not_picked":["Prepared","Blade Dance"],"picked":"Bane","floor":1},{"not_picked":["Footwork","Masterful Stab"],"picked":"Poisoned Stab","floor":2},{"not_picked":["Finisher","Bane"],"picked":"Acrobatics","floor":3},{"not_picked":["Acrobatics","Infinite Blades"],"picked":"Crippling Poison","floor":4},{"not_picked":["Sucker Punch","Flying Knee"],"picked":"Deflect","floor":7},{"not_picked":["Phantasmal Killer","Deflect"],"picked":"Sucker Punch","floor":8},{"not_picked":["Deflect","Sucker Punch"],"picked":"Blur","floor":11},{"not_picked":["Dodge and Roll","Escape Plan"],"picked":"Terror","floor":12},{"not_picked":["Skewer","Sucker Punch"],"picked":"Eviscerate","floor":13},{"not_picked":["Poisoned Stab","Choke"],"picked":"Backflip","floor":14},{"not_picked":["Glass Knife","Malaise"],"picked":"Venomology","floor":16},{"not_picked":["Poisoned Stab","Caltrops+1"],"picked":"Prepared","floor":18},{"not_picked":["Footwork","PiercingWail"],"picked":"Dagger Spray+1","floor":19},{"not_picked":["Sucker Punch","Dagger Spray"],"picked":"PiercingWail","floor":20}],"player_experience":15151,"relics_obtained":[{"floor":8,"key":"Odd Mushroom"},{"floor":9,"key":"Potion Belt"}],"event_choices":[{"damage_healed":0,"gold_gain":75,"player_choice":"Gather Gold","damage_taken":11,"max_hp_gain":0,"max_hp_loss":0,"event_name":"World of Goop","floor":5,"gold_loss":0},{"damage_healed":0,"gold_gain":0,"player_choice":"Fought Mushrooms","damage_taken":0,"max_hp_gain":0,"max_hp_loss":0,"event_name":"Mushrooms","floor":8,"gold_loss":0},{"damage_healed":0,"gold_gain":0,"player_choice":"Ignored","damage_taken":0,"max_hp_gain":0,"max_hp_loss":0,"event_name":"Golden Idol","floor":10,"gold_loss":0}],"is_beta":false,"boss_relics":[{"not_picked":["Ectoplasm","Coffee Dripper"],"picked":"Astrolabe"}],"items_purged_floors":[],"is_endless":false,"potions_floor_spawned":[2,4,7,12,18,20],"killed_by":"Sentry and Sphere","ascension_level":0}