{"gold_per_floor":[114,134,149,168,180,211,228,248,248,248,267,31,31,43,43,145,145,161,161,74,126,136,161,175,213,239,239,266,283,299,319,319,417,417,432,450,450,450,483,483],"floor_reached":40,"playtime":3345,"items_purged":[],"score":463,"play_id":"21d8476f-f338-4bb9-aa14-3ea918b97c5e","local_time":"20190312114249","is_ascension_mode":false,"campfire_choices":[{"floor":10,"key":"REST"},{"data":"Jack Of All Trades","floor":13,"key":"SMITH"},{"data":"Poisoned Stab","floor":15,"key":"SMITH"},{"floor":27,"key":"REST"},{"floor":32,"key":"REST"}],"neow_cost":"NONE","seed_source_timestamp":19635765045907,"circlet_count":0,"master_deck":["Defend_G","Defend_G","Defend_G","Defend_G","Defend_G+1","Strike_G","Strike_G","Strike_G","Strike_G","Survivor","Neutralize","Backflip","All Out Attack","Deadly Poison","Cloak And Dagger+1","Dagger Spray","Prepared","Backstab","Bane","Poisoned Stab+1","Jack Of All Trades+1","Quick Slash","After Image","Distraction","Riddle With Holes","Dodge and Roll","Bane","Flying Knee","Deadly Poison","Backflip","Tools of the Trade","Terror","Dodge and Roll+1","Madness","Madness","Madness","Outmaneuver+1"],"relics":["Ring of the Snake","NeowsBlessing","Pantograph","Mercury Hourglass","War Paint","Busted Crown","Dream Catcher","Nunchaku","Bag of Preparation","Anchor","Fusion Hammer"],"potions_floor_usage":[6,6,23,24,36,40],"damage_taken":[{"damage":0,"enemies":"Cultist","floor":1,"turns":1},{"damage":0,"enemies":"Jaw Worm","floor":2,"turns":1},{"damage":0,"enemies":"2 Louse","floor":3,"turns":1},{"damage":7,"enemies":"Blue Slaver","floor":4,"turns":3},{"damage":6,"enemies":"Gremlin Gang","floor":5,"turns":4},{"damage":25,"enemies":"Gremlin Nob","floor":6,"turns":5},{"damage":4,"enemies":"Exordium Thugs","floor":7,"turns":5},{"damage":0,"enemies":"2 Fungi Beasts","floor":8,"turns":2},{"damage":0,"enemies":"Looter","floor":11,"turns":3},{"damage":2,"enemies":"Exordium Thugs","floor":14,"turns":3},{"damage":54,"enemies":"The Guardian","floor":16,"turns":12},{"damage":13,"enemies":"Spheric Guardian","floor":18,"turns":4},{"damage":0,"enemies":"3 Byrds","floor":22,"turns":4},{"damage":20,"enemies":"Book of Stabbing","floor":23,"turns":5},{"damage":0,"enemies":"Snecko","floor":24,"turns":2},{"damage":12,"enemies":"Shelled Parasite and Fungi","floor":25,"turns":5},{"damage":20,"enemies":"Gremlin Leader","floor":28,"turns":5},{"damage":0,"enemies":"Cultist and Chosen","floor":29,"turns":5},{"damage":10,"enemies":"Snake Plant","floor":30,"turns":5},{"damage":0,"enemies":"Centurion and Healer","floor":31,"turns":5},{"damage":31,"enemies":"Champ","floor":33,"turns":15},{"damage":3,"enemies":"3 Shapes","floor":35,"turns":4},{"damage":0,"enemies":"3 Darklings","floor":36,"turns":5},{"damage":3,"enemies":"Jaw Worm Horde","floor":39,"turns":4},{"damage":57,"enemies":"Reptomancer","floor":40,"turns":3}],"seed_played":"35292762295166001","potions_obtained":[{"floor":2,"key":"GhostInAJar"},{"floor":3,"key":"AttackPotion"},{"floor":8,"key":"Strength Potion"},{"floor":16,"key":"SteroidPotion"},{"floor":23,"key":"Strength Potion"},{"floor":28,"key":"LiquidBronze"},{"floor":30,"key":"Fire Potion"},{"floor":36,"key":"PowerPotion"}],"is_trial":false,"path_per_floor":["M","M","M","M","M","E","M","M","T","R","M","$","R","M","R","B",null,"M","?","$","T","M","E","M","M","T","R","E","M","M","M","R","B",null,"M","M","?","?","M","E"],"character_chosen":"THE_SILENT","items_purchased":["Jack Of All Trades","War Paint","Distraction","Fire Potion"],"campfire_rested":3,"item_purchase_floors":[12,12,20,20],"current_hp_per_floor":[70,70,70,63,57,32,28,28,28,49,49,49,49,47,47,16,70,57,57,57,57,57,37,37,25,25,46,26,26,16,16,37,31,70,67,67,58,58,55,0],"gold":483,"neow_bonus":"THREE_ENEMY_KILL","is_prod":false,"is_daily":false,"chose_seed":false,"campfire_upgraded":2,"win_rate":0,"timestamp":1552405369,"path_taken":["M","?","M","M","M","E","M","M","T","R","M","$","R","M","R","BOSS","M","?","$","?","M","E","M","M","T","R","E","M","M","M","R","BOSS","M","?","?","?","M","E"],"build_version":"2019-01-23","purchased_purges":0,"victory":false,"max_hp_per_floor":[70,70,70,70,70,70,70,70,70,70,70,70,70,70,70,70,70,70,70,70,70,70,70,70,70,70,70,70,70,70,70,70,70,70,70,70,70,70,70,70],"card_choices":[{"not_picked":["Sucker Punch","Slice"],"picked":"Backflip","floor":1},{"not_picked":["Accuracy","Acrobatics"],"picked":"All Out Attack","floor":2},{"not_picked":["PiercingWail","Acrobatics"],"picked":"Deadly Poison","floor":3},{"not_picked":["Finisher","Underhanded Strike"],"picked":"Cloak And Dagger","floor":4},{"not_picked":["Slice","Endless Agony"],"picked":"Dagger Spray","floor":5},{"not_picked":["PiercingWail","Doppelganger"],"picked":"Prepared","floor":6},{"not_picked":["Deflect","Outmaneuver"],"picked":"Backstab","floor":7},{"not_picked":["Flying Knee","Deflect"],"picked":"Bane","floor":8},{"not_picked":["Expertise","Finisher"],"picked":"Poisoned Stab","floor":11},{"not_picked":["Outmaneuver","Concentrate"],"picked":"Quick Slash","floor":14},{"not_picked":["Burst","Corpse Explosion"],"picked":"After Image","floor":16},{"not_picked":["Heel Hook"],"picked":"SKIP","floor":18},{"not_picked":["Eviscerate+1"],"picked":"SKIP","floor":22},{"not_picked":[],"picked":"Riddle With Holes","floor":23},{"not_picked":[],"picked":"Dodge and Roll","floor":24},{"not_picked":[],"picked":"Bane","floor":25},{"not_picked":[],"picked":"Flying Knee","floor":28},{"not_picked":["Deflect"],"picked":"SKIP","floor":29},{"not_picked":[],"picked":"Deadly Poison","floor":30},{"not_picked":["Outmaneuver"],"picked":"SKIP","floor":31},{"not_picked":[],"picked":"Backflip","floor":32},{"not_picked":[],"picked":"Tools of the Trade","floor":33},{"not_picked":[],"picked":"Terror","floor":35},{"not_picked":[],"picked":"Dodge and Roll+1","floor":36},{"not_picked":[],"picked":"Outmaneuver+1","floor":39}],"player_experience":84799,"relics_obtained":[{"floor":6,"key":"Pantograph"},{"floor":9,"key":"Mercury Hourglass"},{"floor":21,"key":"Dream Catcher"},{"floor":23,"key":"Nunchaku"},{"floor":26,"key":"Bag of Preparation"},{"floor":28,"key":"Anchor"}],"event_choices":[{"cards_removed":["Strike_G"],"damage_healed":0,"gold_gain":0,"player_choice":"Offered Basic","damage_taken":0,"max_hp_gain":0,"max_hp_loss":0,"event_name":"Bonfire Elementals","floor":19,"gold_loss":0},{"damage_healed":0,"gold_gain":0,"player_choice":"Embrace Madness","damage_taken":9,"max_hp_gain":0,"max_hp_loss":0,"event_name":"Winding Halls","floor":37,"gold_loss":0,"cards_obtained":["Madness","Madness"]},{"damage_healed":0,"gold_gain":0,"player_choice":"Copied","damage_taken":0,"max_hp_gain":0,"max_hp_loss":0,"event_name":"Duplicator","floor":38,"gold_loss":0,"cards_obtained":["Madness"]}],"is_beta":false,"boss_relics":[{"not_picked":["Tiny House","Velvet Choker"],"picked":"Busted Crown"},{"not_picked":["White Beast Statue","Orrery"],"picked":"Fusion Hammer"}],"items_purged_floors":[],"is_endless":false,"potions_floor_spawned":[2,3,8,16,23,28,29,30,33,35,36],"killed_by":"Reptomancer","ascension_level":0}