{"gold_per_floor":[113,126,126,141,152,184,184,209,257,270,235,254,254,264,264,368,368,388,399,411,85,105,105,105,105],"floor_reached":25,"playtime":1720,"items_purged":[],"score":242,"play_id":"e1452730-e57a-457f-979e-c8e2569cf551","local_time":"20190207002052","is_ascension_mode":false,"campfire_choices":[{"data":"Terror","floor":13.0,"key":"SMITH"},{"data":"Backflip","floor":15.0,"key":"SMITH"},{"floor":23,"key":"REST"}],"neow_cost":"NONE","seed_source_timestamp":0,"circlet_count":0,"master_deck":["Defend_G","Defend_G","Defend_G","Defend_G","Defend_G","Strike_G","Strike_G","Strike_G","Strike_G","Strike_G","Survivor","Neutralize","Unload","Dash","Dagger Spray","Backflip+1","Dagger Throw","Dagger Throw","Terror+1","Dodge and Roll","Deflect","All Out Attack","Burst","Pain","Clumsy","Decay","Endless Agony+1","Noxious Fumes+1","Cloak And Dagger+1","Backstab","Jack Of All Trades","Accuracy"],"special_seed":0,"relics":["Ring of the Snake","Matryoshka","Darkstone Periapt","Ancient Tea Set","Happy Flower","Calling Bell","Lantern","Ornamental Fan","Torii","Snake Skull"],"potions_floor_usage":[],"damage_taken":[{"damage":1.0,"enemies":"2 Louse","floor":1.0,"turns":2.0},{"damage":0.0,"enemies":"Small Slimes","floor":2.0,"turns":4.0},{"damage":0.0,"enemies":"Cultist","floor":4.0,"turns":3.0},{"damage":4.0,"enemies":"Blue Slaver","floor":5.0,"turns":4.0},{"damage":27.0,"enemies":"Gremlin Nob","floor":6.0,"turns":4.0},{"damage":5.0,"enemies":"3 Sentries","floor":8.0,"turns":10.0},{"damage":8.0,"enemies":"Exordium Wildlife","floor":10.0,"turns":2.0},{"damage":0.0,"enemies":"Large Slime","floor":12.0,"turns":5.0},{"damage":0.0,"enemies":"3 Louse","floor":14.0,"turns":2.0},{"damage":25.0,"enemies":"Slime Boss","floor":16.0,"turns":11.0},{"damage":10.0,"enemies":"2 Thieves","floor":18.0,"turns":4.0},{"damage":16.0,"enemies":"Chosen","floor":19.0,"turns":7.0},{"damage":32.0,"enemies":"Snake Plant","floor":20.0,"turns":5.0},{"damage":24.0,"enemies":"Centurion and Healer","floor":22.0,"turns":7.0},{"damage":35,"enemies":"Cultist and Chosen","floor":25,"turns":6}],"seed_played":"6018430401688424277","potions_obtained":[{"floor":6.0,"key":"EssenceOfSteel"},{"floor":8.0,"key":"Explosive Potion"},{"floor":10.0,"key":"EssenceOfSteel"}],"is_trial":false,"path_per_floor":["M","M","?","M","M","E","?","E","T","M","?","M","R","M","R","B",null,"M","M","M","$","M","R","?","M"],"character_chosen":"THE_SILENT","items_purchased":["Snake Skull","Backstab","Jack Of All Trades"],"campfire_rested":1,"item_purchase_floors":[21,21,21],"current_hp_per_floor":[69,69,69,69,65,38,61,56,56,48,65,65,65,65,65,40,88,78,62,30,30,6,32,32,0],"gold":105,"neow_bonus":"ONE_RANDOM_RARE_CARD","is_prod":false,"is_daily":false,"chose_seed":false,"campfire_upgraded":2,"win_rate":0.0,"timestamp":1549516852,"path_taken":["M","M","?","M","M","E","?","E","T","M","?","M","R","M","R","BOSS","M","M","M","$","M","R","?","M"],"build_version":"2019-01-23","purchased_purges":0,"victory":false,"max_hp_per_floor":[70,70,70,70,70,70,70,70,70,70,70,70,70,70,70,70,88,88,88,88,88,88,88,88,88],"card_choices":[{"not_picked":["Dodge and Roll","Slice"],"picked":"Dash","floor":1.0},{"not_picked":["Reflex","Flying Knee"],"picked":"Dagger Spray","floor":2.0},{"not_picked":["Outmaneuver","Heel Hook"],"picked":"Backflip","floor":4.0},{"not_picked":["Dagger Spray","PiercingWail"],"picked":"Dagger Throw","floor":5.0},{"not_picked":["Bouncing Flask","Masterful Stab"],"picked":"Dagger Throw","floor":6.0},{"not_picked":["Sucker Punch","Envenom"],"picked":"Terror","floor":8.0},{"not_picked":["Poisoned Stab","Outmaneuver"],"picked":"Dodge and Roll","floor":10.0},{"not_picked":["Terror","Caltrops"],"picked":"Deflect","floor":12.0},{"not_picked":["Acrobatics","Outmaneuver"],"picked":"All Out Attack","floor":14.0},{"not_picked":["Corpse Explosion","Venomology"],"picked":"Burst","floor":16.0},{"not_picked":["Deadly Poison","Flying Knee+1"],"picked":"Endless Agony+1","floor":18.0},{"not_picked":["Underhanded Strike","Blade Dance+1"],"picked":"Noxious Fumes+1","floor":19.0},{"not_picked":["Expertise+1","Distraction"],"picked":"Cloak And Dagger+1","floor":20.0},{"not_picked":["Quick Slash","Flechettes"],"picked":"Accuracy","floor":22}],"player_experience":55621,"relics_obtained":[{"floor":6.0,"key":"Matryoshka"},{"floor":8.0,"key":"Darkstone Periapt"},{"floor":9.0,"key":"Ancient Tea Set"},{"floor":9.0,"key":"Happy Flower"},{"floor":17.0,"key":"Lantern"},{"floor":17.0,"key":"Ornamental Fan"},{"floor":17.0,"key":"Torii"}],"event_choices":[{"damage_healed":0.0,"max_hp_gain":0.0,"max_hp_loss":0.0,"gold_gain":0.0,"event_name":"Liars Game","player_choice":"Ignored","floor":3.0,"gold_loss":0.0,"damage_taken":0.0},{"damage_healed":23.0,"max_hp_gain":0.0,"max_hp_loss":0.0,"gold_gain":0.0,"event_name":"Big Fish","player_choice":"Banana","floor":7.0,"gold_loss":0.0,"damage_taken":0.0},{"damage_healed":17.0,"max_hp_gain":0.0,"max_hp_loss":0.0,"gold_gain":0.0,"event_name":"The Cleric","player_choice":"Healed","floor":11.0,"gold_loss":35.0,"damage_taken":0.0},{"damage_healed":0,"gold_gain":0,"player_choice":"Ignored","damage_taken":0,"max_hp_gain":0,"max_hp_loss":0,"event_name":"Ghosts","floor":24,"gold_loss":0}],"is_beta":false,"boss_relics":[{"not_picked":["Coffee Dripper","Astrolabe"],"picked":"Calling Bell"}],"items_purged_floors":[],"is_endless":false,"potions_floor_spawned":[6,8,10],"killed_by":"Cultist and Chosen","ascension_level":0}