{"gold_per_floor":[161,49,99,113,124,158,174,174,197,207,207,236,248,275,287,370,382,406,429,452,389,420,432,444],"floor_reached":24,"playtime":1910,"items_purged":["Strike_B"],"score":378,"play_id":"051ad2e2-b229-4591-8ca7-5db5892e2789","local_time":"20190306222938","is_ascension_mode":true,"campfire_choices":[{"floor":8,"key":"REST"},{"data":"White Noise","floor":11,"key":"SMITH"},{"data":"Zap","floor":15,"key":"SMITH"},{"data":"Redo","floor":23,"key":"SMITH"}],"neow_cost":"NONE","seed_source_timestamp":1149690661271900,"circlet_count":0,"master_deck":["AscendersBane","Strike_B","Strike_B","Strike_B+1","Defend_B+1","Defend_B","Defend_B","Zap+1","Dualcast","White Noise+1","Doom and Gloom","Skim","Genetic Algorithm","Go for the Eyes","Machine Learning","Ball Lightning+1","Coolheaded","FTL","Redo+1","Hologram","Chill","Core Surge"],"relics":["Tiny House","Blood Vial","Whetstone","MawBank","White Beast Statue"],"potions_floor_usage":[7,7,7,16,16,19,20,24,24],"damage_taken":[{"damage":10,"enemies":"Small Slimes","floor":1,"turns":3},{"damage":0,"enemies":"Cultist","floor":4,"turns":4},{"damage":5,"enemies":"Jaw Worm","floor":5,"turns":4},{"damage":30,"enemies":"Gremlin Nob","floor":6,"turns":5},{"damage":4,"enemies":"Lots of Slimes","floor":7,"turns":4},{"damage":5,"enemies":"Blue Slaver","floor":10,"turns":4},{"damage":31,"enemies":"3 Sentries","floor":12,"turns":5},{"damage":17,"enemies":"3 Louse","floor":14,"turns":3},{"damage":39,"enemies":"Hexaghost","floor":16,"turns":10},{"damage":11,"enemies":"Spheric Guardian","floor":18,"turns":4},{"damage":1,"enemies":"Chosen","floor":19,"turns":4},{"damage":35,"enemies":"Shelled Parasite and Fungi","floor":20,"turns":6},{"damage":13,"enemies":"Sentry and Sphere","floor":22,"turns":5},{"damage":46,"enemies":"Book of Stabbing","floor":24,"turns":5}],"seed_played":"3564302992985983863","potions_obtained":[{"floor":0,"key":"EntropicBrew"},{"floor":4,"key":"Energy Potion"},{"floor":12,"key":"SkillPotion"},{"floor":18,"key":"SkillPotion"},{"floor":19,"key":"Regen Potion"},{"floor":20,"key":"Strength Potion"},{"floor":22,"key":"Regen Potion"}],"is_trial":false,"path_per_floor":["M","$","?","M","M","E","M","R","T","M","R","E","?","M","R","B",null,"M","M","M","?","M","R","E"],"character_chosen":"DEFECT","items_purchased":["Skim"],"campfire_rested":1,"item_purchase_floors":[2],"current_hp_per_floor":[59,59,59,59,54,24,22,44,44,41,41,12,76,59,59,22,63,54,55,36,36,25,25,0],"gold":444,"neow_bonus":"BOSS_RELIC","is_prod":false,"is_daily":false,"chose_seed":false,"campfire_upgraded":3,"win_rate":0,"timestamp":1551907778,"path_taken":["M","$","?","?","M","E","M","R","T","M","R","E","?","?","R","BOSS","M","M","M","?","M","R","E"],"build_version":"2019-02-06","purchased_purges":1,"victory":false,"max_hp_per_floor":[76,76,76,76,76,76,76,76,76,76,76,76,76,76,76,76,76,76,76,76,76,76,76,76],"card_choices":[{"not_picked":["Cold Snap","Coolheaded"],"picked":"White Noise","floor":0},{"not_picked":["Streamline","Loop"],"picked":"Doom and Gloom","floor":1},{"not_picked":["Compile Driver","Rebound"],"picked":"Genetic Algorithm","floor":4},{"not_picked":["Ball Lightning","Consume"],"picked":"Go for the Eyes","floor":5},{"not_picked":["Cold Snap","Compile Driver"],"picked":"Machine Learning","floor":6},{"not_picked":["Turbo","Sweeping Beam"],"picked":"Ball Lightning","floor":7},{"not_picked":["Stack","Sweeping Beam"],"picked":"Coolheaded","floor":10},{"not_picked":["Beam Cell","Sunder"],"picked":"Capacitor","floor":12},{"not_picked":["Static Discharge","Melter"],"picked":"FTL","floor":14},{"not_picked":["Go for the Eyes","Conserve Battery+1"],"picked":"Redo","floor":18},{"not_picked":["Leap","Sweeping Beam+1"],"picked":"Hologram","floor":19},{"not_picked":["Streamline","Leap"],"picked":"Chill","floor":20},{"not_picked":["Steam","Gash"],"picked":"Core Surge","floor":22}],"player_experience":879470,"relics_obtained":[{"floor":6,"key":"Blood Vial"},{"floor":9,"key":"Whetstone"},{"floor":12,"key":"MawBank"}],"event_choices":[{"damage_healed":0,"gold_gain":50,"player_choice":"Pray","damage_taken":0,"max_hp_gain":0,"max_hp_loss":0,"event_name":"Golden Shrine","floor":3,"gold_loss":0},{"cards_removed":["Capacitor"],"damage_healed":64,"gold_gain":0,"player_choice":"Offered Uncommon","damage_taken":0,"max_hp_gain":0,"max_hp_loss":0,"event_name":"Bonfire Elementals","floor":13,"gold_loss":0},{"cards_removed":["Defend_B"],"damage_healed":0,"gold_gain":0,"player_choice":"Gave Gold","damage_taken":0,"max_hp_gain":0,"max_hp_loss":0,"event_name":"Beggar","floor":21,"gold_loss":75}],"is_beta":true,"boss_relics":[{"not_picked":["Lizard Tail","Black Star"],"picked":"White Beast Statue"}],"items_purged_floors":[2],"is_endless":false,"potions_floor_spawned":[4,5,12,18,19,20,22],"killed_by":"Book of Stabbing","ascension_level":16}