{"gold_per_floor":[114,134,134,209,229,254,6,6,33,67,79,79,79,91,91,164,164,184,184,184,109,109,140,140],"floor_reached":24,"playtime":869,"items_purged":["Strike_B"],"score":490,"play_id":"04e4200b-7c68-46b9-a8a4-b906bb5ac97e","local_time":"20190307150313","is_ascension_mode":true,"campfire_choices":[{"floor":8,"key":"REST"},{"data":"Hologram","floor":13,"key":"SMITH"},{"floor":15,"key":"REST"}],"neow_cost":"NONE","seed_source_timestamp":1210357445296496,"circlet_count":0,"master_deck":["AscendersBane","Strike_B+1","Defend_B","Defend_B","Defend_B","Defend_B","Zap+1","Dualcast","Skim","Gash","Gash","Skim","All For One+1","Hologram","Hologram+1","Go for the Eyes","Echo Form","FTL","RitualDagger"],"relics":["Cracked Core","NeowsBlessing","Oddly Smooth Stone","Bag of Preparation","Whetstone","Cursed Key","Boot"],"potions_floor_usage":[10,11,16,24],"damage_taken":[{"damage":0,"enemies":"Cultist","floor":1,"turns":1},{"damage":0,"enemies":"Small Slimes","floor":2,"turns":1},{"damage":0,"enemies":"2 Louse","floor":5,"turns":1},{"damage":30,"enemies":"Lagavulin","floor":6,"turns":7},{"damage":12,"enemies":"Gremlin Nob","floor":10,"turns":3},{"damage":0,"enemies":"2 Fungi Beasts","floor":11,"turns":1},{"damage":1,"enemies":"Blue Slaver","floor":14,"turns":2},{"damage":0,"enemies":"Slime Boss","floor":16,"turns":4},{"damage":10,"enemies":"2 Thieves","floor":18,"turns":3},{"damage":37,"enemies":"Gremlin Leader","floor":23,"turns":5},{"damage":14,"enemies":"Spheric Guardian","floor":24,"turns":3}],"seed_played":"6997406406758459373","potions_obtained":[{"floor":2,"key":"Explosive Potion"},{"floor":6,"key":"FearPotion"},{"floor":10,"key":"AttackPotion"},{"floor":11,"key":"Swift Potion"}],"is_trial":false,"path_per_floor":["M","M","?","?","M","E","$","R","T","E","M","?","R","M","R","B",null,"M","?","?","?","?","E","M"],"character_chosen":"DEFECT","items_purchased":["All For One"],"campfire_rested":2,"item_purchase_floors":[7],"current_hp_per_floor":[64,64,64,53,53,23,23,44,44,32,32,25,25,24,45,45,65,55,55,55,55,49,12,0],"gold":140,"neow_bonus":"THREE_ENEMY_KILL","is_prod":false,"is_daily":false,"chose_seed":false,"campfire_upgraded":1,"win_rate":0,"timestamp":1551967393,"path_taken":["M","?","?","?","M","E","$","R","T","E","M","?","R","M","R","BOSS","M","?","?","?","?","E","M"],"build_version":"2019-02-06","purchased_purges":1,"victory":false,"max_hp_per_floor":[71,71,71,71,71,71,71,71,71,71,71,71,71,71,71,71,71,71,71,71,71,71,71,71],"card_choices":[{"not_picked":["Go for the Eyes","Leap"],"picked":"Skim","floor":1},{"not_picked":["Blizzard","Chill"],"picked":"Gash","floor":2},{"not_picked":["Fusion","Compile Driver"],"picked":"Gash","floor":5},{"not_picked":["Redo","Undo"],"picked":"Skim","floor":6},{"not_picked":["Tempest","Sunder"],"picked":"Hologram","floor":10},{"not_picked":["Sweeping Beam","Streamline"],"picked":"Hologram","floor":11},{"not_picked":["Hologram","Cold Snap"],"picked":"Go for the Eyes","floor":14},{"not_picked":["Core Surge","Amplify"],"picked":"Echo Form","floor":16},{"not_picked":["Darkness","Go for the Eyes"],"picked":"FTL","floor":18},{"not_picked":["Lockon","Cold Snap","Leap"],"picked":"SKIP","floor":23}],"player_experience":897287,"relics_obtained":[{"floor":6,"key":"Oddly Smooth Stone"},{"floor":9,"key":"Bag of Preparation"},{"floor":10,"key":"Whetstone"},{"floor":23,"key":"Boot"}],"event_choices":[{"damage_healed":0,"gold_gain":0,"player_choice":"Grow","damage_taken":0,"max_hp_gain":0,"max_hp_loss":0,"event_name":"Living Wall","floor":3,"gold_loss":0,"cards_upgraded":["Zap"]},{"damage_healed":0,"gold_gain":75,"player_choice":"Gather Gold","damage_taken":11,"max_hp_gain":0,"max_hp_loss":0,"event_name":"World of Goop","floor":4,"gold_loss":0},{"cards_removed":["Strike_B"],"damage_healed":0,"gold_gain":0,"player_choice":"Card Removal","damage_taken":7,"max_hp_gain":0,"max_hp_loss":0,"event_name":"Golden Wing","floor":12,"gold_loss":0},{"damage_healed":0,"gold_gain":0,"player_choice":"Ignored","damage_taken":0,"max_hp_gain":0,"max_hp_loss":0,"event_name":"Cursed Tome","floor":19,"gold_loss":0},{"damage_healed":0,"gold_gain":0,"player_choice":"Ignored","damage_taken":0,"max_hp_gain":0,"max_hp_loss":0,"event_name":"Ghosts","floor":20,"gold_loss":0},{"cards_removed":["Strike_B"],"damage_healed":0,"gold_gain":0,"player_choice":"Gave Gold","damage_taken":0,"max_hp_gain":0,"max_hp_loss":0,"event_name":"Beggar","floor":21,"gold_loss":75},{"damage_healed":0,"gold_gain":0,"player_choice":"Joined the Cult","damage_taken":6,"max_hp_gain":0,"max_hp_loss":0,"event_name":"Nest","floor":22,"gold_loss":0,"cards_obtained":["RitualDagger"]}],"is_beta":true,"boss_relics":[{"not_picked":["Sozu","White Beast Statue"],"picked":"Cursed Key"}],"items_purged_floors":[7],"is_endless":false,"potions_floor_spawned":[2,6,10,11],"killed_by":"Spheric Guardian","ascension_level":16}