{"gold_per_floor":[112,132,147,159,184,184,184,201,225,225,225,255,255],"floor_reached":13,"playtime":569,"items_purged":[],"score":166,"play_id":"e1adf87f-0eaa-43eb-a6fc-3010c5afe011","local_time":"20190214224424","is_ascension_mode":true,"campfire_choices":[{"floor":6,"key":"REST"},{"data":"Evolve","floor":11,"key":"SMITH"}],"neow_cost":"TEN_PERCENT_HP_LOSS","seed_source_timestamp":136859692520533,"circlet_count":0,"master_deck":["AscendersBane","Strike_R","Strike_R","Strike_R","Strike_R","Defend_R","Defend_R","Defend_R","Bash","Headbutt","Sever Soul","Evolve+1","Burning Pact","Cleave"],"relics":["Burning Blood","Oddly Smooth Stone","Juzu Bracelet","Pen Nib"],"potions_floor_usage":[4,12],"damage_taken":[{"damage":1,"enemies":"Cultist","floor":1,"turns":3},{"damage":7,"enemies":"Small Slimes","floor":2,"turns":3},{"damage":7,"enemies":"Jaw Worm","floor":3,"turns":3},{"damage":47,"enemies":"Exordium Thugs","floor":4,"turns":6},{"damage":6,"enemies":"Large Slime","floor":8,"turns":6},{"damage":40,"enemies":"Lagavulin","floor":12,"turns":6},{"damage":14,"enemies":"Blue Slaver","floor":13,"turns":2}],"seed_played":"-8003793697812479538","potions_obtained":[{"floor":1,"key":"Explosive Potion"},{"floor":4,"key":"FearPotion"}],"is_trial":false,"path_per_floor":["M","M","M","M","T","R","$","M","T","$","R","E","M"],"character_chosen":"IRONCLAD","items_purchased":[],"campfire_rested":1,"item_purchase_floors":[],"current_hp_per_floor":[68,67,66,25,25,45,45,45,45,45,45,11,0],"gold":255,"neow_bonus":"TRANSFORM_TWO_CARDS","is_prod":false,"is_daily":false,"chose_seed":false,"campfire_upgraded":1,"win_rate":0,"timestamp":1550180664,"path_taken":["M","M","M","M","?","R","$","M","T","?","R","E","M"],"build_version":"2019-02-06","purchased_purges":0,"victory":false,"max_hp_per_floor":[68,68,68,68,68,68,68,68,68,68,68,68,68],"card_choices":[{"not_picked":["Metallicize","Sever Soul"],"picked":"Evolve","floor":1},{"not_picked":["Shockwave","Anger"],"picked":"Burning Pact","floor":2},{"not_picked":["Havoc","Clothesline","Hemokinesis"],"picked":"SKIP","floor":3},{"not_picked":["Headbutt","Twin Strike"],"picked":"Cleave","floor":4},{"not_picked":["Headbutt","Reckless Charge","Sword Boomerang"],"picked":"SKIP","floor":8},{"not_picked":["Blood for Blood","Disarm","Evolve"],"picked":"SKIP","floor":12}],"player_experience":766239,"relics_obtained":[{"floor":5,"key":"Oddly Smooth Stone"},{"floor":9,"key":"Juzu Bracelet"},{"floor":12,"key":"Pen Nib"}],"event_choices":[],"is_beta":true,"boss_relics":[],"items_purged_floors":[],"is_endless":false,"potions_floor_spawned":[1,4],"killed_by":"Blue Slaver","ascension_level":19}