{"gold_per_floor":[116,7,7,20,30,30,63,81,81,29,29,29,29,45,45,45],"floor_reached":16,"playtime":2693,"items_purged":["Strike_R"],"score":105,"play_id":"98721a68-eebc-4d89-85eb-ee7d2a500ed6","local_time":"20190309150148","is_ascension_mode":true,"campfire_choices":[{"data":"Uppercut","floor":6,"key":"SMITH"},{"data":"Body Slam","floor":11,"key":"SMITH"},{"data":"Pommel Strike","floor":13,"key":"SMITH"},{"data":"Whirlwind","floor":15,"key":"SMITH"}],"neow_cost":"NONE","seed_source_timestamp":608035061008278,"circlet_count":0,"master_deck":["Strike_R","Strike_R","Strike_R","Strike_R","Defend_R","Defend_R","Defend_R","Defend_R","Bash","Headbutt","Uppercut+1","Pommel Strike+1","Body Slam+1","Whirlwind+1"],"relics":["Burning Blood","NeowsBlessing","Ornamental Fan","Singing Bowl"],"potions_floor_usage":[7,14,16],"damage_taken":[{"damage":0,"enemies":"2 Louse","floor":1,"turns":1},{"damage":0,"enemies":"Cultist","floor":4,"turns":1},{"damage":0,"enemies":"Jaw Worm","floor":5,"turns":1},{"damage":25,"enemies":"Lagavulin","floor":7,"turns":7},{"damage":9,"enemies":"Large Slime","floor":8,"turns":6},{"damage":0,"enemies":"Blue Slaver","floor":14,"turns":2},{"damage":66,"enemies":"Slime Boss","floor":16,"turns":13}],"seed_played":"6331217746422011170","potions_obtained":[{"floor":4,"key":"Poison Potion"},{"floor":14,"key":"SpeedPotion"}],"is_trial":false,"path_per_floor":["M","$","?","M","M","R","E","M","T","$","R","$","R","M","R","B"],"character_chosen":"IRONCLAD","items_purchased":["Uppercut","Dexterity Potion"],"campfire_rested":0,"item_purchase_floors":[2,10],"current_hp_per_floor":[80,80,80,80,80,80,61,58,58,58,58,58,58,64,64,0],"gold":45,"neow_bonus":"THREE_ENEMY_KILL","is_prod":false,"is_daily":false,"chose_seed":false,"campfire_upgraded":4,"win_rate":0,"timestamp":1552161708,"path_taken":["M","$","?","M","?","R","E","?","T","$","R","$","R","M","R","BOSS"],"build_version":"2019-01-23","purchased_purges":1,"victory":false,"max_hp_per_floor":[80,80,80,80,80,80,80,80,80,80,80,80,80,80,80,80],"card_choices":[{"not_picked":["Armaments","Bloodletting"],"picked":"Headbutt","floor":1},{"not_picked":["Clash","Perfected Strike","Flex"],"picked":"SKIP","floor":4},{"not_picked":["Sentinel","Cleave"],"picked":"Pommel Strike","floor":5},{"not_picked":["Warcry","Perfected Strike"],"picked":"Body Slam","floor":7},{"not_picked":["Warcry","Reckless Charge","Second Wind"],"picked":"SKIP","floor":8},{"not_picked":["Warcry","Reckless Charge","Second Wind"],"picked":"SKIP","floor":8},{"not_picked":["Wild Strike","True Grit"],"picked":"Whirlwind","floor":14}],"player_experience":284126,"relics_obtained":[{"floor":7,"key":"Ornamental Fan"},{"floor":9,"key":"Singing Bowl"}],"event_choices":[{"damage_healed":0,"gold_gain":0,"player_choice":"0 cards matched","damage_taken":0,"max_hp_gain":0,"max_hp_loss":0,"event_name":"Match and Keep!","floor":3,"gold_loss":0,"cards_obtained":[]}],"is_beta":false,"boss_relics":[],"items_purged_floors":[2],"is_endless":false,"potions_floor_spawned":[4,14],"killed_by":"Slime Boss","ascension_level":1}