{"gold_per_floor":[111,111,130,130,130,130,159,172,199,90,100,118,147,158,158,229,229,246,258,37,56,56,56,56],"floor_reached":24,"playtime":2336,"items_purged":["Strike_B","Strike_B"],"score":408,"play_id":"f09992e1-f42d-4c37-b9dd-20415e79d8e3","local_time":"20190305204730","is_ascension_mode":true,"campfire_choices":[{"data":"Zap","floor":6,"key":"SMITH"},{"floor":15,"key":"REST"},{"data":"Fusion","floor":23,"key":"SMITH"}],"neow_cost":"NONE","seed_source_timestamp":1056739267305471,"circlet_count":0,"master_deck":["AscendersBane","Strike_B","Defend_B","Defend_B","Defend_B","Zap+1","Dualcast","Streamline","Conserve Battery","Rainbow","Gash","Genetic Algorithm","Doom and Gloom","Scrape","Double Energy","BootSequence","Rainbow","Meteor Strike","Recycle","Gash","Fusion+1","Steam","Beam Cell"],"relics":["Cracked Core","NeowsBlessing","Ancient Tea Set","Oddly Smooth Stone","Blood Vial","Coffee Dripper"],"potions_floor_usage":[13,14,16,16,18,21,24],"damage_taken":[{"damage":0,"enemies":"Cultist","floor":1,"turns":1},{"damage":0,"enemies":"Small Slimes","floor":3,"turns":1},{"damage":0,"enemies":"Gremlin Nob","floor":7,"turns":1},{"damage":0,"enemies":"2 Louse","floor":8,"turns":2},{"damage":5,"enemies":"2 Fungi Beasts","floor":11,"turns":3},{"damage":6,"enemies":"Gremlin Gang","floor":12,"turns":2},{"damage":26,"enemies":"Lagavulin","floor":13,"turns":4},{"damage":13,"enemies":"Large Slime","floor":14,"turns":3},{"damage":11,"enemies":"Hexaghost","floor":16,"turns":9},{"damage":4,"enemies":"Chosen","floor":18,"turns":5},{"damage":1,"enemies":"3 Byrds","floor":19,"turns":4},{"damage":12,"enemies":"Snake Plant","floor":21,"turns":4},{"damage":56,"enemies":"Slavers","floor":24,"turns":4}],"seed_played":"5579733893963040114","potions_obtained":[{"floor":7,"key":"EntropicBrew"},{"floor":8,"key":"Swift Potion"},{"floor":14,"key":"EssenceOfSteel"},{"floor":16,"key":"Block Potion"},{"floor":18,"key":"Fruit Juice"},{"floor":21,"key":"SkillPotion"}],"is_trial":false,"path_per_floor":["M","?","M","?","?","R","E","M","T","$","M","M","E","M","R","B",null,"M","M","$","M","?","R","E"],"character_chosen":"DEFECT","items_purchased":["Doom and Gloom","Fusion","Steam"],"campfire_rested":1,"item_purchase_floors":[10,20,20],"current_hp_per_floor":[64,64,64,64,64,64,64,64,64,64,59,53,27,16,37,28,60,63,64,64,54,54,54,0],"gold":56,"neow_bonus":"THREE_ENEMY_KILL","is_prod":false,"is_daily":false,"chose_seed":false,"campfire_upgraded":2,"win_rate":0,"timestamp":1551815250,"path_taken":["M","?","?","?","?","R","E","?","T","$","M","M","E","M","R","BOSS","M","?","$","M","?","R","E"],"build_version":"2019-02-06","purchased_purges":2,"victory":false,"max_hp_per_floor":[71,71,71,71,71,71,71,71,71,71,71,71,71,71,71,71,71,76,76,76,76,76,76,76],"card_choices":[{"not_picked":["Steam","Fusion"],"picked":"Streamline","floor":1},{"not_picked":["Redo","Go for the Eyes"],"picked":"Conserve Battery","floor":3},{"not_picked":["Turbo","Barrage"],"picked":"Gash","floor":7},{"not_picked":["Coolheaded","Double Energy"],"picked":"Genetic Algorithm","floor":8},{"not_picked":["Coolheaded","Conserve Battery"],"picked":"Scrape","floor":11},{"not_picked":["Cold Snap","Hello World"],"picked":"Double Energy","floor":12},{"not_picked":["FTL","Undo"],"picked":"BootSequence","floor":13},{"not_picked":["Redo","Streamline"],"picked":"Rainbow","floor":14},{"not_picked":["Thunder Strike","Hyperbeam"],"picked":"Meteor Strike","floor":16},{"not_picked":["Cold Snap+1","Storm"],"picked":"Recycle","floor":18},{"not_picked":["Ball Lightning","Stack"],"picked":"Gash","floor":19},{"not_picked":["Storm","Leap+1"],"picked":"Beam Cell","floor":21}],"player_experience":857077,"relics_obtained":[{"floor":7,"key":"Ancient Tea Set"},{"floor":9,"key":"Oddly Smooth Stone"},{"floor":13,"key":"Blood Vial"}],"event_choices":[{"cards_removed":["Strike_B"],"damage_healed":0,"gold_gain":0,"player_choice":"Purged","damage_taken":0,"max_hp_gain":0,"max_hp_loss":0,"event_name":"Purifier","floor":2,"gold_loss":0},{"damage_healed":0,"gold_gain":0,"player_choice":"Ignored","damage_taken":0,"max_hp_gain":0,"max_hp_loss":0,"event_name":"Liars Game","floor":4,"gold_loss":0},{"damage_healed":0,"gold_gain":0,"cards_transformed":["Defend_B"],"player_choice":"Transformed","damage_taken":0,"max_hp_gain":0,"max_hp_loss":0,"event_name":"Transmorgrifier","floor":5,"gold_loss":0,"cards_obtained":["Rainbow"]},{"damage_healed":0,"gold_gain":0,"player_choice":"Ignored","damage_taken":0,"max_hp_gain":0,"max_hp_loss":0,"event_name":"Ghosts","floor":22,"gold_loss":0}],"is_beta":true,"boss_relics":[{"not_picked":["Calling Bell","FrozenCore"],"picked":"Coffee Dripper"}],"items_purged_floors":[10,20],"is_endless":false,"potions_floor_spawned":[7,8,14,16,18,21],"killed_by":"Slavers","ascension_level":15}