{"gold_per_floor":[214,214,230,5,18,18,52,52,106,141,155,155,230,280,280,357,357,373,393,393],"floor_reached":20,"playtime":998,"items_purged":["Strike_B"],"score":418,"play_id":"0a84e8fb-6f30-40e4-b3da-d5b83c05526d","local_time":"20190309202523","is_ascension_mode":true,"campfire_choices":[{"data":"Redo","floor":6,"key":"SMITH"},{"data":"Redo","floor":8,"key":"SMITH"},{"data":"Sunder","floor":15,"key":"SMITH"}],"neow_cost":"NONE","seed_source_timestamp":1402359343775133,"circlet_count":0,"master_deck":["AscendersBane","Strike_B","Strike_B","Defend_B","Defend_B","Defend_B","Defend_B","Zap","Dualcast","Chaos","Redo+1","Sunder+1","Defragment","Ball Lightning","Redo+1","Scrape","Glacier","Scrape","Redo","All For One","Defragment","Lockon","Doom and Gloom","Reinforced Body","Self Repair+1","Steam+1"],"relics":["Cracked Core","Centennial Puzzle","Vajra","Potion Belt","Orrery"],"potions_floor_usage":[20],"damage_taken":[{"damage":3,"enemies":"2 Louse","floor":1,"turns":2},{"damage":1,"enemies":"Cultist","floor":3,"turns":3},{"damage":0,"enemies":"Small Slimes","floor":5,"turns":2},{"damage":25,"enemies":"3 Sentries","floor":7,"turns":6},{"damage":13,"enemies":"Lagavulin","floor":10,"turns":6},{"damage":1,"enemies":"2 Fungi Beasts","floor":11,"turns":2},{"damage":0,"enemies":"Slime Boss","floor":16,"turns":7},{"damage":8,"enemies":"Shell Parasite","floor":18,"turns":6},{"damage":36,"enemies":"Spheric Guardian","floor":19,"turns":6},{"damage":30,"enemies":"Centurion and Healer","floor":20,"turns":8}],"seed_played":"715880790333279598","potions_obtained":[{"floor":1,"key":"FocusPotion"},{"floor":10,"key":"SpeedPotion"},{"floor":11,"key":"Weak Potion"}],"is_trial":false,"path_per_floor":["M","?","M","$","M","R","E","R","T","E","M","?","?","?","R","B",null,"M","M","M"],"character_chosen":"DEFECT","items_purchased":["Defragment","Ball Lightning","Redo"],"campfire_rested":0,"item_purchase_floors":[4,4,4],"current_hp_per_floor":[61,61,60,60,60,60,35,35,35,22,21,44,33,33,33,33,62,54,28,0],"gold":393,"neow_bonus":"HUNDRED_GOLD","is_prod":false,"is_daily":false,"chose_seed":false,"campfire_upgraded":3,"win_rate":0,"timestamp":1552159523,"path_taken":["M","?","?","$","M","R","E","R","T","E","M","?","?","?","R","BOSS","M","?","M"],"build_version":"2019-02-06","purchased_purges":1,"victory":false,"max_hp_per_floor":[71,71,71,71,71,71,71,71,71,71,71,71,71,71,71,71,71,71,71,71],"card_choices":[{"not_picked":["Turbo","Stack"],"picked":"Chaos","floor":1},{"not_picked":["Turbo","Rebound"],"picked":"Sunder","floor":3},{"not_picked":["Aggregate","Gash"],"picked":"Scrape","floor":5},{"not_picked":["Rebound","FTL"],"picked":"Glacier","floor":7},{"not_picked":["Static Discharge","Turbo"],"picked":"Scrape","floor":10},{"not_picked":["Cold Snap","Go for the Eyes"],"picked":"Redo","floor":11},{"not_picked":["Fission","Machine Learning"],"picked":"All For One","floor":16},{"not_picked":["Loop","Compile Driver"],"picked":"Defragment","floor":17},{"not_picked":["Compile Driver","Barrage"],"picked":"Lockon","floor":17},{"not_picked":["Barrage","Double Energy"],"picked":"Doom and Gloom","floor":17},{"not_picked":["Cold Snap","Rebound"],"picked":"Reinforced Body","floor":17},{"not_picked":["Streamline","Barrage"],"picked":"Self Repair+1","floor":18},{"not_picked":["Gash","Sunder"],"picked":"Steam+1","floor":19}],"player_experience":931898,"relics_obtained":[{"floor":7,"key":"Centennial Puzzle"},{"floor":9,"key":"Vajra"},{"floor":10,"key":"Potion Belt"}],"event_choices":[{"damage_healed":0,"gold_gain":0,"cards_transformed":["Strike_B"],"player_choice":"Transformed","damage_taken":0,"max_hp_gain":0,"max_hp_loss":0,"event_name":"Transmorgrifier","floor":2,"gold_loss":0,"cards_obtained":["Redo"]},{"damage_healed":23,"gold_gain":0,"player_choice":"Banana","damage_taken":0,"max_hp_gain":0,"max_hp_loss":0,"event_name":"Big Fish","floor":12,"gold_loss":0},{"damage_healed":0,"gold_gain":75,"player_choice":"Gather Gold","damage_taken":11,"max_hp_gain":0,"max_hp_loss":0,"event_name":"World of Goop","floor":13,"gold_loss":0},{"damage_healed":0,"gold_gain":50,"player_choice":"Pray","damage_taken":0,"max_hp_gain":0,"max_hp_loss":0,"event_name":"Golden Shrine","floor":14,"gold_loss":0}],"is_beta":true,"boss_relics":[{"not_picked":["Velvet Choker","Eternal Feather"],"picked":"Orrery"}],"items_purged_floors":[4],"is_endless":false,"potions_floor_spawned":[1,10,11],"killed_by":"Centurion and Healer","ascension_level":16}