{"gold_per_floor":[118,118,118,128,140,174,139,139,166,178,178,178,191,220,220,295,295,307,10,10,23,43,43,43],"floor_reached":24,"playtime":1316,"items_purged":["Strike_R"],"score":402,"play_id":"2f3a2744-0976-48a9-939a-880b75b58b04","local_time":"20190206221608","is_ascension_mode":true,"campfire_choices":[{"data":"Entrench","floor":8.0,"key":"SMITH"},{"data":"Heavy Blade","floor":12.0,"key":"SMITH"},{"data":"Body Slam","floor":15.0,"key":"SMITH"},{"floor":23.0,"key":"REST"}],"neow_cost":"NONE","seed_source_timestamp":1592555804756563,"circlet_count":0,"master_deck":["AscendersBane","Strike_R+1","Strike_R+1","Strike_R+1","Strike_R+1","Defend_R+1","Defend_R+1","Defend_R+1","Defend_R+1","Bash","Ghostly Armor+1","Metallicize","Entrench+1","True Grit","Heavy Blade+1","Body Slam+1","Barricade","Headbutt","Shrug It Off","Iron Wave","Cleave","Shrug It Off"],"special_seed":0,"relics":["Burning Blood","Blood Vial","Red Skull","Vajra","Pear","Gremlin Horn","White Beast Statue"],"potions_floor_usage":[24,24],"damage_taken":[{"damage":2.0,"enemies":"2 Louse","floor":1.0,"turns":3.0},{"damage":1.0,"enemies":"Cultist","floor":4.0,"turns":4.0},{"damage":10.0,"enemies":"Jaw Worm","floor":5.0,"turns":7.0},{"damage":46.0,"enemies":"Lagavulin","floor":6.0,"turns":9.0},{"damage":6.0,"enemies":"2 Fungi Beasts","floor":10.0,"turns":5.0},{"damage":1.0,"enemies":"Red Slaver","floor":13.0,"turns":4.0},{"damage":29.0,"enemies":"Gremlin Nob","floor":14.0,"turns":4.0},{"damage":20.0,"enemies":"Hexaghost","floor":16.0,"turns":9.0},{"damage":34.0,"enemies":"Chosen","floor":18.0,"turns":7.0},{"damage":4.0,"enemies":"3 Byrds","floor":21.0,"turns":6.0},{"damage":32.0,"enemies":"Snake Plant","floor":22.0,"turns":5.0},{"damage":52,"enemies":"Gremlin Leader","floor":24,"turns":7}],"seed_played":"5410162129520469452","potions_obtained":[{"floor":1.0,"key":"FearPotion"},{"floor":4.0,"key":"Strength Potion"},{"floor":6.0,"key":"Swift Potion"},{"floor":18.0,"key":"GamblersBrew"},{"floor":21.0,"key":"GamblersBrew"},{"floor":22.0,"key":"LiquidBronze"}],"is_trial":false,"path_per_floor":["M","?","?","M","M","E","?","R","T","M","?","R","M","E","R","B",null,"M","$","?","M","M","R","E"],"character_chosen":"IRONCLAD","items_purchased":["Shrug It Off","Iron Wave","Cleave","EssenceOfSteel"],"campfire_rested":1,"item_purchase_floors":[19,19,19,19],"current_hp_per_floor":[74,51,51,58,56,18,36,36,36,38,48,48,55,34,34,22,69,43,43,43,47,23,48,0],"gold":43,"neow_bonus":"RANDOM_COMMON_RELIC","is_prod":false,"is_daily":false,"chose_seed":false,"campfire_upgraded":3,"win_rate":0,"timestamp":1549487768,"path_taken":["M","?","?","M","?","E","?","R","T","M","?","R","?","E","R","BOSS","M","$","?","M","M","R","E"],"build_version":"2019-01-23","purchased_purges":1,"victory":false,"max_hp_per_floor":[75,75,75,75,75,75,75,75,75,75,85,85,85,85,85,85,85,85,85,85,85,85,85,85],"card_choices":[{"not_picked":["Burning Pact","Anger"],"picked":"Ghostly Armor","floor":1.0},{"not_picked":["Shrug It Off","Feel No Pain"],"picked":"Metallicize","floor":4.0},{"not_picked":["Anger","Shrug It Off"],"picked":"Entrench","floor":5.0},{"not_picked":["Wild Strike","Corruption"],"picked":"True Grit","floor":6.0},{"not_picked":["Anger","True Grit"],"picked":"Heavy Blade","floor":10.0},{"not_picked":["True Grit","Clothesline"],"picked":"Body Slam","floor":13.0},{"not_picked":["Warcry","Sword Boomerang","Hemokinesis"],"picked":"SKIP","floor":14.0},{"not_picked":["Brutality","Berserk"],"picked":"Barricade","floor":16.0},{"not_picked":["Wild Strike","Flex"],"picked":"Headbutt","floor":18.0},{"not_picked":["Clothesline","Rupture","Fiend Fire"],"picked":"SKIP","floor":21.0},{"not_picked":["Iron Wave","Wild Strike"],"picked":"Shrug It Off","floor":22.0}],"player_experience":740619,"relics_obtained":[{"floor":6.0,"key":"Red Skull"},{"floor":9.0,"key":"Vajra"},{"floor":14.0,"key":"Gremlin Horn"}],"event_choices":[{"damage_healed":0.0,"max_hp_gain":0.0,"max_hp_loss":0.0,"gold_gain":0.0,"event_name":"Shining Light","player_choice":"Entered Light","floor":2.0,"gold_loss":0.0,"damage_taken":23.0,"cards_upgraded":["Defend_R","Ghostly Armor"]},{"damage_healed":0.0,"max_hp_gain":0.0,"max_hp_loss":0.0,"gold_gain":0.0,"event_name":"FaceTrader","player_choice":"Leave","floor":3.0,"gold_loss":0.0,"damage_taken":0.0},{"damage_healed":18.0,"max_hp_gain":0.0,"max_hp_loss":0.0,"gold_gain":0.0,"event_name":"The Cleric","player_choice":"Healed","floor":7.0,"gold_loss":35.0,"damage_taken":0.0},{"damage_healed":0.0,"max_hp_gain":0.0,"max_hp_loss":0.0,"gold_gain":0.0,"event_name":"WeMeetAgain","player_choice":"Gave Potion","floor":11.0,"gold_loss":0.0,"damage_taken":0.0,"relics_obtained":["Pear"]},{"damage_healed":0.0,"max_hp_gain":0.0,"max_hp_loss":0.0,"gold_gain":0.0,"event_name":"Back to Basics","player_choice":"Simplicity","floor":20.0,"gold_loss":0.0,"damage_taken":0.0,"cards_upgraded":["Strike_R","Strike_R","Strike_R","Strike_R","Defend_R","Defend_R","Defend_R"]}],"is_beta":true,"boss_relics":[{"not_picked":["Black Blood","Fusion Hammer"],"picked":"White Beast Statue"}],"items_purged_floors":[19],"is_endless":false,"potions_floor_spawned":[1,4,6,10,18,21,22],"killed_by":"Gremlin Leader","ascension_level":19}