{"gold_per_floor":[12,23,38,55,73,73,98,98,98,126,138,154,154,171,171,171],"floor_reached":16,"playtime":959,"items_purged":[],"score":226,"play_id":"af9e0d12-1b18-42dc-bbc3-bea0f3325c71","local_time":"20190304182513","is_ascension_mode":true,"campfire_choices":[{"data":"Skewer","floor":6,"key":"SMITH"},{"data":"Terror","floor":8,"key":"SMITH"},{"floor":15,"key":"REST"}],"neow_cost":"NO_GOLD","seed_source_timestamp":963176058637578,"circlet_count":0,"master_deck":["AscendersBane","Defend_G","Defend_G","Defend_G","Defend_G","Defend_G","Strike_G","Strike_G","Strike_G","Strike_G+1","Strike_G","Survivor","Neutralize","Crippling Poison","Caltrops","Skewer+1","Backstab","Poisoned Stab+1","Terror+1","Deadly Poison+1","Deflect","Backflip"],"relics":["Ring of the Snake","Ice Cream","Turnip","Bag of Preparation","Whetstone"],"potions_floor_usage":[7,10,10,11],"damage_taken":[{"damage":1,"enemies":"Cultist","floor":1,"turns":5},{"damage":0,"enemies":"2 Louse","floor":2,"turns":4},{"damage":1,"enemies":"Jaw Worm","floor":3,"turns":5},{"damage":0,"enemies":"Looter","floor":4,"turns":4},{"damage":10,"enemies":"3 Louse","floor":5,"turns":4},{"damage":17,"enemies":"Gremlin Nob","floor":7,"turns":4},{"damage":5,"enemies":"3 Sentries","floor":10,"turns":5},{"damage":19,"enemies":"Large Slime","floor":11,"turns":6},{"damage":5,"enemies":"2 Fungi Beasts","floor":12,"turns":3},{"damage":0,"enemies":"Red Slaver","floor":14,"turns":2},{"damage":25,"enemies":"Slime Boss","floor":16,"turns":7}],"seed_played":"-8847046817816222739","potions_obtained":[{"floor":3,"key":"SteroidPotion"},{"floor":5,"key":"Block Potion"},{"floor":7,"key":"Poison Potion"},{"floor":10,"key":"SteroidPotion"}],"is_trial":false,"path_per_floor":["M","M","M","M","M","R","E","R","T","E","M","M","?","M","R","B"],"character_chosen":"THE_SILENT","items_purchased":[],"campfire_rested":1,"item_purchase_floors":[],"current_hp_per_floor":[58,58,57,57,47,47,30,30,30,25,6,1,1,1,20,0],"gold":171,"neow_bonus":"ONE_RARE_RELIC","is_prod":false,"is_daily":false,"chose_seed":false,"campfire_upgraded":2,"win_rate":0,"timestamp":1551720313,"path_taken":["M","M","M","M","M","R","E","R","T","E","?","?","?","?","R","BOSS"],"build_version":"2019-02-06","purchased_purges":0,"victory":false,"max_hp_per_floor":[66,66,66,66,66,66,66,66,66,66,66,66,66,66,66,66],"card_choices":[{"not_picked":["Underhanded Strike","PiercingWail"],"picked":"Crippling Poison","floor":1},{"not_picked":["Poisoned Stab","Flechettes"],"picked":"Caltrops","floor":2},{"not_picked":["Acrobatics","Dodge and Roll"],"picked":"Skewer","floor":3},{"not_picked":["Slice","PiercingWail"],"picked":"Backstab","floor":4},{"not_picked":["All Out Attack","Crippling Poison"],"picked":"Poisoned Stab","floor":5},{"not_picked":["Cloak And Dagger","Glass Knife"],"picked":"Terror","floor":7},{"not_picked":["Wraith Form v2","Sucker Punch"],"picked":"Deadly Poison","floor":10},{"not_picked":["PiercingWail","Sucker Punch"],"picked":"Deflect","floor":11},{"not_picked":["Prepared","Cloak And Dagger"],"picked":"Backflip","floor":12},{"not_picked":["Quick Slash","Blade Dance","Expertise"],"picked":"SKIP","floor":14}],"player_experience":842396,"relics_obtained":[{"floor":7,"key":"Turnip"},{"floor":9,"key":"Bag of Preparation"},{"floor":10,"key":"Whetstone"}],"event_choices":[{"damage_healed":0,"gold_gain":0,"player_choice":"Upgraded","damage_taken":0,"max_hp_gain":0,"max_hp_loss":0,"event_name":"Upgrade Shrine","floor":13,"gold_loss":0,"cards_upgraded":["Deadly Poison"]}],"is_beta":true,"boss_relics":[],"items_purged_floors":[],"is_endless":false,"potions_floor_spawned":[3,5,7,10],"killed_by":"Slime Boss","ascension_level":19}