{"path_per_floor":["M","?","M","?","$","E","R","?","T","M","M","M","M","M","R","B",null,"M","M","$","?","M","R","E","R","T","R","E","$","R","?","R","B",null,"M","?","M","$","M"],"character_chosen":"IRONCLAD","items_purchased":["Iron Wave","Rage"],"gold_per_floor":[115,115,134,134,85,113,113,113,113,131,142,157,174,194,194,294,294,294,249,106,6,6,6,6,6,6,6,6,6,6,6,6,6,6,6,6,6,6,6],"floor_reached":40,"campfire_rested":1,"playtime":4530,"current_hp_per_floor":[80,85,85,85,85,54,54,54,54,55,58,61,67,73,73,51,85,85,85,85,85,70,70,43,69,69,69,65,65,65,61,61,59,61,38,38,40,40,48],"items_purged":["Defend_R"],"gold":6,"play_id":"fb4e4456-af58-41ac-956f-d5700a580f18","is_prod":false,"is_daily":false,"campfire_rituals":0,"campfire_upgraded":6,"is_hardmode":false,"path_taken":["M","?","M","?","?","E","R","?","T","?","?","M","M","M","R","BOSS","M","M","?","?","?","R","E","R","T","R","E","?","R","?","R","BOSS","M","?","?","$","M","E"],"build_version":"2018-01-18-PROD4","purchased_purges":1,"victory":false,"master_deck":["Defend_R","Bash","Pommel Strike","Shrug It Off","Iron Wave","Clash","Flex","Shrug It Off","Iron Wave","Dual Wield","Cleave","Feed","Uppercut","Thunderclap","Rage","J.A.X.","Flex","Anger","Cleave","Bite_R","Bite_R","Bite_R","Bite_R","Bite_R","Offering","Whirlwind","Corruption","Flex","Thunderclap"],"max_hp_per_floor":[80,85,85,85,85,85,85,85,85,85,85,85,85,85,85,85,85,85,85,85,85,85,85,88,88,88,88,88,88,88,61,61,61,61,61,61,61,61,61],"relics":["Burning Blood","Lantern","Ice Cream","Ectoplasm","Bronze Scales","Whetstone","Regal Pillow","Black Star"],"campfire_meditates":0,"card_choices":[{"not_picked":["Infernal Blade","Battle Trance"],"picked":"Pommel Strike"},{"not_picked":["Thunderclap","Anger"],"picked":"Shrug It Off"},{"not_picked":["Intimidate","Blood for Blood"],"picked":"Clash"},{"not_picked":["Twin Strike","Feel No Pain"],"picked":"Flex"},{"not_picked":["Second Wind","Clothesline"],"picked":"Shrug It Off"},{"not_picked":["Searing Blow","Sword Boomerang"],"picked":"Iron Wave"},{"not_picked":["Twin Strike","Impervious"],"picked":"Dual Wield"},{"not_picked":["Uppercut","Rupture"],"picked":"Cleave"},{"not_picked":["Offering","Impervious"],"picked":"Feed"},{"not_picked":["Burning Pact","Second Wind"],"picked":"Uppercut"},{"not_picked":["Twin Strike","Sever Soul"],"picked":"Thunderclap"},{"not_picked":["Pommel Strike","Cleave"],"picked":"Flex"},{"not_picked":["Perfected Strike","Sword Boomerang"],"picked":"Anger"},{"not_picked":["Perfected Strike","Feel No Pain"],"picked":"Cleave"},{"not_picked":["Fiend Fire","Double Tap"],"picked":"Offering"},{"not_picked":["True Grit","Searing Blow"],"picked":"Whirlwind"},{"not_picked":["Combust","Twin Strike"],"picked":"Flex"},{"not_picked":["Flex","Anger"],"picked":"Thunderclap"}],"player_experience":0,"potions_floor_usage":[24,28,33,40],"damage_taken":[{"damage":5,"enemies":"Jaw Worm","floor":1,"turns":4},{"damage":0,"enemies":"2 Louse","floor":3,"turns":3},{"damage":37,"enemies":"3 Sentries","floor":6,"turns":10},{"damage":5,"enemies":"Small Slimes","floor":10,"turns":3},{"damage":3,"enemies":"3 Louse","floor":11,"turns":3},{"damage":3,"enemies":"Red Slaver","floor":12,"turns":4},{"damage":0,"enemies":"Exordium Wildlife","floor":13,"turns":3},{"damage":0,"enemies":"Exordium Thugs","floor":14,"turns":3},{"damage":28,"enemies":"The Guardian","floor":16,"turns":6},{"damage":0,"enemies":"Spheric Guardian","floor":18,"turns":1},{"damage":6,"enemies":"2 Thieves","floor":19,"turns":4},{"damage":21,"enemies":"Snake Plant","floor":22,"turns":4},{"damage":36,"enemies":"Slavers","floor":24,"turns":6},{"damage":10,"enemies":"Gremlin Leader","floor":28,"turns":5},{"damage":20,"enemies":"Champ","floor":33,"turns":6},{"damage":34,"enemies":"3 Darklings","floor":35,"turns":4},{"damage":6,"enemies":"Orb Walker","floor":37,"turns":2},{"damage":16,"enemies":"Maw","floor":39,"turns":6},{"damage":81,"enemies":"Nemesis","floor":40,"turns":6}],"event_choices":[{"event_name":"Big Fish","player_choice":"Donut","floor":2,"damage_taken":0},{"event_name":"Purifier","player_choice":"One Purge","floor":4,"damage_taken":0},{"event_name":"Living Wall","player_choice":"Grow","floor":8,"damage_taken":0},{"event_name":"Drug Dealer","player_choice":"Got JAXXED","floor":21,"damage_taken":0},{"event_name":"Vampires","player_choice":"Became a vampire","floor":31,"damage_taken":0},{"event_name":"Transmorgrifier","player_choice":"Transform","floor":36,"damage_taken":0}],"boss_relics":[{"not_picked":["Eternal Feather","Tiny House"],"picked":"Ectoplasm"},{"not_picked":["Lizard Tail","Runic Cube"],"picked":"Black Star"}],"potions_floor_spawned":[1,3,12,19,22,33,35],"seed_played":"4917208131746276956","killed_by":"Nemesis","is_trial":false}