{"gold_per_floor":[118,24,99,70,70,70,105,105,131,131,131,131,159,170,170,245,245,258,258,11,25,25,25,25,25],"floor_reached":25,"playtime":912,"items_purged":[],"score":506,"play_id":"8901a422-ee87-4814-b071-e879bdfe4f83","local_time":"20190228002817","is_ascension_mode":true,"campfire_choices":[{"data":"Trip","floor":6,"key":"SMITH"},{"data":"Dagger Spray","floor":8,"key":"SMITH"},{"data":"Poisoned Stab","floor":10,"key":"SMITH"},{"data":"Cloak And Dagger","floor":15,"key":"SMITH"},{"data":"RitualDagger","floor":23,"key":"SMITH"}],"neow_cost":"NONE","seed_source_timestamp":552993154978788,"circlet_count":0,"master_deck":["AscendersBane","Defend_G","Defend_G","Defend_G","Defend_G","Defend_G","Survivor","Neutralize+1","Poisoned Stab+1","Trip+1","Dagger Spray+1","Leg Sweep","Cloak And Dagger+1","Bouncing Flask","Corpse Explosion","PiercingWail","RitualDagger+1","Noxious Fumes","Backstab","Bite","Bite","Bite","Bite","Bite"],"relics":["Ring of the Snake","NeowsBlessing","Juzu Bracelet","Happy Flower","Bag of Preparation","Black Star","Omamori"],"potions_floor_usage":[25],"damage_taken":[{"damage":0,"enemies":"Small Slimes","floor":1,"turns":1},{"damage":0,"enemies":"3 Sentries","floor":7,"turns":1},{"damage":0,"enemies":"Gremlin Nob","floor":13,"turns":1},{"damage":0,"enemies":"2 Louse","floor":14,"turns":2},{"damage":16,"enemies":"Slime Boss","floor":16,"turns":10},{"damage":8,"enemies":"Shell Parasite","floor":18,"turns":5},{"damage":4,"enemies":"Chosen","floor":21,"turns":5},{"damage":51,"enemies":"Book of Stabbing","floor":25,"turns":7}],"seed_played":"5352251512079683491","potions_obtained":[{"floor":1,"key":"Ancient Potion"},{"floor":18,"key":"SpeedPotion"}],"is_trial":false,"path_per_floor":["M","$","?","$","?","R","E","R","T","R","?","?","E","M","R","B",null,"M","?","$","M","?","R","$","E"],"character_chosen":"THE_SILENT","items_purchased":["Trip","Dagger Spray","Noxious Fumes","Omamori"],"campfire_rested":0,"item_purchase_floors":[2,4,20,20],"current_hp_per_floor":[59,59,48,48,48,48,48,48,48,48,41,41,41,41,41,25,56,48,42,42,38,38,38,38,0],"gold":25,"neow_bonus":"THREE_ENEMY_KILL","is_prod":false,"is_daily":false,"chose_seed":false,"campfire_upgraded":5,"win_rate":0,"timestamp":1551310097,"path_taken":["M","$","?","$","?","R","E","R","T","R","?","?","E","M","R","BOSS","M","?","?","M","?","R","?","E"],"build_version":"2019-02-06","purchased_purges":0,"victory":false,"max_hp_per_floor":[66,66,66,66,66,66,66,66,66,66,66,66,66,66,66,66,66,66,66,66,66,46,46,46,46],"card_choices":[{"not_picked":["PiercingWail","Accuracy"],"picked":"Poisoned Stab","floor":1},{"not_picked":["Cloak And Dagger","Dodge and Roll"],"picked":"Leg Sweep","floor":7},{"not_picked":["Slice","Malaise"],"picked":"Cloak And Dagger","floor":13},{"not_picked":["Dagger Spray","Riddle With Holes"],"picked":"Bouncing Flask","floor":14},{"not_picked":["Phantasmal Killer","Die Die Die"],"picked":"Corpse Explosion","floor":16},{"not_picked":["Outmaneuver","Underhanded Strike"],"picked":"PiercingWail","floor":18},{"not_picked":["Predator","Infinite Blades"],"picked":"Backstab","floor":21}],"player_experience":825016,"relics_obtained":[{"floor":7,"key":"Juzu Bracelet"},{"floor":9,"key":"Happy Flower"},{"floor":13,"key":"Bag of Preparation"}],"event_choices":[{"damage_healed":0,"gold_gain":75,"player_choice":"Gather Gold","damage_taken":11,"max_hp_gain":0,"max_hp_loss":0,"event_name":"World of Goop","floor":3,"gold_loss":0},{"damage_healed":0,"gold_gain":0,"player_choice":"Grow","damage_taken":0,"max_hp_gain":0,"max_hp_loss":0,"event_name":"Living Wall","floor":5,"gold_loss":0,"cards_upgraded":["Neutralize"]},{"cards_removed":["Strike_G"],"damage_healed":0,"gold_gain":0,"player_choice":"Card Removal","damage_taken":7,"max_hp_gain":0,"max_hp_loss":0,"event_name":"Golden Wing","floor":11,"gold_loss":0},{"damage_healed":0,"gold_gain":0,"player_choice":"Ignored","damage_taken":0,"max_hp_gain":0,"max_hp_loss":0,"event_name":"Liars Game","floor":12,"gold_loss":0},{"damage_healed":0,"gold_gain":0,"player_choice":"Joined the Cult","damage_taken":6,"max_hp_gain":0,"max_hp_loss":0,"event_name":"Nest","floor":19,"gold_loss":0,"cards_obtained":["RitualDagger"]},{"damage_healed":0,"gold_gain":0,"player_choice":"Became a vampire","damage_taken":0,"max_hp_gain":0,"max_hp_loss":20,"event_name":"Vampires","floor":22,"gold_loss":0,"cards_obtained":["Bite","Bite","Bite","Bite","Bite"]}],"is_beta":true,"boss_relics":[{"not_picked":["HoveringKite","Pandora\u0027s Box"],"picked":"Black Star"}],"items_purged_floors":[],"is_endless":false,"potions_floor_spawned":[1,18],"killed_by":"Book of Stabbing","ascension_level":18}