{"gold_per_floor":[113,125,125,105,125,125,50,60,60,73,73,99,99,109,109,212,212,152,52,52,52,18,18,18,18,18,18,18,18,18,18,18,18],"floor_reached":33,"playtime":4849,"items_purged":["Strike_R","Strike_R"],"score":255,"play_id":"698c8a80-40e0-478d-9a97-cad82832d463","local_time":"20190309222249","is_ascension_mode":true,"campfire_choices":[{"data":"Inflame","floor":6.0,"key":"SMITH"},{"floor":11.0,"key":"REST"},{"data":"Heavy Blade","floor":15.0,"key":"SMITH"},{"data":"Rampage","floor":23,"key":"SMITH"},{"floor":28,"key":"REST"},{"floor":32,"key":"REST"}],"neow_cost":"NONE","seed_source_timestamp":0,"circlet_count":0,"master_deck":["Strike_R","Defend_R","Defend_R","Defend_R","Defend_R","Bash","Heavy Blade+1","Inflame+1","Cleave","Iron Wave","Offering","Shrug It Off+1","Ghostly Armor+1","Rampage+1","Feel No Pain"],"special_seed":0,"relics":["Burning Blood","Orichalcum","Ectoplasm","Dodecahedron"],"potions_floor_usage":[24,30,33],"damage_taken":[{"damage":0.0,"enemies":"2 Louse","floor":1.0,"turns":2.0},{"damage":12.0,"enemies":"Small Slimes","floor":2.0,"turns":5.0},{"damage":3.0,"enemies":"Jaw Worm","floor":5.0,"turns":3.0},{"damage":19.0,"enemies":"Exordium Wildlife","floor":8.0,"turns":5.0},{"damage":19.0,"enemies":"Exordium Thugs","floor":10.0,"turns":4.0},{"damage":5.0,"enemies":"Looter","floor":14.0,"turns":3.0},{"damage":47.0,"enemies":"The Guardian","floor":16.0,"turns":9.0},{"damage":21,"enemies":"2 Thieves","floor":18,"turns":4},{"damage":6,"enemies":"Shell Parasite","floor":20,"turns":4},{"damage":16,"enemies":"Sentry and Sphere","floor":24,"turns":5},{"damage":16,"enemies":"Cultist and Chosen","floor":25,"turns":6},{"damage":27,"enemies":"Chosen and Byrds","floor":27,"turns":7},{"damage":10,"enemies":"Snecko","floor":29,"turns":7},{"damage":24,"enemies":"Sentry and Sphere","floor":30,"turns":5},{"damage":6,"enemies":"3 Cultists","floor":31,"turns":5},{"damage":70,"enemies":"Champ","floor":33,"turns":12}],"seed_played":"-1101130463139909627","potions_obtained":[{"floor":2.0,"key":"Weak Potion"},{"floor":8.0,"key":"PowerPotion"},{"floor":10.0,"key":"LiquidBronze"},{"floor":20,"key":"PowerPotion"},{"floor":29,"key":"PowerPotion"},{"floor":30,"key":"Ancient Potion"}],"is_trial":false,"path_per_floor":["M","M","?","?","M","R","$","M","T","M","R","T","$","M","R","B",null,"M","$","M","?","$","R","M","M","T","M","R","M","M","M","R","B"],"character_chosen":"IRONCLAD","items_purchased":["Rampage"],"campfire_rested":3,"item_purchase_floors":[22],"current_hp_per_floor":[80,74,67,67,70,70,70,57,57,44,68,68,68,69,69,28,80,65,65,65,65,65,65,55,45,45,24,48,44,26,26,50,0],"gold":18,"neow_bonus":"REMOVE_CARD","is_prod":false,"is_daily":false,"chose_seed":false,"campfire_upgraded":3,"win_rate":0,"timestamp":1552188169,"path_taken":["M","M","?","?","M","R","?","?","T","M","R","?","$","M","R","BOSS","M","$","M","?","$","R","M","M","T","M","R","M","M","?","R","BOSS"],"build_version":"2019-01-23","purchased_purges":2,"victory":false,"max_hp_per_floor":[80,80,80,80,80,80,80,80,80,80,80,80,80,80,80,80,80,80,80,80,80,80,80,80,80,80,80,80,80,80,80,80,80],"card_choices":[{"not_picked":["Shrug It Off","Disarm"],"picked":"Heavy Blade","floor":1.0},{"not_picked":["Havoc","Thunderclap"],"picked":"Inflame","floor":2.0},{"not_picked":["Clothesline","Sentinel","Metallicize"],"picked":"SKIP","floor":5.0},{"not_picked":["Clothesline","Sentinel","Metallicize"],"picked":"SKIP","floor":5.0},{"not_picked":["Havoc","Evolve","Combust"],"picked":"SKIP","floor":8.0},{"not_picked":["Seeing Red","Heavy Blade"],"picked":"Cleave","floor":10.0},{"not_picked":["Perfected Strike","Clothesline"],"picked":"Iron Wave","floor":14.0},{"not_picked":["Exhume","Berserk"],"picked":"Offering","floor":16.0},{"not_picked":["Twin Strike","Clothesline"],"picked":"Shrug It Off+1","floor":18},{"not_picked":["Sentinel","Warcry"],"picked":"Ghostly Armor+1","floor":20},{"not_picked":["Cleave+1","Thunderclap","Wild Strike"],"picked":"SKIP","floor":24},{"not_picked":["Headbutt","Twin Strike"],"picked":"Feel No Pain","floor":25},{"not_picked":["Rage","Inflame","Cleave"],"picked":"SKIP","floor":27},{"not_picked":["Spot Weakness","Heavy Blade","Body Slam+1"],"picked":"SKIP","floor":29},{"not_picked":["Intimidate","Dropkick","Searing Blow+1"],"picked":"SKIP","floor":30},{"not_picked":["Clash","Carnage+1","Twin Strike"],"picked":"SKIP","floor":31}],"player_experience":295212,"relics_obtained":[{"floor":12.0,"key":"Orichalcum"},{"floor":26,"key":"Dodecahedron"}],"event_choices":[{"cards_removed":["Strike_R"],"damage_healed":0.0,"max_hp_gain":0.0,"max_hp_loss":0.0,"gold_gain":0.0,"event_name":"Golden Wing","player_choice":"Card Removal","floor":3.0,"gold_loss":0.0,"damage_taken":7.0},{"damage_healed":0.0,"max_hp_gain":0.0,"max_hp_loss":0.0,"gold_gain":0.0,"event_name":"World of Goop","player_choice":"Left Gold","floor":4.0,"gold_loss":20.0,"damage_taken":0.0},{"damage_healed":0,"gold_gain":0,"player_choice":"Ignored","damage_taken":0,"max_hp_gain":0,"max_hp_loss":0,"event_name":"N\u0027loth","floor":21,"gold_loss":0}],"is_beta":false,"boss_relics":[{"not_picked":["Tiny House","Coffee Dripper"],"picked":"Ectoplasm"}],"items_purged_floors":[7,19],"is_endless":false,"potions_floor_spawned":[2,8,10,20,29,30],"killed_by":"Champ","ascension_level":1}