{"gold_per_floor":[118,67,142,43,8,42,56,84,110,110,110,110,140,157,157,231,231,246,265,156,174,89,89,115,115,194,194,194,206,231,248,248,320,320,334,142,142,142],"floor_reached":38,"playtime":2408,"items_purged":["Strike_G"],"score":793,"play_id":"5962ddaa-73fa-4939-a067-f5858ee57631","local_time":"20190215220353","is_ascension_mode":true,"campfire_choices":[{"data":"Corpse Explosion","floor":11.0,"key":"SMITH"},{"floor":15,"key":"REST"},{"floor":23,"key":"REST"},{"floor":28,"key":"REST"},{"floor":32,"key":"REST"}],"neow_cost":"NONE","seed_source_timestamp":218961151111680,"circlet_count":0,"master_deck":["AscendersBane","Defend_G+1","Defend_G","Defend_G","Defend_G","Defend_G","Strike_G","Strike_G","Strike_G","Strike_G","Survivor","Neutralize","Dagger Spray","Cloak And Dagger+1","Footwork","Deflect","Footwork","Well Laid Plans","Corpse Explosion+1","Cloak And Dagger","Neutralize","Bullet Time","Cloak And Dagger","Predator","Bouncing Flask","Bouncing Flask","Crippling Poison","Envenom","Outmaneuver+1","After Image","Acrobatics+1","Mayhem"],"special_seed":0,"relics":["Ring of the Serpent","NeowsBlessing","Potion Belt","Anchor","War Paint","Nunchaku","Girya","Letter Opener","Sundial","Mercury Hourglass","Dead Branch","HoveringKite"],"potions_floor_usage":[13,16,21,24,31,33],"damage_taken":[{"damage":0.0,"enemies":"Jaw Worm","floor":1.0,"turns":1.0},{"damage":0.0,"enemies":"Lagavulin","floor":6.0,"turns":1.0},{"damage":0.0,"enemies":"2 Louse","floor":7.0,"turns":1.0},{"damage":10.0,"enemies":"3 Sentries","floor":8.0,"turns":11.0},{"damage":27,"enemies":"Gremlin Nob","floor":13,"turns":4},{"damage":0,"enemies":"Cultist","floor":14,"turns":5},{"damage":1,"enemies":"Hexaghost","floor":16,"turns":13},{"damage":0,"enemies":"Shell Parasite","floor":18,"turns":7},{"damage":22,"enemies":"Spheric Guardian","floor":19,"turns":8},{"damage":14,"enemies":"Snecko","floor":21,"turns":8},{"damage":7,"enemies":"Book of Stabbing","floor":24,"turns":7},{"damage":12,"enemies":"Centurion and Healer","floor":29,"turns":6},{"damage":9,"enemies":"Slavers","floor":30,"turns":2},{"damage":0,"enemies":"Shelled Parasite and Fungi","floor":31,"turns":5},{"damage":32,"enemies":"Automaton","floor":33,"turns":9},{"damage":1,"enemies":"Orb Walker","floor":35,"turns":5},{"damage":62,"enemies":"2 Orb Walkers","floor":38,"turns":4}],"seed_played":"6486108823297259395","potions_obtained":[{"floor":6.0,"key":"Fire Potion"},{"floor":7.0,"key":"Strength Potion"},{"floor":16,"key":"AttackPotion"},{"floor":21,"key":"AttackPotion"},{"floor":29,"key":"Strength Potion"},{"floor":30,"key":"Poison Potion"},{"floor":31,"key":"Swift Potion"}],"is_trial":false,"path_per_floor":["M","$","?","$","?","E","M","E","T","?","R","?","E","M","R","B",null,"M","M","$","M","?","R","E","?","T","?","R","M","E","M","R","B",null,"M","$","?","?"],"character_chosen":"THE_SILENT","items_purchased":["Cloak And Dagger","Footwork","Deflect","Bouncing Flask","Mayhem"],"campfire_rested":4,"item_purchase_floors":[2,4,4,20,36],"current_hp_per_floor":[59,59,48,48,64,64,64,54,54,49,49,49,22,22,41,40,60,60,38,38,24,24,43,36,36,36,18,39,27,18,18,39,7,55,54,54,54,0],"gold":142,"neow_bonus":"THREE_ENEMY_KILL","is_prod":false,"is_daily":false,"chose_seed":false,"campfire_upgraded":1,"win_rate":0,"timestamp":1550264633,"path_taken":["M","$","?","$","?","E","M","E","T","?","R","?","E","M","R","BOSS","M","M","$","?","?","R","E","?","T","?","R","M","E","M","R","BOSS","M","$","?","?"],"build_version":"2019-02-06","purchased_purges":1,"victory":false,"max_hp_per_floor":[66,66,66,66,66,66,66,66,66,66,66,66,66,66,66,66,66,66,66,66,66,66,66,66,66,66,71,71,71,71,71,71,71,71,71,71,71,71],"card_choices":[{"not_picked":["Sucker Punch","Prepared"],"picked":"Dagger Spray","floor":1.0},{"not_picked":["Backflip","Dodge and Roll"],"picked":"Footwork","floor":6.0},{"not_picked":["Prepared","Footwork"],"picked":"Well Laid Plans","floor":7.0},{"not_picked":["Dodge and Roll","Caltrops"],"picked":"Corpse Explosion","floor":8.0},{"not_picked":["Slice","Sucker Punch","Dagger Spray"],"picked":"SKIP","floor":13},{"not_picked":["Slice","Caltrops","Reflex"],"picked":"SKIP","floor":14},{"not_picked":["Night Terror","Burst"],"picked":"Bullet Time","floor":16},{"not_picked":["Dagger Spray","Dodge and Roll"],"picked":"Cloak And Dagger","floor":18},{"not_picked":["Calculated Gamble","Backstab"],"picked":"Predator","floor":19},{"not_picked":["Dagger Throw","Deflect+1"],"picked":"Bouncing Flask","floor":21},{"not_picked":["PiercingWail","Caltrops"],"picked":"Crippling Poison","floor":24},{"not_picked":["Blur","Bane"],"picked":"Envenom","floor":29},{"not_picked":["Dodge and Roll","Bouncing Flask"],"picked":"Outmaneuver+1","floor":30},{"not_picked":["Expertise","Heel Hook","Masterful Stab+1"],"picked":"SKIP","floor":31},{"not_picked":["Unload","Wraith Form v2"],"picked":"After Image","floor":33},{"not_picked":["PiercingWail","Finisher"],"picked":"Acrobatics+1","floor":35}],"player_experience":785355,"relics_obtained":[{"floor":6.0,"key":"Potion Belt"},{"floor":8.0,"key":"Anchor"},{"floor":9.0,"key":"War Paint"},{"floor":13,"key":"Girya"},{"floor":24,"key":"Sundial"},{"floor":26,"key":"Mercury Hourglass"},{"floor":30,"key":"Dead Branch"}],"event_choices":[{"damage_healed":0.0,"max_hp_gain":0.0,"max_hp_loss":0.0,"gold_gain":75.0,"event_name":"World of Goop","player_choice":"Gather Gold","floor":3.0,"gold_loss":0.0,"damage_taken":11.0},{"damage_healed":16.0,"max_hp_gain":0.0,"max_hp_loss":0.0,"gold_gain":0.0,"event_name":"The Cleric","player_choice":"Healed","floor":5.0,"gold_loss":35.0,"damage_taken":0.0},{"damage_healed":0.0,"max_hp_gain":0.0,"max_hp_loss":0.0,"gold_gain":0.0,"event_name":"Scrap Ooze","player_choice":"Success","floor":10.0,"gold_loss":0.0,"damage_taken":5.0,"relics_obtained":["Nunchaku"]},{"damage_healed":0,"gold_gain":0,"player_choice":"2 cards matched","damage_taken":0,"max_hp_gain":0,"max_hp_loss":0,"event_name":"Match and Keep!","floor":12,"gold_loss":0,"cards_obtained":["Cloak And Dagger","Neutralize"]},{"damage_healed":0,"gold_gain":0,"player_choice":"Obtained Relic","damage_taken":0,"relics_obtained":["Letter Opener"],"max_hp_gain":0,"max_hp_loss":0,"event_name":"Addict","floor":22,"gold_loss":85},{"damage_healed":0,"gold_gain":0,"player_choice":"Ignored","damage_taken":0,"max_hp_gain":0,"max_hp_loss":0,"event_name":"Ghosts","floor":25,"gold_loss":0},{"damage_healed":0,"gold_gain":0,"player_choice":"Shed Blood","damage_taken":23,"max_hp_gain":5,"max_hp_loss":0,"event_name":"Forgotten Altar","floor":27,"gold_loss":0},{"damage_healed":0,"gold_gain":0,"player_choice":"Ignored","damage_taken":0,"max_hp_gain":0,"max_hp_loss":0,"event_name":"Tomb of Lord Red Mask","floor":37,"gold_loss":0},{"damage_healed":0,"gold_gain":0,"player_choice":"Fight","damage_taken":0,"max_hp_gain":0,"max_hp_loss":0,"event_name":"Mysterious Sphere","floor":38,"gold_loss":0}],"is_beta":true,"boss_relics":[{"not_picked":["Ectoplasm","Sozu"],"picked":"Ring of the Serpent"},{"not_picked":["Pandora\u0027s Box","Philosopher\u0027s Stone"],"picked":"HoveringKite"}],"items_purged_floors":[20],"is_endless":false,"potions_floor_spawned":[6,7,16,21,29,30,31],"killed_by":"2 Orb Walkers","ascension_level":15}