{"gold_per_floor":[116,116,116,116,133,165,165,182,209,221,146,146,146,146,146,222,222,240,180],"floor_reached":19,"playtime":1173,"items_purged":["Strike_B"],"score":297,"play_id":"e9aedb56-9fc0-49a2-bd89-4fedc08fd3bb","local_time":"20190307152401","is_ascension_mode":true,"campfire_choices":[{"data":"Chaos","floor":7,"key":"SMITH"},{"data":"Chaos","floor":12,"key":"SMITH"},{"floor":15,"key":"REST"}],"neow_cost":"NONE","seed_source_timestamp":1211265131755778,"circlet_count":0,"master_deck":["AscendersBane","Strike_B","Strike_B+1","Strike_B","Defend_B","Defend_B","Defend_B","Defend_B","Zap","Dualcast","Chaos+1","White Noise","Streamline+1","Chaos+1","Loop+1","Fission"],"relics":["Cracked Core","Whetstone","Potion Belt","Cursed Key"],"potions_floor_usage":[4,6,10,18],"damage_taken":[{"damage":6,"enemies":"Jaw Worm","floor":1,"turns":5},{"damage":6,"enemies":"2 Louse","floor":5,"turns":2},{"damage":30,"enemies":"3 Sentries","floor":6,"turns":10},{"damage":5,"enemies":"Small Slimes","floor":8,"turns":4},{"damage":0,"enemies":"Red Slaver","floor":10,"turns":1},{"damage":40,"enemies":"Slime Boss","floor":16,"turns":9},{"damage":43,"enemies":"3 Byrds","floor":18,"turns":5},{"damage":26,"enemies":"2 Thieves","floor":19,"turns":2}],"seed_played":"-3477746191637950768","potions_obtained":[{"floor":4,"key":"Fruit Juice"},{"floor":4,"key":"Fire Potion"},{"floor":6,"key":"Fire Potion"},{"floor":16,"key":"SkillPotion"}],"is_trial":false,"path_per_floor":["M","?","?","?","M","E","R","M","T","M","$","R","?","$","R","B",null,"M","M"],"character_chosen":"DEFECT","items_purchased":[],"campfire_rested":1,"item_purchase_floors":[],"current_hp_per_floor":[58,58,63,68,62,32,32,27,27,27,27,27,27,27,51,11,64,21,0],"gold":180,"neow_bonus":"THREE_CARDS","is_prod":false,"is_daily":false,"chose_seed":false,"campfire_upgraded":2,"win_rate":0,"timestamp":1551968641,"path_taken":["M","?","?","?","?","E","R","M","T","M","$","R","?","$","R","BOSS","M","?"],"build_version":"2019-02-06","purchased_purges":1,"victory":false,"max_hp_per_floor":[71,71,76,81,81,81,81,81,81,81,81,81,81,81,81,81,81,81,81],"card_choices":[{"not_picked":["Blizzard","Streamline"],"picked":"Chaos","floor":0},{"not_picked":["Hologram","Go for the Eyes"],"picked":"White Noise","floor":1},{"not_picked":["Heatsinks","Redo"],"picked":"Streamline","floor":5},{"not_picked":["Undo","Turbo"],"picked":"Chaos","floor":6},{"not_picked":["Steam","Double Energy"],"picked":"Loop","floor":8},{"not_picked":["Barrage","Beam Cell","Heatsinks"],"picked":"SKIP","floor":10},{"not_picked":["Creative AI","Biased Cognition"],"picked":"Fission","floor":16},{"not_picked":["Compile Driver","Storm","Beam Cell"],"picked":"SKIP","floor":18}],"player_experience":898156,"relics_obtained":[{"floor":6,"key":"Whetstone"},{"floor":9,"key":"Potion Belt"}],"event_choices":[{"damage_healed":0,"gold_gain":0,"player_choice":"Ignored","damage_taken":0,"max_hp_gain":0,"max_hp_loss":0,"event_name":"Liars Game","floor":2,"gold_loss":0},{"damage_healed":0,"gold_gain":0,"player_choice":"Donut","damage_taken":0,"max_hp_gain":5,"max_hp_loss":0,"event_name":"Big Fish","floor":3,"gold_loss":0},{"damage_healed":0,"gold_gain":0,"player_choice":"Got Potions","damage_taken":0,"max_hp_gain":0,"max_hp_loss":0,"event_name":"Lab","floor":4,"gold_loss":0},{"damage_healed":0,"gold_gain":0,"player_choice":"Upgraded","damage_taken":0,"max_hp_gain":0,"max_hp_loss":0,"event_name":"Upgrade Shrine","floor":13,"gold_loss":0,"cards_upgraded":["Loop"]}],"is_beta":true,"boss_relics":[{"not_picked":["Black Star","Tiny House"],"picked":"Cursed Key"}],"items_purged_floors":[11],"is_endless":false,"potions_floor_spawned":[6,16],"killed_by":"2 Thieves","ascension_level":16}