{"path_per_floor":["M","M","M","?","?","R","E","M","T","M","E","M","$","M","R","B",null,"M","?","M","M","M","E","R","M","T","?","M","E","R","M","R","B",null,"M","M","?","?","$","E","R","M","T","R","E","?","R","M","R","B"],"character_chosen":"IRONCLAD","items_purchased":["Ice Cream","Offering"],"gold_per_floor":[114,133,152,227,227,227,260,274,274,289,321,341,53,67,67,171,171,182,97,115,132,147,173,173,188,262,262,279,313,313,324,324,426,426,445,461,461,461,245,270,270,282,282,282,312,0,0,17,17,17],"floor_reached":51,"campfire_rested":0,"playtime":4328,"current_hp_per_floor":[72,72,72,61,47,47,34,40,40,46,29,33,33,39,39,25,72,72,86,86,86,80,57,57,48,48,33,42,51,51,52,52,43,91,79,85,85,85,85,64,64,61,61,61,50,50,50,60,60,46],"items_purged":["Pain"],"gold":17,"score":561,"play_id":"5ecbd087-dedd-4a87-8310-5e68ea5a31ed","is_prod":false,"is_daily":false,"is_ascension_mode":false,"campfire_upgraded":5,"path_taken":["M","M","M","?","?","R","E","M","T","?","E","M","$","M","R","BOSS","M","?","M","M","M","E","R","M","T","?","M","E","R","?","R","BOSS","M","?","?","?","$","E","R","M","T","R","E","?","R","M","R","BOSS"],"build_version":"2018-02-08-BETA1","purchased_purges":1,"victory":true,"master_deck":["Strike_R+1","Strike_R","Strike_R","Strike_R","Defend_R","Defend_R","Defend_R","Defend_R","Bash","Clash","Flex","Pommel Strike+1","Shrug It Off+1","Flex","Whirlwind+1","Thunderclap","Armaments+1","Warcry","Sword Boomerang+1","Warcry+1","Dropkick+1","Headbutt+1","Inflame+1","Offering","Dual Wield+1","Feel No Pain","Offering+1","Infernal Blade","Fire Breathing+1","Combust+1"],"max_hp_per_floor":[72,72,72,72,72,72,72,72,72,72,72,72,72,72,72,72,72,72,86,86,86,86,86,86,86,86,91,91,91,91,91,91,91,91,91,91,91,91,91,91,91,91,91,91,91,91,91,91,91,91],"relics":["Burning Blood","Girya","Red Skull","Calipers","Torii","Ice Cream","Cursed Key","Mango","Oddly Smooth Stone","Meat on the Bone","Mummified Hand","Runic Cube","Vajra","Peace Pipe","Ginger","Red Mask"],"card_choices":[{"not_picked":["Thunderclap","Battle Trance"],"picked":"Clash"},{"not_picked":["Twin Strike","Clothesline"],"picked":"Flex"},{"not_picked":["Barricade","Hemokinesis"],"picked":"Pommel Strike"},{"not_picked":["Burning Pact","Flex"],"picked":"Shrug It Off"},{"not_picked":["Cleave","Perfected Strike"],"picked":"Flex"},{"not_picked":["Blood for Blood","Brutality"],"picked":"Whirlwind"},{"not_picked":["Burning Pact","Infernal Blade"],"picked":"Thunderclap"},{"not_picked":["Clothesline","Corruption"],"picked":"Armaments"},{"not_picked":["Corruption","Reckless Charge"],"picked":"Warcry"},{"not_picked":["Iron Wave","Searing Blow"],"picked":"Sword Boomerang"},{"not_picked":["Flame Barrier","Uppercut"],"picked":"Warcry"},{"not_picked":["Whirlwind","Shockwave"],"picked":"Dropkick"},{"not_picked":["Whirlwind","Clothesline"],"picked":"Headbutt"},{"not_picked":["True Grit","Armaments"],"picked":"Inflame"},{"not_picked":["Bludgeon","Fiend Fire"],"picked":"Offering"},{"not_picked":["Flame Barrier","Clothesline"],"picked":"Dual Wield"},{"not_picked":["Rampage","Clothesline"],"picked":"Infernal Blade"},{"not_picked":["Burning Pact","Juggernaut"],"picked":"Fire Breathing"},{"not_picked":["Headbutt","Iron Wave"],"picked":"Combust"}],"player_experience":20863,"potions_floor_usage":[31,33,42,50,50],"damage_taken":[{"damage":6.0,"enemies":"Cultist","floor":1.0,"turns":3.0},{"damage":2.0,"enemies":"Small Slimes","floor":2.0,"turns":4.0},{"damage":5.0,"enemies":"2 Louse","floor":3.0,"turns":3.0},{"damage":19.0,"enemies":"3 Sentries","floor":7.0,"turns":5.0},{"damage":0.0,"enemies":"2 Fungi Beasts","floor":8.0,"turns":2.0},{"damage":0.0,"enemies":"Exordium Wildlife","floor":10.0,"turns":2.0},{"damage":23.0,"enemies":"Lagavulin","floor":11.0,"turns":4.0},{"damage":2.0,"enemies":"Lots of Slimes","floor":12.0,"turns":2.0},{"damage":0.0,"enemies":"2 Fungi Beasts","floor":14.0,"turns":2.0},{"damage":20.0,"enemies":"The Guardian","floor":16.0,"turns":7.0},{"damage":1.0,"enemies":"2 Thieves","floor":18.0,"turns":2.0},{"damage":1.0,"enemies":"Chosen","floor":20.0,"turns":5.0},{"damage":1.0,"enemies":"Sentry and Sphere","floor":21.0,"turns":3.0},{"damage":12.0,"enemies":"3 Cultists","floor":22.0,"turns":3.0},{"damage":29.0,"enemies":"Book of Stabbing","floor":23.0,"turns":4.0},{"damage":15.0,"enemies":"Centurion and Healer","floor":25.0,"turns":3.0},{"damage":9.0,"enemies":"Cultist and Chosen","floor":28.0,"turns":4.0},{"damage":9,"enemies":"Gremlin Leader","floor":29,"turns":3},{"damage":17,"enemies":"Slaver and Parasite","floor":31,"turns":4},{"damage":27,"enemies":"Collector","floor":33,"turns":5},{"damage":18,"enemies":"3 Shapes","floor":35,"turns":3},{"damage":0,"enemies":"3 Darklings","floor":36,"turns":1},{"damage":27,"enemies":"Giant Head","floor":40,"turns":6},{"damage":9,"enemies":"4 Shapes","floor":42,"turns":2},{"damage":29,"enemies":"Nemesis","floor":45,"turns":4},{"damage":8,"enemies":"Spire Growth","floor":48,"turns":2},{"damage":32,"enemies":"Donu and Deca","floor":50,"turns":5}],"event_choices":[{"event_name":"World of Goop","player_choice":"Gather Gold","floor":4.0,"damage_taken":0.0},{"event_name":"Shining Light","player_choice":"Entered Light","floor":5.0,"damage_taken":0.0},{"event_name":"Addict","player_choice":"Obtained Relic","floor":19.0,"damage_taken":0.0},{"event_name":"Forgotten Altar","player_choice":"Shed Blood","floor":27.0,"damage_taken":0.0},{"event_name":"Transmorgrifier","player_choice":"Transform","floor":37,"damage_taken":0},{"event_name":"The Lab","player_choice":"Got Potions","floor":38,"damage_taken":0},{"event_name":"Tomb of Lord Red Mask","player_choice":"Paid","floor":46,"damage_taken":0}],"boss_relics":[{"not_picked":["Tiny House","Calling Bell"],"picked":"Runic Cube"}],"potions_floor_spawned":[7,12,14,18,20,22,25,31,33,42],"seed_played":"4696048775233774303","ascension_level":0,"is_trial":false}