{"gold_per_floor":[115,115,12,31,47,47,62,62,108,127,182,107,133,152,152,228,228,228,75,75,75,75,75,75,75,75,75,75,75,25,25,25,25,25,25,25,25,25,25,25],"floor_reached":40,"playtime":2379,"items_purged":["Strike_B","Strike_B","Strike_B"],"score":767,"play_id":"6e1b6ac4-47a6-4839-b37a-d32e5dbad665","local_time":"20190309105733","is_ascension_mode":true,"campfire_choices":[{"data":"Streamline","floor":6.0,"key":"SMITH"},{"data":"Dualcast","floor":8.0,"key":"SMITH"},{"floor":15.0,"key":"REST"},{"data":"Hologram","floor":25.0,"key":"SMITH"},{"floor":29.0,"key":"REST"},{"floor":32.0,"key":"REST"}],"neow_cost":"NONE","seed_source_timestamp":1366687570004603,"circlet_count":0,"master_deck":["AscendersBane","Zap+1","Dualcast+1","Go for the Eyes","Streamline+1","Beam Cell","Scrape","BootSequence","Coolheaded","Chill","Seek","Hologram+1","Trip","Gash","Steam","Echo Form","Seek","Aggregate","Hologram","Barrage","Scrape","Madness","Madness","Self Repair"],"special_seed":0,"relics":["Lantern","Blood Vial","Smiling Mask","Ectoplasm","Nloth\u0027s Gift","Kunai","Cables","Unceasing Top","Pandora\u0027s Box","Peace Pipe"],"potions_floor_usage":[],"damage_taken":[{"damage":9.0,"enemies":"Jaw Worm","floor":1.0,"turns":3.0},{"damage":0.0,"enemies":"Cultist","floor":4.0,"turns":3.0},{"damage":0.0,"enemies":"Small Slimes","floor":5.0,"turns":2.0},{"damage":6.0,"enemies":"Looter","floor":7.0,"turns":2.0},{"damage":5.0,"enemies":"3 Louse","floor":10.0,"turns":2.0},{"damage":5.0,"enemies":"Gremlin Nob","floor":11.0,"turns":3.0},{"damage":21.0,"enemies":"3 Sentries","floor":13.0,"turns":7.0},{"damage":4.0,"enemies":"Lots of Slimes","floor":14.0,"turns":3.0},{"damage":24.0,"enemies":"The Guardian","floor":16.0,"turns":10.0},{"damage":5.0,"enemies":"Spheric Guardian","floor":18.0,"turns":4.0},{"damage":0.0,"enemies":"Chosen","floor":22.0,"turns":3.0},{"damage":35.0,"enemies":"Book of Stabbing","floor":23.0,"turns":5.0},{"damage":5.0,"enemies":"Snake Plant","floor":24.0,"turns":4.0},{"damage":0.0,"enemies":"Cultist and Chosen","floor":27.0,"turns":6.0},{"damage":0.0,"enemies":"Shelled Parasite and Fungi","floor":28.0,"turns":5.0},{"damage":34.0,"enemies":"Slavers","floor":31.0,"turns":10.0},{"damage":17.0,"enemies":"Collector","floor":33.0,"turns":9.0},{"damage":0.0,"enemies":"3 Darklings","floor":35.0,"turns":5.0},{"damage":43,"enemies":"2 Orb Walkers","floor":37,"turns":6},{"damage":0,"enemies":"3 Shapes","floor":39,"turns":6},{"damage":21,"enemies":"Giant Head","floor":40,"turns":5}],"seed_played":"1176945682116645357","potions_obtained":[{"floor":5.0,"key":"SkillPotion"},{"floor":7.0,"key":"Explosive Potion"},{"floor":14.0,"key":"GamblersBrew"},{"floor":18.0,"key":"LiquidBronze"},{"floor":27.0,"key":"Poison Potion"},{"floor":31.0,"key":"AttackPotion"},{"floor":37,"key":"SpeedPotion"}],"is_trial":false,"path_per_floor":["M","?","$","M","M","R","M","R","T","M","?","$","E","M","R","B",null,"M","$","?","?","M","E","M","R","T","M","M","R","$","E","R","B",null,"M","?","?","?","M","E"],"character_chosen":"DEFECT","items_purchased":["Streamline","Beam Cell","Trip"],"campfire_rested":3,"item_purchase_floors":[3,3,19],"current_hp_per_floor":[55,55,55,55,55,55,49,49,49,44,39,39,20,18,39,17,58,55,55,55,55,57,24,21,21,21,23,25,46,46,14,35,20,58,60,47,6,6,8,0],"gold":25,"neow_bonus":"REMOVE_CARD","is_prod":false,"is_daily":false,"chose_seed":false,"campfire_upgraded":3,"win_rate":0,"timestamp":1552125453,"path_taken":["M","?","$","?","M","R","M","R","T","M","?","$","E","M","R","BOSS","M","$","?","?","M","E","M","R","T","M","?","R","?","E","R","BOSS","M","?","?","?","?","E"],"build_version":"2019-02-06","purchased_purges":3,"victory":false,"max_hp_per_floor":[71,71,71,71,71,71,71,71,71,71,71,71,71,71,71,71,71,71,71,71,71,71,71,71,71,71,71,71,71,71,71,71,71,71,71,71,71,71,71,71],"card_choices":[{"not_picked":["Steam","Hello World"],"picked":"Go for the Eyes","floor":1.0},{"not_picked":["Conserve Battery","Sunder"],"picked":"Scrape","floor":4.0},{"not_picked":["Compile Driver","Conserve Battery","Leap"],"picked":"SKIP","floor":5.0},{"not_picked":["Compile Driver","Conserve Battery","Leap"],"picked":"SKIP","floor":5.0},{"not_picked":["Stack","Turbo","Static Discharge"],"picked":"SKIP","floor":7.0},{"not_picked":["Rainbow","Rebound"],"picked":"BootSequence","floor":10.0},{"not_picked":["Leap","Steam Power"],"picked":"Coolheaded","floor":11.0},{"not_picked":["Multi-Cast","Turbo","Barrage"],"picked":"SKIP","floor":13.0},{"not_picked":["Doom and Gloom","Sweeping Beam"],"picked":"Chill","floor":14.0},{"not_picked":["Creative AI","Thunder Strike"],"picked":"Seek","floor":16.0},{"not_picked":["Conserve Battery","Compile Driver"],"picked":"Hologram","floor":18.0},{"not_picked":["Static Discharge+1","Rebound"],"picked":"Steam","floor":22.0},{"not_picked":["Static Discharge+1","Fission"],"picked":"Echo Form","floor":23.0},{"not_picked":["Turbo","Rip and Tear","Aggregate"],"picked":"SKIP","floor":24.0},{"not_picked":["Turbo","Stack","Compile Driver"],"picked":"SKIP","floor":27.0},{"not_picked":["Redo","Steam","Aggregate"],"picked":"SKIP","floor":28.0},{"not_picked":["Conserve Battery","Creative AI","Stack"],"picked":"SKIP","floor":31.0},{"not_picked":["Electrodynamics","Core Surge"],"picked":"Seek","floor":33.0},{"not_picked":["Redo","Beam Cell","Reprogram"],"picked":"SKIP","floor":35.0},{"not_picked":["Stack","Skim"],"picked":"Self Repair","floor":39}],"player_experience":918986,"relics_obtained":[{"floor":9.0,"key":"Lantern"},{"floor":11.0,"key":"Blood Vial"},{"floor":13.0,"key":"Smiling Mask"},{"floor":23.0,"key":"Kunai"},{"floor":26.0,"key":"Cables"},{"floor":31.0,"key":"Unceasing Top"},{"floor":37,"key":"Peace Pipe"}],"event_choices":[{"damage_healed":0.0,"max_hp_gain":0.0,"max_hp_loss":0.0,"gold_gain":0.0,"event_name":"Upgrade Shrine","player_choice":"Upgraded","floor":2.0,"gold_loss":0.0,"damage_taken":0.0,"cards_upgraded":["Zap"]},{"damage_healed":0.0,"max_hp_gain":0.0,"max_hp_loss":0.0,"gold_gain":30.0,"event_name":"Dead Adventurer","player_choice":"Searched \u00273\u0027 times","floor":11.0,"gold_loss":0.0,"damage_taken":0.0},{"damage_healed":0.0,"max_hp_gain":0.0,"max_hp_loss":0.0,"gold_gain":0.0,"event_name":"The Library","player_choice":"Read","floor":20.0,"gold_loss":0.0,"damage_taken":0.0,"cards_obtained":["Gash"]},{"damage_healed":0.0,"max_hp_gain":0.0,"max_hp_loss":0.0,"gold_gain":0.0,"event_name":"N\u0027loth","player_choice":"Traded Relic","floor":21.0,"relics_lost":["Cracked Core"],"gold_loss":0.0,"damage_taken":0.0,"relics_obtained":["Nloth\u0027s Gift"]},{"damage_healed":0.0,"max_hp_gain":0.0,"max_hp_loss":0.0,"gold_gain":0.0,"event_name":"Winding Halls","player_choice":"Embrace Madness","floor":36.0,"gold_loss":0.0,"damage_taken":13.0,"cards_obtained":["Madness","Madness"]},{"damage_healed":0,"gold_gain":0,"player_choice":"Fight","damage_taken":0,"max_hp_gain":0,"max_hp_loss":0,"event_name":"Mysterious Sphere","floor":37,"gold_loss":0},{"damage_healed":0,"gold_gain":0,"player_choice":"Ignored","damage_taken":0,"max_hp_gain":0,"max_hp_loss":0,"event_name":"SecretPortal","floor":38,"gold_loss":0}],"is_beta":true,"boss_relics":[{"not_picked":["Fusion Hammer","Nuclear Battery"],"picked":"Ectoplasm"},{"not_picked":["Velvet Choker","Coffee Dripper"],"picked":"Pandora\u0027s Box"}],"items_purged_floors":[12,19,30],"is_endless":false,"potions_floor_spawned":[5,7,10,14,18,22,27,31,37],"killed_by":"Giant Head","ascension_level":16}