{"gold_per_floor":[110,110,110,122,122,151,163,191,191,191,210,210,210,221,221,292,292,308,183,108,108,162,162,180,211,237,237,269,286,321,321,321,321],"floor_reached":33,"playtime":1428,"items_purged":[],"score":600,"play_id":"f4eb5ccc-02a7-4b9e-b750-f0167f09d595","local_time":"20190304105741","is_ascension_mode":true,"campfire_choices":[{"data":"Deadly Poison","floor":10.0,"key":"SMITH"},{"floor":13.0,"key":"REST"},{"floor":15.0,"key":"REST"},{"data":"Setup","floor":23.0,"key":"SMITH"},{"floor":27,"key":"REST"},{"floor":32,"key":"REST"}],"neow_cost":"NONE","seed_source_timestamp":935728216178923,"circlet_count":0,"master_deck":["AscendersBane","Defend_G","Defend_G+1","Defend_G","Defend_G","Defend_G+1","Strike_G","Survivor","Neutralize","Deadly Poison+1","Crippling Poison","Endless Agony","Sucker Punch","PiercingWail","Deadly Poison","Setup+1","Die Die Die","Malaise+1","Dagger Spray+1","Backstab+1","Leg Sweep","Bouncing Flask","Choke","Well Laid Plans+1","Outmaneuver+1","Backstab","Terror","Bouncing Flask"],"special_seed":0,"relics":["Ring of the Snake","NeowsBlessing","Darkstone Periapt","Question Card","Mercury Hourglass","Astrolabe","PreservedInsect","Red Mask","War Paint","Sundial","Molten Egg 2"],"potions_floor_usage":[25,30,30],"damage_taken":[{"damage":0.0,"enemies":"Small Slimes","floor":1.0,"turns":1.0},{"damage":0.0,"enemies":"Cultist","floor":4.0,"turns":1.0},{"damage":0.0,"enemies":"3 Sentries","floor":6.0,"turns":2.0},{"damage":0.0,"enemies":"Jaw Worm","floor":7.0,"turns":3.0},{"damage":49.0,"enemies":"Lagavulin","floor":8.0,"turns":7.0},{"damage":6.0,"enemies":"Exordium Wildlife","floor":11.0,"turns":3.0},{"damage":9.0,"enemies":"Blue Slaver","floor":14.0,"turns":4.0},{"damage":14.0,"enemies":"Hexaghost","floor":16.0,"turns":9.0},{"damage":5.0,"enemies":"3 Byrds","floor":18.0,"turns":4.0},{"damage":10.0,"enemies":"Colosseum Slavers","floor":21.0,"turns":4.0},{"damage":0,"enemies":"Chosen","floor":24,"turns":4},{"damage":36,"enemies":"Masked Bandits","floor":25,"turns":4},{"damage":16,"enemies":"Book of Stabbing","floor":28,"turns":7},{"damage":0,"enemies":"Sentry and Sphere","floor":29,"turns":3},{"damage":1,"enemies":"Slavers","floor":30,"turns":5},{"damage":27,"enemies":"Automaton","floor":33,"turns":4}],"seed_played":"2160332227545583791","potions_obtained":[{"floor":6.0,"key":"GamblersBrew"},{"floor":11.0,"key":"Strength Potion"},{"floor":16.0,"key":"Weak Potion"},{"floor":18.0,"key":"EssenceOfSteel"},{"floor":25,"key":"Fire Potion"},{"floor":29,"key":"Energy Potion"}],"is_trial":false,"path_per_floor":["M","$","?","M","?","E","M","E","T","R","M","?","R","M","R","B",null,"M","$","?","?","T","R","M","?","T","R","E","M","E","?","R","B"],"character_chosen":"THE_SILENT","items_purchased":["Bouncing Flask","Choke"],"campfire_rested":4,"item_purchase_floors":[19,19],"current_hp_per_floor":[59,59,59,59,59,59,59,10,10,10,4,4,23,14,33,19,54,49,49,49,39,39,39,39,3,3,22,6,6,5,5,24,0],"gold":321,"neow_bonus":"THREE_ENEMY_KILL","is_prod":false,"is_daily":false,"chose_seed":false,"campfire_upgraded":2,"win_rate":0,"timestamp":1551693461,"path_taken":["M","$","?","M","?","E","?","E","T","R","M","?","R","M","R","BOSS","M","$","?","?","?","R","M","?","T","R","E","M","E","?","R","BOSS"],"build_version":"2019-02-06","purchased_purges":0,"victory":false,"max_hp_per_floor":[66,66,66,66,66,66,66,66,66,66,66,66,66,66,66,66,66,66,66,66,66,66,66,66,66,66,66,66,66,66,66,66,66],"card_choices":[{"not_picked":["Underhanded Strike","Well Laid Plans"],"picked":"Deadly Poison","floor":1.0},{"not_picked":["Dodge and Roll","Blade Dance"],"picked":"Crippling Poison","floor":4.0},{"not_picked":["Acrobatics","Slice"],"picked":"Endless Agony","floor":6.0},{"not_picked":["Distraction","Backflip"],"picked":"Sucker Punch","floor":7.0},{"not_picked":["Acrobatics","Night Terror"],"picked":"PiercingWail","floor":8.0},{"not_picked":["Blade Dance","Distraction","Deflect"],"picked":"Deadly Poison","floor":11.0},{"not_picked":["Dagger Throw","Concentrate","Choke"],"picked":"Setup","floor":14.0},{"not_picked":["Glass Knife","Malaise","Unload"],"picked":"Die Die Die","floor":16.0},{"not_picked":["Skewer","Infinite Blades+1","Dagger Spray"],"picked":"Leg Sweep","floor":18.0},{"not_picked":["PiercingWail","Finisher","Expertise+1"],"picked":"Well Laid Plans+1","floor":24},{"not_picked":["Riddle With Holes","Skewer","Backflip"],"picked":"Outmaneuver+1","floor":25},{"not_picked":["Bane","Acrobatics+1","Wraith Form v2"],"picked":"Backstab","floor":28},{"not_picked":["Underhanded Strike","Poisoned Stab","Bane"],"picked":"Terror","floor":29},{"not_picked":["Deadly Poison","Predator","Night Terror"],"picked":"Bouncing Flask","floor":30}],"player_experience":831132,"relics_obtained":[{"floor":6.0,"key":"Darkstone Periapt"},{"floor":8.0,"key":"Question Card"},{"floor":9.0,"key":"Mercury Hourglass"},{"floor":22.0,"key":"PreservedInsect"},{"floor":25,"key":"Red Mask"},{"floor":26,"key":"War Paint"},{"floor":28,"key":"Sundial"},{"floor":30,"key":"Molten Egg 2"}],"event_choices":[{"damage_healed":0.0,"max_hp_gain":0.0,"max_hp_loss":0.0,"gold_gain":0.0,"event_name":"Liars Game","player_choice":"Ignored","floor":3.0,"gold_loss":0.0,"damage_taken":0.0},{"damage_healed":0.0,"max_hp_gain":0.0,"max_hp_loss":0.0,"gold_gain":0.0,"event_name":"Match and Keep!","player_choice":"0 cards matched","floor":5.0,"gold_loss":0.0,"damage_taken":0.0,"cards_obtained":[]},{"damage_healed":0.0,"max_hp_gain":0.0,"max_hp_loss":0.0,"gold_gain":0.0,"event_name":"Shining Light","player_choice":"Ignored","floor":12.0,"gold_loss":0.0,"damage_taken":0.0},{"cards_removed":["Strike_G"],"damage_healed":0.0,"max_hp_gain":0.0,"max_hp_loss":0.0,"gold_gain":0.0,"event_name":"Beggar","player_choice":"Gave Gold","floor":20.0,"gold_loss":75.0,"damage_taken":0.0},{"damage_healed":0.0,"max_hp_gain":0.0,"max_hp_loss":0.0,"gold_gain":0.0,"event_name":"Colosseum","player_choice":"Fight","floor":21.0,"gold_loss":0.0,"damage_taken":0.0},{"damage_healed":0.0,"max_hp_gain":0.0,"max_hp_loss":0.0,"gold_gain":0.0,"event_name":"Colosseum","player_choice":"Fled From Nobs","floor":21.0,"gold_loss":0.0,"damage_taken":0.0},{"damage_healed":0,"gold_gain":0,"player_choice":"Fought Bandits","damage_taken":0,"max_hp_gain":0,"max_hp_loss":0,"event_name":"Masked Bandits","floor":25,"gold_loss":0},{"damage_healed":0,"gold_gain":0,"player_choice":"Ignored","damage_taken":0,"max_hp_gain":0,"max_hp_loss":0,"event_name":"Vampires","floor":31,"gold_loss":0}],"is_beta":true,"boss_relics":[{"not_picked":["Snecko Eye","Empty Cage"],"picked":"Astrolabe"}],"items_purged_floors":[],"is_endless":false,"potions_floor_spawned":[6,11,16,18,25,29],"killed_by":"Automaton","ascension_level":18}