{"gold_per_floor":[115,115,115,138,153,153,167,210,210,241,257,4,20,61,61,157,157,147,163,186,186,199,233,233,233,233,233,233,57,80,106,106,106],"floor_reached":33,"playtime":2203,"items_purged":[],"score":677,"play_id":"bdbb0533-a2b7-4d98-83d3-e28a3d52a010","local_time":"20190307133139","is_ascension_mode":true,"campfire_choices":[{"data":"Sunder","floor":6.0,"key":"SMITH"},{"data":"Zap","floor":15.0,"key":"SMITH"},{"floor":25.0,"key":"REST"},{"data":"Dualcast","floor":28.0,"key":"SMITH"},{"data":"Streamline","floor":32,"key":"SMITH"}],"neow_cost":"NONE","seed_source_timestamp":1203494730794157,"circlet_count":0,"master_deck":["AscendersBane","Strike_B","Strike_B","Strike_B","Defend_B","Defend_B","Defend_B+1","Zap+1","Dualcast+1","Cold Snap","Conserve Battery","Sunder+1","Streamline+1","White Noise+1","Glacier","Cold Snap","Loop","Hologram","Cold Snap","Buffer","Cold Snap","White Noise+1","Self Repair+1","Glacier","Defragment+1"],"special_seed":0,"relics":["Cracked Core","Golden Idol","PreservedInsect","War Paint","Letter Opener","Lantern","Pantograph","Lizard Tail","DataDisk","Frozen Egg 2","Dream Catcher"],"potions_floor_usage":[],"damage_taken":[{"damage":0.0,"enemies":"Cultist","floor":1.0,"turns":4.0},{"damage":4.0,"enemies":"2 Louse","floor":4.0,"turns":2.0},{"damage":7.0,"enemies":"Jaw Worm","floor":5.0,"turns":4.0},{"damage":0.0,"enemies":"Exordium Thugs","floor":7.0,"turns":4.0},{"damage":9.0,"enemies":"Lagavulin","floor":8.0,"turns":6.0},{"damage":0.0,"enemies":"3 Sentries","floor":10.0,"turns":4.0},{"damage":14.0,"enemies":"Red Slaver","floor":11.0,"turns":2.0},{"damage":0.0,"enemies":"2 Fungi Beasts","floor":13.0,"turns":1.0},{"damage":2.0,"enemies":"Gremlin Nob","floor":14.0,"turns":3.0},{"damage":0.0,"enemies":"The Guardian","floor":16.0,"turns":11.0},{"damage":19.0,"enemies":"2 Thieves","floor":18.0,"turns":4.0},{"damage":7.0,"enemies":"Shell Parasite","floor":19.0,"turns":10.0},{"damage":5.0,"enemies":"Centurion and Healer","floor":20.0,"turns":12.0},{"damage":27.0,"enemies":"Snake Plant","floor":22.0,"turns":3.0},{"damage":24.0,"enemies":"Gremlin Leader","floor":23.0,"turns":7.0},{"damage":25.0,"enemies":"Colosseum Slavers","floor":24.0,"turns":5.0},{"damage":17,"enemies":"Sentry and Sphere","floor":30,"turns":10},{"damage":41,"enemies":"Collector","floor":33,"turns":21}],"seed_played":"-8097204845600557585","potions_obtained":[{"floor":7.0,"key":"Weak Potion"},{"floor":8.0,"key":"SkillPotion"},{"floor":10.0,"key":"Explosive Potion"},{"floor":13.0,"key":"SteroidPotion"},{"floor":14.0,"key":"Weak Potion"},{"floor":18.0,"key":"FairyPotion"},{"floor":19.0,"key":"Fruit Juice"}],"is_trial":false,"path_per_floor":["M","?","?","M","M","R","M","E","T","E","M","$","M","E","R","B",null,"M","M","M","?","M","E","?","R","T","?","R","$","M","T","R","B"],"character_chosen":"DEFECT","items_purchased":["Loop","Hologram","Lantern","Self Repair+1","Glacier"],"campfire_rested":1,"item_purchase_floors":[12,12,12,29,29],"current_hp_per_floor":[64,57,57,53,46,46,46,37,37,37,23,23,23,21,21,46,60,41,39,34,34,7,27,2,22,22,22,22,22,15,15,15,0],"gold":106,"neow_bonus":"TRANSFORM_CARD","is_prod":false,"is_daily":false,"chose_seed":false,"campfire_upgraded":4,"win_rate":0,"timestamp":1551961899,"path_taken":["M","?","?","M","M","R","M","E","T","E","?","$","M","E","R","BOSS","M","M","M","?","?","E","?","R","T","?","R","$","M","?","R","BOSS"],"build_version":"2019-02-06","purchased_purges":0,"victory":false,"max_hp_per_floor":[71,71,64,64,64,64,64,64,64,64,64,64,64,64,64,64,64,64,69,69,69,69,69,69,69,69,69,69,69,69,69,69,69],"card_choices":[{"not_picked":["Gash","FTL"],"picked":"Conserve Battery","floor":1.0},{"not_picked":["Self Repair","Beam Cell"],"picked":"Sunder","floor":4.0},{"not_picked":["Melter","Turbo"],"picked":"Streamline","floor":5.0},{"not_picked":["Static Discharge","Steam"],"picked":"White Noise","floor":7.0},{"not_picked":["Redo","Rainbow","Sunder"],"picked":"SKIP","floor":8.0},{"not_picked":["Go for the Eyes","FTL"],"picked":"Glacier","floor":10.0},{"not_picked":["BootSequence","Conserve Battery"],"picked":"Cold Snap","floor":11.0},{"not_picked":["Ball Lightning","Redo"],"picked":"Cold Snap","floor":13.0},{"not_picked":["Barrage","Ball Lightning","Reprogram"],"picked":"SKIP","floor":14.0},{"not_picked":["All For One","Thunder Strike"],"picked":"Buffer","floor":16.0},{"not_picked":["Hello World","Sunder","Melter"],"picked":"SKIP","floor":18.0},{"not_picked":["Redo","Steam","Sunder"],"picked":"SKIP","floor":19.0},{"not_picked":["Hologram","Skim+1"],"picked":"Cold Snap","floor":20.0},{"not_picked":["Turbo","Undo","Streamline"],"picked":"SKIP","floor":22.0},{"not_picked":["Aggregate+1","Stack+1","Rebound"],"picked":"SKIP","floor":23.0},{"not_picked":["Fission","Streamline"],"picked":"Defragment+1","floor":30}],"player_experience":891373,"relics_obtained":[{"floor":8.0,"key":"PreservedInsect"},{"floor":9.0,"key":"War Paint"},{"floor":10.0,"key":"Letter Opener"},{"floor":14.0,"key":"Pantograph"},{"floor":23.0,"key":"DataDisk"},{"floor":26.0,"key":"Frozen Egg 2"},{"floor":31,"key":"Dream Catcher"}],"event_choices":[{"cards_removed":["Defend_B"],"damage_healed":0.0,"max_hp_gain":0.0,"max_hp_loss":0.0,"gold_gain":0.0,"event_name":"Golden Wing","player_choice":"Card Removal","floor":2.0,"gold_loss":0.0,"damage_taken":7.0},{"damage_healed":0.0,"max_hp_gain":0.0,"max_hp_loss":7.0,"gold_gain":0.0,"event_name":"Golden Idol","player_choice":"Lose Max HP","floor":3.0,"gold_loss":0.0,"damage_taken":0.0,"relics_obtained":["Golden Idol"]},{"damage_healed":0.0,"max_hp_gain":0.0,"max_hp_loss":0.0,"gold_gain":0.0,"event_name":"Duplicator","player_choice":"Copied","floor":21.0,"gold_loss":0.0,"damage_taken":0.0,"cards_obtained":["White Noise"]},{"damage_healed":0.0,"max_hp_gain":0.0,"max_hp_loss":0.0,"gold_gain":0.0,"event_name":"Colosseum","player_choice":"Fight","floor":24.0,"gold_loss":0.0,"damage_taken":0.0},{"damage_healed":0.0,"max_hp_gain":0.0,"max_hp_loss":0.0,"gold_gain":0.0,"event_name":"Colosseum","player_choice":"Fled From Nobs","floor":24.0,"gold_loss":0.0,"damage_taken":0.0},{"damage_healed":0.0,"max_hp_gain":0.0,"max_hp_loss":0.0,"gold_gain":0.0,"event_name":"Cursed Tome","player_choice":"Ignored","floor":27.0,"gold_loss":0.0,"damage_taken":0.0}],"is_beta":true,"boss_relics":[{"not_picked":["Snecko Eye","Runic Pyramid"],"picked":"Lizard Tail"}],"items_purged_floors":[],"is_endless":false,"potions_floor_spawned":[7,8,10,13,14,18,19],"killed_by":"Collector","ascension_level":16}