{"gold_per_floor":[111,111,127,141,141,172,172,5,5,24,48,87,110,146,146,235,235,258,258,282,282,282,325,325,359,359,375,375,385,405,415,415,415],"floor_reached":33,"playtime":1615,"items_purged":[],"score":603,"play_id":"5d319b57-4044-47d7-b9ee-aa6e4cf55288","local_time":"20190213164505","is_ascension_mode":true,"campfire_choices":[{"data":"Whirlwind","floor":7.0,"key":"SMITH"},{"data":"Rage","floor":15.0,"key":"SMITH"},{"floor":32,"key":"REST"}],"neow_cost":"NONE","seed_source_timestamp":27822136451413,"circlet_count":0,"master_deck":["AscendersBane","Strike_R","Strike_R","Strike_R","Strike_R","Strike_R","Defend_R","Defend_R","Defend_R","Defend_R","Bash+1","Perfected Strike+1","Whirlwind+1","Anger","Sword Boomerang","Pommel Strike","Rage+1","Impervious","Shrug It Off+1","Battle Trance+1","Pummel","Armaments+1","True Grit","Pommel Strike","Headbutt"],"special_seed":0,"relics":["Burning Blood","Bloody Idol","Torii","Lantern","WingedGreaves","Shuriken","Ginger","Velvet Choker","MutagenicStrength","Charon\u0027s Ashes","War Paint","Boot"],"potions_floor_usage":[25,33],"damage_taken":[{"damage":0.0,"enemies":"2 Louse","floor":1.0,"turns":3.0},{"damage":0.0,"enemies":"Small Slimes","floor":3.0,"turns":2.0},{"damage":9.0,"enemies":"Jaw Worm","floor":4.0,"turns":3.0},{"damage":30.0,"enemies":"Lagavulin","floor":6.0,"turns":6.0},{"damage":7.0,"enemies":"Looter","floor":10.0,"turns":3.0},{"damage":1.0,"enemies":"3 Louse","floor":11.0,"turns":2.0},{"damage":8.0,"enemies":"Gremlin Nob","floor":12.0,"turns":3.0},{"damage":0.0,"enemies":"Blue Slaver","floor":13.0,"turns":1.0},{"damage":20.0,"enemies":"Lagavulin","floor":14.0,"turns":3.0},{"damage":29.0,"enemies":"Hexaghost","floor":16.0,"turns":8.0},{"damage":22.0,"enemies":"2 Thieves","floor":18.0,"turns":3.0},{"damage":0.0,"enemies":"Spheric Guardian","floor":20.0,"turns":3.0},{"damage":8,"enemies":"Slavers","floor":23,"turns":5},{"damage":9,"enemies":"Gremlin Leader","floor":25,"turns":6},{"damage":30,"enemies":"Shelled Parasite and Fungi","floor":27,"turns":4},{"damage":8,"enemies":"Snecko","floor":29,"turns":4},{"damage":15,"enemies":"Snake Plant","floor":30,"turns":3},{"damage":0,"enemies":"3 Cultists","floor":31,"turns":4},{"damage":68,"enemies":"Automaton","floor":33,"turns":10}],"seed_played":"-8796425829702911898","potions_obtained":[{"floor":6.0,"key":"Fire Potion"},{"floor":11.0,"key":"Weak Potion"},{"floor":12.0,"key":"FearPotion"},{"floor":16.0,"key":"Regen Potion"},{"floor":27,"key":"GamblersBrew"}],"is_trial":false,"path_per_floor":["M","?","M","M","?","E","R","$","T","M","M","E","M","E","R","B",null,"M","$","M","?","?","E","?","E","T","M","?","M","M","M","R","B"],"character_chosen":"IRONCLAD","items_purchased":["Lantern"],"campfire_rested":1,"item_purchase_floors":[8],"current_hp_per_floor":[74,74,75,72,68,44,44,44,44,43,48,46,52,38,38,15,55,39,39,45,45,45,43,43,52,52,28,28,31,27,38,58,0],"gold":415,"neow_bonus":"UPGRADE_CARD","is_prod":false,"is_daily":false,"chose_seed":false,"campfire_upgraded":2,"win_rate":0,"timestamp":1550072705,"path_taken":["M","?","M","M","?","E","R","?","T","M","M","E","M","E","R","BOSS","M","$","M","?","?","E","?","E","T","M","?","M","?","M","R","BOSS"],"build_version":"2019-02-06","purchased_purges":0,"victory":false,"max_hp_per_floor":[75,75,75,75,68,68,68,68,68,68,68,68,68,68,68,68,68,68,68,68,68,68,68,68,68,68,68,68,68,68,68,68,68],"card_choices":[{"not_picked":["Warcry","Armaments"],"picked":"Perfected Strike","floor":1.0},{"not_picked":["Burning Pact","Anger"],"picked":"Whirlwind","floor":3.0},{"not_picked":["Power Through","Twin Strike","Sever Soul"],"picked":"SKIP","floor":4.0},{"not_picked":["Second Wind","Clothesline"],"picked":"Anger","floor":6.0},{"not_picked":["Sword Boomerang","Cleave","Dual Wield"],"picked":"SKIP","floor":10.0},{"not_picked":["Pommel Strike","Body Slam","Exhume"],"picked":"SKIP","floor":11.0},{"not_picked":["Havoc","Metallicize"],"picked":"Sword Boomerang","floor":12.0},{"not_picked":["Cleave","Iron Wave"],"picked":"Pommel Strike","floor":13.0},{"not_picked":["Bloodletting","True Grit"],"picked":"Rage","floor":14.0},{"not_picked":["Bludgeon","Exhume"],"picked":"Impervious","floor":16.0},{"not_picked":["Sever Soul","Evolve+1"],"picked":"Shrug It Off+1","floor":18.0},{"not_picked":["Havoc","Clash"],"picked":"Battle Trance","floor":20.0},{"not_picked":["Heavy Blade","Carnage"],"picked":"Pummel","floor":23},{"not_picked":["Thunderclap+1","Iron Wave"],"picked":"Armaments","floor":25},{"not_picked":["Warcry","Entrench"],"picked":"True Grit","floor":27},{"not_picked":["Carnage","Battle Trance","Wild Strike"],"picked":"SKIP","floor":29},{"not_picked":["Havoc","Juggernaut"],"picked":"Pommel Strike","floor":30},{"not_picked":["Wild Strike","Warcry"],"picked":"Headbutt","floor":31}],"player_experience":755590,"relics_obtained":[{"floor":6.0,"key":"Torii"},{"floor":9.0,"key":"WingedGreaves"},{"floor":12.0,"key":"Shuriken"},{"floor":14.0,"key":"Ginger"},{"floor":23,"key":"Charon\u0027s Ashes"},{"floor":25,"key":"War Paint"},{"floor":26,"key":"Boot"}],"event_choices":[{"damage_healed":0.0,"max_hp_gain":0.0,"max_hp_loss":0.0,"gold_gain":0.0,"event_name":"Living Wall","player_choice":"Grow","floor":2.0,"gold_loss":0.0,"damage_taken":0.0,"cards_upgraded":["Perfected Strike"]},{"damage_healed":0.0,"max_hp_gain":0.0,"max_hp_loss":7.0,"gold_gain":0.0,"event_name":"Golden Idol","player_choice":"Lose Max HP","floor":5.0,"gold_loss":0.0,"damage_taken":0.0,"relics_obtained":["Golden Idol"]},{"damage_healed":0.0,"max_hp_gain":0.0,"max_hp_loss":0.0,"gold_gain":0.0,"event_name":"Drug Dealer","player_choice":"Inject Mutagens","floor":21.0,"gold_loss":0.0,"damage_taken":0.0,"relics_obtained":["MutagenicStrength"]},{"damage_healed":0.0,"max_hp_gain":0.0,"max_hp_loss":0.0,"gold_gain":0.0,"event_name":"Ghosts","player_choice":"Ignored","floor":22.0,"gold_loss":0.0,"damage_taken":0.0},{"damage_healed":0,"gold_gain":0,"player_choice":"Ignored","damage_taken":0,"max_hp_gain":0,"max_hp_loss":0,"event_name":"The Mausoleum","floor":24,"gold_loss":0},{"damage_healed":0,"gold_gain":0,"player_choice":"Gave Idol","damage_taken":0,"relics_obtained":["Bloody Idol"],"max_hp_gain":0,"max_hp_loss":0,"event_name":"Forgotten Altar","floor":28,"relics_lost":["Golden Idol"],"gold_loss":0}],"is_beta":true,"boss_relics":[{"not_picked":["Fusion Hammer","Runic Dome"],"picked":"Velvet Choker"}],"items_purged_floors":[],"is_endless":false,"potions_floor_spawned":[6,11,12,16,23,27,30,31],"killed_by":"Automaton","ascension_level":19}