{"gold_per_floor":[118,118,118,136,25,25,35,35,58,88,103,28,28,45,45,118,118,131,131,143,40,40,40,67,67,137,156,156],"floor_reached":28,"playtime":3346,"items_purged":["Decay"],"score":425,"play_id":"d363ae4b-4409-4082-9c3c-f41eb5bd28d4","local_time":"20190309140956","is_ascension_mode":true,"campfire_choices":[{"data":"Hologram","floor":6,"key":"SMITH"},{"data":"Recycle","floor":8,"key":"SMITH"},{"data":"Dualcast","floor":13,"key":"SMITH"},{"floor":15,"key":"REST"},{"data":"Finesse","floor":23,"key":"SMITH"},{"data":"Coolheaded","floor":25,"key":"SMITH"}],"neow_cost":"NONE","seed_source_timestamp":1377478583453119,"circlet_count":0,"master_deck":["AscendersBane","Strike_B","Strike_B","Strike_B","Defend_B","Defend_B","Defend_B","Defend_B","Zap+1","Dualcast+1","Gash","FTL","Beam Cell","Hologram+1","Recycle+1","Reinforced Body","Chill","Skim","All For One","Core Surge","Hologram","Finesse+1","Coolheaded+1","Gash+1"],"relics":["Cracked Core","Art of War","Calipers","Inserter","Frozen Egg 2","Bottled Lightning"],"potions_floor_usage":[24,27],"damage_taken":[{"damage":2,"enemies":"Jaw Worm","floor":1,"turns":3},{"damage":3,"enemies":"Small Slimes","floor":4,"turns":3},{"damage":1,"enemies":"Cultist","floor":7,"turns":3},{"damage":27,"enemies":"3 Sentries","floor":10,"turns":8},{"damage":2,"enemies":"Exordium Thugs","floor":11,"turns":5},{"damage":19,"enemies":"Exordium Wildlife","floor":14,"turns":5},{"damage":19,"enemies":"The Guardian","floor":16,"turns":13},{"damage":13,"enemies":"2 Thieves","floor":18,"turns":4},{"damage":10,"enemies":"3 Byrds","floor":20,"turns":4},{"damage":7,"enemies":"Slavers","floor":24,"turns":6},{"damage":25,"enemies":"Snake Plant","floor":27,"turns":5},{"damage":8,"enemies":"Sentry and Sphere","floor":28,"turns":3}],"seed_played":"5339602313549517499","potions_obtained":[{"floor":7,"key":"Ancient Potion"},{"floor":10,"key":"SpeedPotion"},{"floor":11,"key":"Dexterity Potion"},{"floor":20,"key":"Fire Potion"},{"floor":24,"key":"Weak Potion"}],"is_trial":false,"path_per_floor":["M","?","?","M","$","R","M","R","T","E","M","$","R","M","R","B",null,"M","?","M","$","?","R","E","R","T","M","M"],"character_chosen":"DEFECT","items_purchased":["Beam Cell","Hologram","Finesse"],"campfire_rested":1,"item_purchase_floors":[5,5,21],"current_hp_per_floor":[62,67,67,64,64,64,63,63,63,36,34,34,34,15,37,18,62,49,49,39,39,39,39,32,32,32,7,0],"gold":156,"neow_bonus":"UPGRADE_CARD","is_prod":false,"is_daily":false,"chose_seed":false,"campfire_upgraded":5,"win_rate":0,"timestamp":1552136996,"path_taken":["M","?","?","?","?","R","M","R","T","E","M","$","R","M","R","BOSS","M","?","?","$","?","R","E","R","T","M","M"],"build_version":"2019-02-06","purchased_purges":1,"victory":false,"max_hp_per_floor":[71,76,76,76,76,76,76,76,76,76,76,76,76,76,76,76,76,76,76,76,76,76,76,76,76,76,76,76],"card_choices":[{"not_picked":["Heatsinks","Barrage"],"picked":"Gash","floor":1},{"not_picked":["Self Repair","Ball Lightning"],"picked":"FTL","floor":4},{"not_picked":["Tempest","Compile Driver"],"picked":"Recycle","floor":7},{"not_picked":["Beam Cell","Conserve Battery"],"picked":"Reinforced Body","floor":10},{"not_picked":["Rebound","Beam Cell"],"picked":"Chill","floor":11},{"not_picked":["Beam Cell","Storm"],"picked":"Skim","floor":14},{"not_picked":["Electrodynamics","Fission"],"picked":"All For One","floor":16},{"not_picked":["Force Field+1","Rebound","Aggregate"],"picked":"SKIP","floor":18},{"not_picked":["Recycle","Conserve Battery+1"],"picked":"Hologram","floor":20},{"not_picked":["Turbo","Capacitor"],"picked":"Coolheaded","floor":24},{"not_picked":["Streamline","Steam"],"picked":"Gash+1","floor":27}],"player_experience":927626,"relics_obtained":[{"floor":9,"key":"Art of War"},{"floor":10,"key":"Calipers"},{"floor":24,"key":"Frozen Egg 2"},{"floor":26,"key":"Bottled Lightning"}],"event_choices":[{"damage_healed":0,"gold_gain":0,"player_choice":"Donut","damage_taken":0,"max_hp_gain":5,"max_hp_loss":0,"event_name":"Big Fish","floor":2,"gold_loss":0},{"damage_healed":0,"gold_gain":0,"player_choice":"Cursed","damage_taken":0,"max_hp_gain":0,"max_hp_loss":0,"event_name":"Wheel of Change","floor":3,"gold_loss":0,"cards_obtained":["Decay"]},{"damage_healed":0,"gold_gain":0,"cards_transformed":["Strike_B"],"player_choice":"Transformed","damage_taken":0,"max_hp_gain":0,"max_hp_loss":0,"event_name":"Transmorgrifier","floor":19,"gold_loss":0,"cards_obtained":["Core Surge"]}],"is_beta":true,"boss_relics":[{"not_picked":["White Beast Statue","Coffee Dripper"],"picked":"Inserter"}],"items_purged_floors":[12],"is_endless":false,"potions_floor_spawned":[7,10,11,20,24],"killed_by":"Sentry and Sphere","ascension_level":16}