{"gold_per_floor":[110,128,3,3,18,18,49,49,129,129,129,79,42,54,54,155,155,167,183,98,116,66,66,98,111,111,111,111,61,11,40,40,136,136,147,147,166,48,48,48,83,83,83,83,93,93,103,103],"floor_reached":48,"playtime":7600,"items_purged":["Strike_R","Parasite","Strike_R","Strike_R","Strike_R","Strike_R"],"score":519,"play_id":"f5084473-5e59-46fa-95f0-252f2d8f6e5e","local_time":"20190311171422","is_ascension_mode":true,"campfire_choices":[{"data":"True Grit","floor":6.0,"key":"SMITH"},{"data":"Pommel Strike","floor":8.0,"key":"SMITH"},{"data":"Cleave","floor":11.0,"key":"SMITH"},{"data":"Body Slam","floor":15.0,"key":"SMITH"},{"data":"Demon Form","floor":23.0,"key":"SMITH"},{"floor":27.0,"key":"RECALL"},{"floor":32.0,"key":"REST"},{"floor":40.0,"key":"REST"},{"floor":44.0,"key":"REST"}],"neow_cost":"NONE","seed_source_timestamp":0,"circlet_count":0,"master_deck":["Defend_R","Defend_R","Defend_R","Defend_R","Bash","Cleave+1","Pommel Strike+1","Body Slam+1","Demon Form+1","Ghostly Armor+1","Evolve+1","Shrug It Off","Barricade","Rampage","Whirlwind+1","Parasite"],"special_seed":0,"relics":["Burning Blood","Bronze Scales","Smiling Mask","Dodecahedron","Sozu","Dream Catcher","Bag of Marbles","Darkstone Periapt","Philosopher\u0027s Stone","Blood Vial","Pear"],"potions_floor_usage":[],"damage_taken":[{"damage":5.0,"enemies":"2 Louse","floor":1.0,"turns":3.0},{"damage":10.0,"enemies":"Small Slimes","floor":2.0,"turns":4.0},{"damage":0.0,"enemies":"Jaw Worm","floor":5.0,"turns":3.0},{"damage":19.0,"enemies":"Gremlin Nob","floor":7.0,"turns":4.0},{"damage":1.0,"enemies":"Looter","floor":14.0,"turns":2.0},{"damage":39.0,"enemies":"Hexaghost","floor":16.0,"turns":11.0},{"damage":13.0,"enemies":"Spheric Guardian","floor":18.0,"turns":4.0},{"damage":0.0,"enemies":"Chosen","floor":19.0,"turns":5.0},{"damage":15.0,"enemies":"Centurion and Healer","floor":21.0,"turns":5.0},{"damage":8.0,"enemies":"Gremlin Leader","floor":24.0,"turns":6.0},{"damage":5.0,"enemies":"3 Cultists","floor":25.0,"turns":5.0},{"damage":42.0,"enemies":"Slavers","floor":31.0,"turns":5.0},{"damage":18.0,"enemies":"Champ","floor":33.0,"turns":8.0},{"damage":29.0,"enemies":"Orb Walker","floor":35.0,"turns":5.0},{"damage":13.0,"enemies":"3 Shapes","floor":37.0,"turns":4.0},{"damage":46.0,"enemies":"Giant Head","floor":41.0,"turns":8.0},{"damage":51.0,"enemies":"Spire Growth","floor":45.0,"turns":5.0},{"damage":17,"enemies":"Writhing Mass","floor":47,"turns":5},{"damage":26,"enemies":"Sphere and 2 Shapes","floor":48,"turns":3}],"seed_played":"-3950469070194874","potions_obtained":[{"floor":1.0,"key":"AttackPotion"},{"floor":5.0,"key":"BloodPotion"},{"floor":7.0,"key":"Dexterity Potion"}],"is_trial":false,"path_per_floor":["M","M","$","?","M","R","E","R","T","?","R","$","?","M","R","B",null,"M","M","?","M","$","R","E","M","T","R","?","$","$","E","R","B",null,"M","?","M","$","?","R","E","?","T","R","M","?","M","M"],"character_chosen":"IRONCLAD","items_purchased":["True Grit","Rampage"],"campfire_rested":3,"item_purchase_floors":[3,38],"current_hp_per_floor":[80,76,76,76,80,80,75,75,75,80,80,77,77,77,77,44,77,70,76,76,67,67,67,65,66,66,66,66,66,66,30,53,41,77,54,54,47,47,47,70,30,30,40,66,23,23,20,0],"gold":103,"neow_bonus":"RANDOM_COMMON_RELIC","is_prod":false,"is_daily":false,"chose_seed":false,"campfire_upgraded":5,"win_rate":0,"timestamp":1552338862,"path_taken":["M","M","$","?","M","R","E","R","T","?","R","$","?","M","R","BOSS","M","M","?","M","$","R","E","M","T","R","?","?","$","E","R","BOSS","M","?","M","$","?","R","E","?","T","R","M","?","M","M"],"build_version":"2019-01-23","purchased_purges":6,"victory":false,"max_hp_per_floor":[80,80,80,80,80,80,80,80,80,80,80,77,77,77,77,77,77,77,77,77,77,77,77,77,77,77,77,77,77,77,77,77,77,77,77,77,77,77,77,77,77,77,87,87,87,87,93,93],"card_choices":[{"not_picked":["Evolve","Heavy Blade"],"picked":"Cleave","floor":1.0},{"not_picked":["Bloodletting","Havoc"],"picked":"Pommel Strike","floor":2.0},{"not_picked":["Clash","Perfected Strike","Sword Boomerang"],"picked":"SKIP","floor":5.0},{"not_picked":["Clash","Perfected Strike","Sword Boomerang"],"picked":"SKIP","floor":5.0},{"not_picked":["Immolate","Flex","Entrench"],"picked":"SKIP","floor":7.0},{"not_picked":["Immolate","Flex","Entrench"],"picked":"SKIP","floor":7.0},{"not_picked":["Sentinel","Rampage"],"picked":"Body Slam","floor":14.0},{"not_picked":["Fiend Fire","Impervious"],"picked":"Demon Form","floor":16.0},{"not_picked":["Hemokinesis","Thunderclap"],"picked":"Ghostly Armor+1","floor":18.0},{"not_picked":["Cleave","Blood for Blood+1","Iron Wave"],"picked":"SKIP","floor":19.0},{"not_picked":["Cleave","Blood for Blood+1","Iron Wave"],"picked":"SKIP","floor":19.0},{"not_picked":["Uppercut","Sword Boomerang"],"picked":"Evolve+1","floor":21.0},{"not_picked":["Pommel Strike","Clothesline"],"picked":"Shrug It Off","floor":24.0},{"not_picked":["Pommel Strike","Searing Blow","Flex"],"picked":"SKIP","floor":25.0},{"not_picked":["Pommel Strike","Searing Blow","Flex"],"picked":"SKIP","floor":25.0},{"not_picked":["Pommel Strike+1","Entrench"],"picked":"Barricade","floor":31.0},{"not_picked":["Anger","Dropkick+1","Flex"],"picked":"SKIP","floor":35.0},{"not_picked":["Iron Wave","Metallicize+1","Perfected Strike"],"picked":"SKIP","floor":37.0},{"not_picked":["Rupture","Bludgeon","Havoc"],"picked":"SKIP","floor":41.0},{"not_picked":["Metallicize+1","Cleave"],"picked":"Whirlwind+1","floor":44.0},{"not_picked":["Thunderclap+1","Clothesline+1","Rage+1"],"picked":"SKIP","floor":45.0},{"not_picked":["Battle Trance","Intimidate","Shockwave+1"],"picked":"SKIP","floor":47}],"player_experience":300061,"relics_obtained":[{"floor":7.0,"key":"Smiling Mask"},{"floor":9.0,"key":"Dodecahedron"},{"floor":24.0,"key":"Bag of Marbles"},{"floor":31.0,"key":"Darkstone Periapt"},{"floor":41.0,"key":"Blood Vial"},{"floor":43.0,"key":"Pear"}],"event_choices":[{"damage_healed":0.0,"max_hp_gain":0.0,"max_hp_loss":0.0,"gold_gain":0.0,"event_name":"Golden Idol","player_choice":"Ignored","floor":4.0,"gold_loss":0.0,"damage_taken":0.0},{"damage_healed":20.0,"max_hp_gain":0.0,"max_hp_loss":0.0,"gold_gain":0.0,"event_name":"Mushrooms","player_choice":"Healed and dodged fight","floor":10.0,"gold_loss":0.0,"damage_taken":0.0,"cards_obtained":["Parasite"]},{"damage_healed":0.0,"max_hp_gain":0.0,"max_hp_loss":0.0,"gold_gain":0.0,"event_name":"World of Goop","player_choice":"Left Gold","floor":13.0,"gold_loss":37.0,"damage_taken":0.0},{"damage_healed":0.0,"max_hp_gain":0.0,"max_hp_loss":0.0,"gold_gain":0.0,"event_name":"Addict","player_choice":"Obtained Relic","floor":20.0,"gold_loss":85.0,"damage_taken":0.0,"relics_obtained":["Dream Catcher"]},{"damage_healed":0.0,"max_hp_gain":0.0,"max_hp_loss":0.0,"gold_gain":0.0,"event_name":"Ghosts","player_choice":"Ignored","floor":28.0,"gold_loss":0.0,"damage_taken":0.0},{"cards_removed":["True Grit"],"damage_healed":0.0,"max_hp_gain":0.0,"max_hp_loss":0.0,"gold_gain":0.0,"event_name":"Falling","player_choice":"Removed Skill","floor":36.0,"gold_loss":0.0,"damage_taken":0.0},{"damage_healed":0.0,"max_hp_gain":0.0,"max_hp_loss":0.0,"gold_gain":0.0,"event_name":"SensoryStone","player_choice":"Memory 1","floor":39.0,"gold_loss":0.0,"damage_taken":0.0},{"damage_healed":0.0,"max_hp_gain":0.0,"max_hp_loss":0.0,"gold_gain":0.0,"event_name":"Tomb of Lord Red Mask","player_choice":"Ignored","floor":42.0,"gold_loss":0.0,"damage_taken":0.0},{"damage_healed":0.0,"max_hp_gain":0.0,"max_hp_loss":0.0,"gold_gain":0.0,"event_name":"Mysterious Sphere","player_choice":"Ignored","floor":46.0,"gold_loss":0.0,"damage_taken":0.0}],"is_beta":false,"boss_relics":[{"not_picked":["Black Blood","Cursed Key"],"picked":"Sozu"},{"not_picked":["Pandora\u0027s Box","Runic Pyramid"],"picked":"Philosopher\u0027s Stone"}],"items_purged_floors":[3,12,22,29,30,38],"is_endless":false,"potions_floor_spawned":[1,5,7,18,21,33,47],"killed_by":"Sphere and 2 Shapes","ascension_level":1}