{"gold_per_floor":[115,115,115,14,14,53,53,69,69,69,102,127,127,148,148,241,241,265,285,285,285,285],"floor_reached":22,"playtime":719,"items_purged":[],"score":472,"play_id":"575139db-1aee-48d7-b8e1-6aa5af8b12e7","local_time":"20190208195826","is_ascension_mode":true,"campfire_choices":[{"data":"Panacea","floor":7,"key":"SMITH"},{"data":"Heavy Blade","floor":13,"key":"SMITH"},{"data":"Sword Boomerang","floor":15,"key":"SMITH"}],"neow_cost":"NONE","seed_source_timestamp":1757721913221157,"circlet_count":0,"master_deck":["AscendersBane","Strike_R+1","Strike_R+1","Strike_R+1","Strike_R+1","Defend_R+1","Defend_R+1","Defend_R+1","Defend_R+1","Bash+1","Iron Wave","Panacea+1","Shrug It Off","Spot Weakness","Demon Form","Heavy Blade+1","Sword Boomerang+1","Feed","Cleave+1","Fire Breathing"],"relics":["Burning Blood","NeowsBlessing","Golden Idol","Whetstone","Question Card","Art of War","Sozu"],"potions_floor_usage":[11,16],"damage_taken":[{"damage":0,"enemies":"Small Slimes","floor":1,"turns":2},{"damage":0,"enemies":"Gremlin Nob","floor":6,"turns":1},{"damage":0,"enemies":"Jaw Worm","floor":8,"turns":1},{"damage":22,"enemies":"Lagavulin","floor":11,"turns":6},{"damage":2,"enemies":"2 Louse","floor":12,"turns":4},{"damage":18,"enemies":"Exordium Thugs","floor":14,"turns":4},{"damage":48,"enemies":"The Guardian","floor":16,"turns":8},{"damage":33,"enemies":"Shell Parasite","floor":18,"turns":4},{"damage":22,"enemies":"Spheric Guardian","floor":19,"turns":4},{"damage":21,"enemies":"Cultist and Chosen","floor":22,"turns":5}],"seed_played":"-6025051196929524598","potions_obtained":[{"floor":8,"key":"SteroidPotion"},{"floor":11,"key":"LiquidBronze"},{"floor":12,"key":"Energy Potion"}],"is_trial":false,"path_per_floor":["M","?","?","$","?","E","R","M","T","?","E","M","R","M","R","B",null,"M","M","?","?","M"],"character_chosen":"IRONCLAD","items_purchased":["Panacea"],"campfire_rested":0,"item_purchase_floors":[4],"current_hp_per_floor":[74,68,68,68,73,73,73,73,73,73,57,61,61,49,49,7,57,30,14,14,14,0],"gold":285,"neow_bonus":"THREE_ENEMY_KILL","is_prod":false,"is_daily":false,"chose_seed":false,"campfire_upgraded":3,"win_rate":0,"timestamp":1549652306,"path_taken":["M","?","?","$","?","E","R","M","T","?","E","?","R","M","R","BOSS","M","M","?","?","M"],"build_version":"2019-02-06","purchased_purges":0,"victory":false,"max_hp_per_floor":[75,68,68,68,73,73,73,73,73,73,73,73,73,73,73,73,73,73,73,73,73,73],"card_choices":[{"not_picked":["Blood for Blood","True Grit"],"picked":"Iron Wave","floor":1},{"not_picked":["Hemokinesis","Combust"],"picked":"Shrug It Off","floor":6},{"not_picked":["Havoc","Bloodletting"],"picked":"Spot Weakness","floor":8},{"not_picked":["Pummel","Battle Trance","Warcry"],"picked":"Demon Form","floor":11},{"not_picked":["Havoc","Entrench","Disarm"],"picked":"Heavy Blade","floor":12},{"not_picked":["Metallicize","Clash","Inflame"],"picked":"Sword Boomerang","floor":14},{"not_picked":["Demon Form","Immolate","Double Tap"],"picked":"Feed","floor":16},{"not_picked":["Body Slam","Dual Wield","Warcry"],"picked":"Cleave+1","floor":18},{"not_picked":["Havoc+1","Wild Strike","Armaments+1","Spot Weakness"],"picked":"SKIP","floor":19}],"player_experience":746669,"relics_obtained":[{"floor":6,"key":"Whetstone"},{"floor":9,"key":"Question Card"},{"floor":11,"key":"Art of War"}],"event_choices":[{"damage_healed":0,"gold_gain":0,"player_choice":"Lose Max HP","damage_taken":0,"relics_obtained":["Golden Idol"],"max_hp_gain":0,"max_hp_loss":7,"event_name":"Golden Idol","floor":2,"gold_loss":0},{"damage_healed":0,"gold_gain":0,"player_choice":"Ignored","damage_taken":0,"max_hp_gain":0,"max_hp_loss":0,"event_name":"Liars Game","floor":3,"gold_loss":0},{"damage_healed":0,"gold_gain":0,"player_choice":"Donut","damage_taken":0,"max_hp_gain":5,"max_hp_loss":0,"event_name":"Big Fish","floor":5,"gold_loss":0},{"damage_healed":0,"gold_gain":0,"player_choice":"Leave","damage_taken":0,"max_hp_gain":0,"max_hp_loss":0,"event_name":"The Cleric","floor":10,"gold_loss":0},{"damage_healed":0,"gold_gain":0,"player_choice":"Simplicity","damage_taken":0,"max_hp_gain":0,"max_hp_loss":0,"event_name":"Back to Basics","floor":20,"gold_loss":0,"cards_upgraded":["Strike_R","Strike_R","Strike_R","Strike_R","Defend_R","Defend_R","Defend_R","Defend_R"]},{"damage_healed":0,"gold_gain":0,"cards_transformed":["Strike_R"],"player_choice":"Transformed","damage_taken":0,"max_hp_gain":0,"max_hp_loss":0,"event_name":"Transmorgrifier","floor":21,"gold_loss":0,"cards_obtained":["Fire Breathing"]}],"is_beta":true,"boss_relics":[{"not_picked":["Velvet Choker","Lizard Tail"],"picked":"Sozu"}],"items_purged_floors":[],"is_endless":false,"potions_floor_spawned":[8,11,12,18,19],"killed_by":"Cultist and Chosen","ascension_level":19}