{"gold_per_floor":[118,131,147,147,167,200,200,220,300,300,319,330,359,374,374,479,479,495,515,30,130,145,171,171],"floor_reached":24,"playtime":1663,"items_purged":[],"score":232,"play_id":"4034a7e5-0830-4722-8f7f-5689327364a2","local_time":"20190310210310","is_ascension_mode":false,"campfire_choices":[{"data":"Iron Wave","floor":7,"key":"SMITH"},{"data":"Pommel Strike","floor":15,"key":"SMITH"}],"neow_cost":"TEN_PERCENT_HP_LOSS","seed_source_timestamp":45419345800342,"circlet_count":0,"master_deck":["Bash","Feed","Pommel Strike+1","Clash","Iron Wave+1","Spot Weakness","Shrug It Off","Shrug It Off","Parasite","Cleave","Rampage","Dark Embrace","Iron Wave","Thunderclap","Fiend Fire","Demon Form","Heavy Blade","Reaper","Cleave","Pommel Strike","Pommel Strike+1","Fire Breathing","Finesse","Cleave+1"],"relics":["Burning Blood","The Courier","Tiny Chest","Paper Frog","Pandora\u0027s Box","PrismaticShard","Juzu Bracelet","Lantern","Happy Flower"],"potions_floor_usage":[13,16,22,23,23,24],"damage_taken":[{"damage":0,"enemies":"2 Louse","floor":1,"turns":3},{"damage":6,"enemies":"Cultist","floor":2,"turns":3},{"damage":1,"enemies":"Jaw Worm","floor":3,"turns":2},{"damage":17,"enemies":"Gremlin Gang","floor":5,"turns":4},{"damage":30,"enemies":"Gremlin Nob","floor":6,"turns":4},{"damage":0,"enemies":"Red Slaver","floor":8,"turns":2},{"damage":0,"enemies":"2 Fungi Beasts","floor":11,"turns":3},{"damage":8,"enemies":"Lots of Slimes","floor":12,"turns":5},{"damage":6,"enemies":"3 Sentries","floor":13,"turns":6},{"damage":7,"enemies":"Blue Slaver","floor":14,"turns":3},{"damage":32,"enemies":"Slime Boss","floor":16,"turns":9},{"damage":2,"enemies":"Chosen","floor":18,"turns":4},{"damage":24,"enemies":"Spheric Guardian","floor":19,"turns":4},{"damage":12,"enemies":"Centurion and Healer","floor":22,"turns":2},{"damage":63,"enemies":"Slavers","floor":23,"turns":4},{"damage":26,"enemies":"Shelled Parasite and Fungi","floor":24,"turns":3}],"seed_played":"-2822234027558837","potions_obtained":[{"floor":2,"key":"BloodPotion"},{"floor":3,"key":"Energy Potion"},{"floor":8,"key":"Block Potion"},{"floor":13,"key":"Fire Potion"},{"floor":22,"key":"SkillPotion"},{"floor":23,"key":"SteroidPotion"}],"is_trial":false,"path_per_floor":["M","M","M","?","M","E","R","M","T","?","M","M","E","M","R","B",null,"M","M","$","?","M","E","M"],"character_chosen":"IRONCLAD","items_purchased":["PrismaticShard","Fire Breathing","Juzu Bracelet","Lantern","Finesse"],"campfire_rested":0,"item_purchase_floors":[20,20,20,20,20],"current_hp_per_floor":[72,72,72,72,64,40,40,46,46,64,73,74,77,76,76,50,84,84,66,66,66,60,26,0],"gold":171,"neow_bonus":"THREE_RARE_CARDS","is_prod":false,"is_daily":false,"chose_seed":false,"campfire_upgraded":2,"win_rate":0,"timestamp":1552266190,"path_taken":["M","M","M","?","M","E","R","?","T","?","M","M","E","M","R","BOSS","M","M","$","?","M","E","M"],"build_version":"2019-01-23","purchased_purges":0,"victory":false,"max_hp_per_floor":[72,72,72,72,75,75,75,75,75,75,78,81,84,84,84,84,84,84,84,84,84,84,84,84],"card_choices":[{"not_picked":["Fiend Fire","Berserk"],"picked":"Feed","floor":0},{"not_picked":["Clothesline","Carnage"],"picked":"Pommel Strike","floor":1},{"not_picked":["Second Wind","Burning Pact"],"picked":"Clash","floor":2},{"not_picked":["Thunderclap","Headbutt"],"picked":"Iron Wave","floor":3},{"not_picked":["Cleave","Armaments"],"picked":"Shrug It Off","floor":5},{"not_picked":["Rampage","Clash"],"picked":"Shrug It Off","floor":6},{"not_picked":["Power Through","Ghostly Armor","Anger"],"picked":"SKIP","floor":8},{"not_picked":["Second Wind","Armaments"],"picked":"Cleave","floor":11},{"not_picked":["Uppercut","Clothesline","Corruption"],"picked":"SKIP","floor":12},{"not_picked":["Flex","Limit Break"],"picked":"Rampage","floor":13},{"not_picked":["Reckless Charge","Wild Strike","Twin Strike"],"picked":"SKIP","floor":14},{"not_picked":["Impervious","Limit Break"],"picked":"Dark Embrace","floor":16},{"not_picked":["Whirlwind","Hemokinesis"],"picked":"Pommel Strike+1","floor":18},{"not_picked":["Bloodletting","Entrench","Anger"],"picked":"SKIP","floor":19},{"not_picked":["Turbo","Perfected Strike","Storm"],"picked":"SKIP","floor":22},{"not_picked":["Barrage+1","Echo Form"],"picked":"Cleave+1","floor":23}],"player_experience":77613,"relics_obtained":[{"floor":6,"key":"The Courier"},{"floor":9,"key":"Tiny Chest"},{"floor":13,"key":"Paper Frog"},{"floor":23,"key":"Happy Flower"}],"event_choices":[{"damage_healed":0,"gold_gain":0,"cards_transformed":["Strike_R"],"player_choice":"Transformed","damage_taken":0,"max_hp_gain":0,"max_hp_loss":0,"event_name":"Transmorgrifier","floor":4,"gold_loss":0,"cards_obtained":["Spot Weakness"]},{"damage_healed":18,"gold_gain":0,"player_choice":"Healed and dodged fight","damage_taken":0,"max_hp_gain":0,"max_hp_loss":0,"event_name":"Mushrooms","floor":10,"gold_loss":0,"cards_obtained":["Parasite"]},{"damage_healed":0,"gold_gain":100,"player_choice":"Pray","damage_taken":0,"max_hp_gain":0,"max_hp_loss":0,"event_name":"Golden Shrine","floor":21,"gold_loss":0}],"is_beta":false,"boss_relics":[{"not_picked":["Philosopher\u0027s Stone","Eternal Feather"],"picked":"Pandora\u0027s Box"}],"items_purged_floors":[],"is_endless":false,"potions_floor_spawned":[2,3,8,13,22,23],"killed_by":"Shelled Parasite and Fungi","ascension_level":0}