{"gold_per_floor":[113,113,113,129,144,175,188,188,241,206,225,251,251,251,251,325,325,345,360,199,199,219,219,249,249,325,354,369,369,386,397,397,397],"floor_reached":33,"playtime":1520,"items_purged":["Strike_G"],"score":612,"play_id":"0f21f9ca-e0be-491d-8ff3-4e163389d29b","local_time":"20190304101137","is_ascension_mode":true,"campfire_choices":[{"floor":8,"key":"REST"},{"floor":13,"key":"REST"},{"data":"Tactician","floor":15,"key":"SMITH"},{"floor":23,"key":"REST"},{"floor":25,"key":"REST"},{"floor":32,"key":"REST"}],"neow_cost":"NONE","seed_source_timestamp":932993910977394,"circlet_count":0,"master_deck":["AscendersBane","Defend_G","Defend_G","Defend_G","Defend_G","Defend_G","Strike_G","Strike_G","Strike_G","Survivor","Neutralize","Corpse Explosion+1","Tactician+1","Acrobatics","Dagger Spray","Dagger Throw","Tactician","Backflip","Malaise","Underhanded Strike","Dagger Throw+1","Bouncing Flask","Underhanded Strike","Underhanded Strike","Noxious Fumes","Shame","Footwork","Decay","Footwork","Tactician+1"],"relics":["Ring of the Snake","Mercury Hourglass","Happy Flower","Regal Pillow","Cursed Key","Oddly Smooth Stone","Pantograph","Letter Opener"],"potions_floor_usage":[7,12,18,33],"damage_taken":[{"damage":6,"enemies":"Jaw Worm","floor":1,"turns":5},{"damage":1,"enemies":"Cultist","floor":4,"turns":4},{"damage":0,"enemies":"2 Louse","floor":5,"turns":2},{"damage":43,"enemies":"Lagavulin","floor":6,"turns":7},{"damage":0,"enemies":"Large Slime","floor":7,"turns":4},{"damage":9,"enemies":"2 Fungi Beasts","floor":11,"turns":2},{"damage":12,"enemies":"Gremlin Nob","floor":12,"turns":4},{"damage":51,"enemies":"Slime Boss","floor":16,"turns":11},{"damage":6,"enemies":"Spheric Guardian","floor":18,"turns":4},{"damage":26,"enemies":"2 Thieves","floor":19,"turns":3},{"damage":6,"enemies":"Centurion and Healer","floor":22,"turns":4},{"damage":31,"enemies":"Slavers","floor":24,"turns":4},{"damage":15,"enemies":"Gremlin Leader","floor":27,"turns":6},{"damage":27,"enemies":"Snake Plant","floor":28,"turns":5},{"damage":0,"enemies":"3 Cultists","floor":30,"turns":2},{"damage":14,"enemies":"Cultist and Chosen","floor":31,"turns":5},{"damage":84,"enemies":"Champ","floor":33,"turns":10}],"seed_played":"4275854124387366659","potions_obtained":[{"floor":6,"key":"PowerPotion"},{"floor":7,"key":"GhostInAJar"},{"floor":16,"key":"GhostInAJar"},{"floor":19,"key":"SteroidPotion"},{"floor":24,"key":"Ancient Potion"},{"floor":31,"key":"Regen Potion"}],"is_trial":false,"path_per_floor":["M","?","?","M","M","E","M","R","T","?","M","E","R","?","R","B",null,"M","M","$","?","M","R","E","R","T","E","M","?","M","M","R","B"],"character_chosen":"THE_SILENT","items_purchased":["Bouncing Flask"],"campfire_rested":5,"item_purchase_floors":[20],"current_hp_per_floor":[53,46,46,45,45,2,2,21,21,37,28,16,50,55,55,4,54,48,22,22,22,16,52,21,57,57,42,15,15,15,1,37,0],"gold":397,"neow_bonus":"ONE_RANDOM_RARE_CARD","is_prod":false,"is_daily":false,"chose_seed":false,"campfire_upgraded":1,"win_rate":0,"timestamp":1551690697,"path_taken":["M","?","?","M","M","E","?","R","T","?","M","E","R","?","R","BOSS","M","M","$","?","M","R","E","R","T","E","M","?","M","M","R","BOSS"],"build_version":"2019-02-06","purchased_purges":1,"victory":false,"max_hp_per_floor":[66,66,66,66,66,66,66,66,66,66,66,66,66,71,71,71,71,71,71,71,71,71,71,71,71,71,71,71,71,71,71,71,71],"card_choices":[{"not_picked":["Dagger Spray","Acrobatics"],"picked":"Tactician","floor":1},{"not_picked":["Eviscerate","Prepared"],"picked":"Acrobatics","floor":4},{"not_picked":["Riddle With Holes","Infinite Blades"],"picked":"Dagger Spray","floor":5},{"not_picked":["Storm of Steel","Prepared","Caltrops"],"picked":"SKIP","floor":6},{"not_picked":["Acrobatics","Blade Dance"],"picked":"Dagger Throw","floor":7},{"not_picked":["Blade Dance","Prepared"],"picked":"Tactician","floor":11},{"not_picked":["Malaise","Dodge and Roll"],"picked":"Backflip","floor":12},{"not_picked":["After Image","Bullet Time"],"picked":"Malaise","floor":16},{"not_picked":["Endless Agony","Prepared"],"picked":"Underhanded Strike","floor":18},{"not_picked":["Bane","Concentrate"],"picked":"Dagger Throw+1","floor":19},{"not_picked":["Quick Slash","Dagger Spray"],"picked":"Underhanded Strike","floor":22},{"not_picked":["Cloak And Dagger+1","Dagger Spray+1"],"picked":"Noxious Fumes","floor":24},{"not_picked":["Cloak And Dagger+1","Riddle With Holes"],"picked":"Footwork","floor":27},{"not_picked":["Slice","Phantasmal Killer","Sucker Punch"],"picked":"SKIP","floor":28},{"not_picked":["Slice","Blur"],"picked":"Footwork","floor":30},{"not_picked":["Slice","Prepared"],"picked":"Tactician+1","floor":31}],"player_experience":828627,"relics_obtained":[{"floor":6,"key":"Mercury Hourglass"},{"floor":9,"key":"Happy Flower"},{"floor":12,"key":"Regal Pillow"},{"floor":24,"key":"Oddly Smooth Stone"},{"floor":26,"key":"Pantograph"},{"floor":27,"key":"Letter Opener"}],"event_choices":[{"cards_removed":["Strike_G"],"damage_healed":0,"gold_gain":0,"player_choice":"Card Removal","damage_taken":7,"max_hp_gain":0,"max_hp_loss":0,"event_name":"Golden Wing","floor":2,"gold_loss":0},{"damage_healed":0,"gold_gain":0,"player_choice":"Forge","damage_taken":0,"max_hp_gain":0,"max_hp_loss":0,"event_name":"Accursed Blacksmith","floor":3,"gold_loss":0,"cards_upgraded":["Corpse Explosion"]},{"damage_healed":16,"gold_gain":0,"player_choice":"Healed","damage_taken":0,"max_hp_gain":0,"max_hp_loss":0,"event_name":"The Cleric","floor":10,"gold_loss":35},{"damage_healed":0,"gold_gain":0,"player_choice":"Donut","damage_taken":0,"max_hp_gain":5,"max_hp_loss":0,"event_name":"Big Fish","floor":14,"gold_loss":0},{"damage_healed":0,"gold_gain":0,"player_choice":"Read","damage_taken":0,"max_hp_gain":0,"max_hp_loss":0,"event_name":"The Library","floor":21,"gold_loss":0,"cards_obtained":["Underhanded Strike"]},{"damage_healed":0,"gold_gain":0,"player_choice":"Smashed Altar","damage_taken":0,"max_hp_gain":0,"max_hp_loss":0,"event_name":"Forgotten Altar","floor":29,"gold_loss":0,"cards_obtained":["Decay"]}],"is_beta":true,"boss_relics":[{"not_picked":["Orrery","Calling Bell"],"picked":"Cursed Key"}],"items_purged_floors":[20],"is_endless":false,"potions_floor_spawned":[6,7,16,19,24,28,30,31],"killed_by":"Champ","ascension_level":18}