{"gold_per_floor":[114,114,114,133,143,174,174,13,84,134,31,51,64,74,74,149,199,211,156,156,156,174,202,219,219,219,231,231],"floor_reached":28,"playtime":1220,"items_purged":["Strike_R"],"score":468,"play_id":"e8bbb33a-60ab-4916-8b3e-6ad114138421","local_time":"20190206090323","is_ascension_mode":true,"campfire_choices":[{"data":"Whirlwind","floor":7,"key":"SMITH"},{"floor":15,"key":"REST"},{"data":"Bash","floor":25,"key":"SMITH"}],"neow_cost":"NONE","seed_source_timestamp":1545113305448403,"circlet_count":0,"master_deck":["AscendersBane","Strike_R","Strike_R","Strike_R","Strike_R","Defend_R","Defend_R","Defend_R","Defend_R","Bash+1","Clothesline","Whirlwind+1","Shrug It Off","Anger","Thunderclap","Heavy Blade+1","Reaper","Double Tap","Dropkick","Ghostly","Ghostly","Ghostly","Iron Wave+1","Dropkick","Headbutt","Rage"],"relics":["Burning Blood","NeowsBlessing","Bronze Scales","Oddly Smooth Stone","Ornamental Fan","PreservedInsect","Tiny House","Tiny Chest","Pear","Mercury Hourglass","Pantograph"],"potions_floor_usage":[16,18,22],"damage_taken":[{"damage":0,"enemies":"Cultist","floor":1,"turns":1},{"damage":0,"enemies":"2 Louse","floor":4,"turns":1},{"damage":0,"enemies":"Jaw Worm","floor":5,"turns":1},{"damage":39,"enemies":"3 Sentries","floor":6,"turns":8},{"damage":5,"enemies":"Exordium Wildlife","floor":12,"turns":4},{"damage":8,"enemies":"Exordium Thugs","floor":13,"turns":2},{"damage":4,"enemies":"Looter","floor":14,"turns":3},{"damage":60,"enemies":"Slime Boss","floor":16,"turns":11},{"damage":11,"enemies":"2 Thieves","floor":18,"turns":2},{"damage":2,"enemies":"Chosen","floor":22,"turns":5},{"damage":22,"enemies":"Book of Stabbing","floor":23,"turns":5},{"damage":2,"enemies":"Snecko","floor":24,"turns":5},{"damage":24,"enemies":"Snake Plant","floor":27,"turns":4},{"damage":49,"enemies":"Cultist and Chosen","floor":28,"turns":5}],"seed_played":"8467657052922711872","potions_obtained":[{"floor":4,"key":"LiquidBronze"},{"floor":6,"key":"Dexterity Potion"},{"floor":16,"key":"Regen Potion"},{"floor":17,"key":"Fire Potion"},{"floor":18,"key":"Fire Potion"}],"is_trial":false,"path_per_floor":["M","?","?","M","M","E","R","$","T","T","$","M","M","M","R","B",null,"M","?","?","T","M","E","M","R","T","M","M"],"character_chosen":"IRONCLAD","items_purchased":["Oddly Smooth Stone","Anger"],"campfire_rested":1,"item_purchase_floors":[8,11],"current_hp_per_floor":[74,74,74,75,75,42,42,42,42,42,42,43,41,43,65,18,66,61,61,40,50,50,34,38,38,38,20,0],"gold":231,"neow_bonus":"THREE_ENEMY_KILL","is_prod":false,"is_daily":false,"chose_seed":false,"campfire_upgraded":2,"win_rate":0,"timestamp":1549440203,"path_taken":["M","?","?","?","?","E","R","$","T","?","?","M","?","M","R","BOSS","M","?","?","?","M","E","M","R","T","M","?"],"build_version":"2019-01-23","purchased_purges":1,"victory":false,"max_hp_per_floor":[75,75,75,75,75,75,75,75,75,75,75,75,75,75,75,75,80,80,80,40,50,50,50,50,50,50,50,50],"card_choices":[{"not_picked":["Heavy Blade","Headbutt"],"picked":"Clothesline","floor":1},{"not_picked":["Cleave","Iron Wave"],"picked":"Whirlwind","floor":4},{"not_picked":["Fire Breathing","Anger"],"picked":"Shrug It Off","floor":5},{"not_picked":["Sever Soul","Second Wind","Perfected Strike"],"picked":"SKIP","floor":6},{"not_picked":["Warcry","Twin Strike"],"picked":"Thunderclap","floor":12},{"not_picked":["Entrench","Clothesline"],"picked":"Heavy Blade","floor":13},{"not_picked":["Rupture","Armaments"],"picked":"Reaper","floor":14},{"not_picked":["Reaper","Barricade"],"picked":"Double Tap","floor":16},{"not_picked":["Hemokinesis","Clothesline"],"picked":"Dropkick","floor":18},{"not_picked":["Flame Barrier+1","Metallicize"],"picked":"Iron Wave+1","floor":22},{"not_picked":["Carnage","Thunderclap"],"picked":"Dropkick","floor":23},{"not_picked":["Twin Strike","Rampage"],"picked":"Headbutt","floor":24},{"not_picked":["Reckless Charge+1","Pummel"],"picked":"Rage","floor":27}],"player_experience":732179,"relics_obtained":[{"floor":6,"key":"Bronze Scales"},{"floor":9,"key":"Ornamental Fan"},{"floor":10,"key":"PreservedInsect"},{"floor":21,"key":"Pear"},{"floor":23,"key":"Mercury Hourglass"},{"floor":26,"key":"Pantograph"}],"event_choices":[{"damage_healed":0,"gold_gain":0,"player_choice":"Ignored","damage_taken":0,"max_hp_gain":0,"max_hp_loss":0,"event_name":"Liars Game","floor":2,"gold_loss":0},{"damage_healed":0,"gold_gain":0,"player_choice":"0 cards matched","damage_taken":0,"max_hp_gain":0,"max_hp_loss":0,"event_name":"Match and Keep!","floor":3,"gold_loss":0,"cards_obtained":[]},{"damage_healed":0,"gold_gain":0,"player_choice":"Obtained Relic","damage_taken":0,"relics_obtained":["Tiny Chest"],"max_hp_gain":0,"max_hp_loss":0,"event_name":"Addict","floor":19,"gold_loss":85},{"damage_healed":0,"gold_gain":0,"player_choice":"Became a Ghost","damage_taken":0,"max_hp_gain":0,"max_hp_loss":40,"event_name":"Ghosts","floor":20,"gold_loss":0,"cards_obtained":["Ghostly","Ghostly","Ghostly"]}],"is_beta":true,"boss_relics":[{"not_picked":["Black Star","Runic Dome"],"picked":"Tiny House"}],"items_purged_floors":[11],"is_endless":false,"potions_floor_spawned":[4,6,13,16,18],"killed_by":"Cultist and Chosen","ascension_level":19}