{"path_per_floor":["M","?","$","M","M","E","M","?","T","$","?","E","M","M","R","B",null,"M","?","M","$","?","R","?","M","T"],"character_chosen":"THE_SILENT","items_purchased":["Prepared","Well Laid Plans","Backflip","Distraction","Envenom"],"gold_per_floor":[114,114,18,30,47,82,101,101,101,1,0,40,59,75,75,204,204,195,195,211,57,57,57,57,70,123,123],"floor_reached":27,"campfire_rested":2,"playtime":1981,"current_hp_per_floor":[70,70,70,70,70,60,60,43,43,43,43,28,28,28,49,37,77,70,70,58,58,58,77,77,60,65,0],"items_purged":["Normality"],"gold":123,"score":223,"play_id":"4bcf0558-385f-41c7-ad2e-a0620ac7b448","local_time":"20180323220809","is_prod":false,"is_daily":false,"is_ascension_mode":false,"campfire_upgraded":0,"timestamp":1521857289,"path_taken":["M","?","$","M","?","E","M","?","T","?","?","E","M","?","R","BOSS","M","?","M","$","?","R","?","M","T","E"],"build_version":"2018-03-22v2","purchased_purges":1,"victory":false,"master_deck":["Defend_G+1","Defend_G+1","Defend_G+1","Defend_G+1","Defend_G+1","Strike_G+1","Strike_G+1","Strike_G+1","Strike_G+1","Strike_G+1","Survivor","Neutralize","Adrenaline","Flying Knee","Prepared","Well Laid Plans","Terror","Deflect","Blade Dance","Deadly Poison","Backflip","Distraction","Backflip","Skewer","Deadly Poison","Envenom","Doubt","Injury","Poisoned Stab","Flying Knee","Envenom","Escape Plan"],"max_hp_per_floor":[70,70,70,70,70,70,70,70,70,70,70,70,70,70,70,70,77,77,77,77,77,77,77,77,77,77,77],"relics":["Ring of the Snake","Anchor","Bloody Idol","Gambling Chip","Sundial","Calling Bell","Unceasing Top","Bag of Preparation","Strawberry","Juzu Bracelet"],"card_choices":[{"not_picked":["Dagger Spray","Dagger Throw"],"picked":"Flying Knee","floor":1},{"not_picked":["Quick Slash","Endless Agony"],"picked":"Terror","floor":4},{"not_picked":["Eviscerate","Crippling Poison"],"picked":"Deflect","floor":5},{"not_picked":["Outmaneuver","Dagger Spray"],"picked":"Blade Dance","floor":6},{"not_picked":["Dash","Dagger Throw"],"picked":"Deadly Poison","floor":7},{"not_picked":["Acrobatics","Terror"],"picked":"Backflip","floor":12},{"not_picked":["Tactician","PiercingWail"],"picked":"Skewer","floor":13},{"not_picked":["Underhanded Strike","Bouncing Flask"],"picked":"Deadly Poison","floor":14},{"not_picked":["Bullet Time","Adrenaline"],"picked":"Envenom","floor":16},{"not_picked":["Dash","Dagger Spray"],"picked":"Poisoned Stab","floor":18},{"not_picked":["PiercingWail","Caltrops"],"picked":"Flying Knee","floor":20},{"not_picked":["Flying Knee","Backflip"],"picked":"Escape Plan","floor":25}],"player_experience":11807,"potions_floor_usage":[6,25,25],"damage_taken":[{"damage":0,"enemies":"Small Slimes","floor":1,"turns":4},{"damage":0,"enemies":"Jaw Worm","floor":4,"turns":5},{"damage":0,"enemies":"Cultist","floor":5,"turns":3},{"damage":10,"enemies":"3 Sentries","floor":6,"turns":9},{"damage":0,"enemies":"Red Slaver","floor":7,"turns":4},{"damage":15,"enemies":"Lagavulin","floor":12,"turns":6},{"damage":0,"enemies":"Blue Slaver","floor":13,"turns":3},{"damage":0,"enemies":"Large Slime","floor":14,"turns":4},{"damage":12,"enemies":"The Guardian","floor":16,"turns":10},{"damage":7,"enemies":"2 Thieves","floor":18,"turns":4},{"damage":12,"enemies":"Chosen","floor":20,"turns":5},{"damage":22,"enemies":"Centurion and Healer","floor":25,"turns":9},{"damage":66,"enemies":"Gremlin Leader","floor":27,"turns":6}],"event_choices":[{"event_name":"Liars Game","player_choice":"disagreed","floor":2,"damage_taken":0},{"event_name":"Golden Idol","player_choice":"Take Damage","floor":8,"damage_taken":0},{"event_name":"World of Goop","player_choice":"Left","floor":11,"damage_taken":0},{"event_name":"Back to Basics","player_choice":"Simplicity","floor":19,"damage_taken":0},{"event_name":"Beggar","player_choice":"Ignored","floor":22,"damage_taken":0},{"event_name":"Forgotten Altar","player_choice":"Gave Idol","floor":24,"damage_taken":0}],"boss_relics":[{"not_picked":["Velvet Choker","Snecko Eye"],"picked":"Calling Bell"}],"potions_floor_spawned":[5,7,16,20],"seed_played":"-1022479367795942437","killed_by":"Gremlin Leader","ascension_level":0,"is_trial":false}