{"gold_per_floor":[118,118,193,218,230,265,265,113,113,125,15,33,33,63,63,138,138,157,157,157,172,172,172,172],"floor_reached":24,"playtime":996,"items_purged":[],"score":360,"play_id":"8924fcae-8aa5-429c-983c-5f1bfecd0495","local_time":"20190308222149","is_ascension_mode":true,"campfire_choices":[{"floor":7,"key":"REST"},{"data":"Fusion","floor":10,"key":"SMITH"},{"floor":15,"key":"REST"},{"floor":23,"key":"REST"}],"neow_cost":"NONE","seed_source_timestamp":1322948927411293,"circlet_count":0,"master_deck":["AscendersBane","Strike_B","Defend_B","Defend_B","Defend_B","Defend_B","Zap","Dualcast","Fusion+1","Ball Lightning","Defragment","Blizzard","Cold Snap","Coolheaded","Capacitor","Chaos","Ball Lightning","Barrage","Buffer","Glacier","Hologram","Cold Snap","Coolheaded"],"relics":["Cracked Core","Pear","Happy Flower","Art of War","MawBank","Question Card","Nuclear Battery"],"potions_floor_usage":[14,16,18],"damage_taken":[{"damage":10,"enemies":"Small Slimes","floor":1,"turns":3},{"damage":0,"enemies":"2 Louse","floor":5,"turns":3},{"damage":25,"enemies":"Lagavulin","floor":6,"turns":7},{"damage":7,"enemies":"Jaw Worm","floor":12,"turns":2},{"damage":19,"enemies":"Gremlin Nob","floor":14,"turns":4},{"damage":35,"enemies":"The Guardian","floor":16,"turns":11},{"damage":26,"enemies":"2 Thieves","floor":18,"turns":4},{"damage":11,"enemies":"Spheric Guardian","floor":21,"turns":5},{"damage":29,"enemies":"Slavers","floor":24,"turns":2}],"seed_played":"1375941180244380993","potions_obtained":[{"floor":5,"key":"SpeedPotion"},{"floor":12,"key":"Weak Potion"},{"floor":14,"key":"Regen Potion"},{"floor":16,"key":"Explosive Potion"}],"is_trial":false,"path_per_floor":["M","?","?","T","M","E","R","$","T","R","$","M","?","E","R","B",null,"M","?","?","M","?","R","E"],"character_chosen":"DEFECT","items_purchased":["Blizzard","Cold Snap","Coolheaded","Capacitor","Chaos"],"campfire_rested":3,"item_purchase_floors":[8,8,8,11,11],"current_hp_per_floor":[54,46,35,35,35,10,34,34,34,34,34,27,27,8,32,12,64,38,38,15,4,4,29,0],"gold":172,"neow_bonus":"TRANSFORM_CARD","is_prod":false,"is_daily":false,"chose_seed":false,"campfire_upgraded":1,"win_rate":0,"timestamp":1552080109,"path_taken":["M","?","?","?","M","E","R","?","T","R","$","M","?","E","R","BOSS","M","?","?","M","?","R","E"],"build_version":"2019-02-06","purchased_purges":0,"victory":false,"max_hp_per_floor":[71,81,81,81,81,81,81,81,81,81,81,81,81,81,81,81,81,81,81,86,86,86,86,86],"card_choices":[{"not_picked":["Leap","Force Field","Hello World"],"picked":"SKIP","floor":1},{"not_picked":["Barrage","Steam"],"picked":"Ball Lightning","floor":5},{"not_picked":["Cold Snap","Undo"],"picked":"Defragment","floor":6},{"not_picked":["Gash","Scrape"],"picked":"Ball Lightning","floor":12},{"not_picked":["Leap","Ball Lightning"],"picked":"Barrage","floor":14},{"not_picked":["Thunder Strike","Fission","Meteor Strike"],"picked":"Buffer","floor":16},{"not_picked":["Doom and Gloom","Melter","Redo"],"picked":"Glacier","floor":18},{"not_picked":["Heatsinks","Hologram","Conserve Battery"],"picked":"Coolheaded","floor":21}],"player_experience":914417,"relics_obtained":[{"floor":4,"key":"Happy Flower"},{"floor":6,"key":"Art of War"},{"floor":9,"key":"MawBank"},{"floor":14,"key":"Question Card"}],"event_choices":[{"damage_healed":0,"gold_gain":0,"player_choice":"Success","damage_taken":18,"relics_obtained":["Pear"],"max_hp_gain":0,"max_hp_loss":0,"event_name":"Scrap Ooze","floor":2,"gold_loss":0},{"damage_healed":0,"gold_gain":75,"player_choice":"Gather Gold","damage_taken":11,"max_hp_gain":0,"max_hp_loss":0,"event_name":"World of Goop","floor":3,"gold_loss":0},{"damage_healed":0,"gold_gain":0,"player_choice":"Ignored","damage_taken":0,"max_hp_gain":0,"max_hp_loss":0,"event_name":"Liars Game","floor":13,"gold_loss":0},{"damage_healed":0,"gold_gain":0,"cards_transformed":["Strike_B","Strike_B"],"player_choice":"Became Test Subject","damage_taken":0,"max_hp_gain":0,"max_hp_loss":0,"event_name":"Drug Dealer","floor":19,"gold_loss":0,"cards_obtained":["Hologram","Cold Snap"]},{"damage_healed":0,"gold_gain":0,"player_choice":"Shed Blood","damage_taken":28,"max_hp_gain":5,"max_hp_loss":0,"event_name":"Forgotten Altar","floor":20,"gold_loss":0},{"damage_healed":0,"gold_gain":0,"player_choice":"Ignored","damage_taken":0,"max_hp_gain":0,"max_hp_loss":0,"event_name":"Ghosts","floor":22,"gold_loss":0}],"is_beta":true,"boss_relics":[{"not_picked":["White Beast Statue","Tiny House"],"picked":"Nuclear Battery"}],"items_purged_floors":[],"is_endless":false,"potions_floor_spawned":[5,12,14,16],"killed_by":"Slavers","ascension_level":16}