{"gold_per_floor":[109,109,120,39,59,59,87,107,134,134,151,169,219,230,230,306,306,319,319,303,323,340,369,369,389,416,435,265,285,297,297,297,372,372,383,31,31,49,67,67,79,79,79,94,94,125,125,138,138,138],"floor_reached":51,"playtime":3942,"items_purged":["Defend_G","Strike_G"],"score":1194,"play_id":"07c159ad-7904-4e4f-8932-73cc0d813447","local_time":"20190216151351","is_ascension_mode":true,"campfire_choices":[{"data":"Deadly Poison","floor":6,"key":"SMITH"},{"data":"Footwork","floor":10,"key":"SMITH"},{"data":"Skewer","floor":15,"key":"SMITH"},{"data":"Night Terror","floor":24,"key":"SMITH"},{"data":"Bouncing Flask","floor":32,"key":"SMITH"},{"data":"Tactician","floor":40,"key":"SMITH"},{"data":"Noxious Fumes","floor":42,"key":"SMITH"},{"floor":47,"key":"REST"},{"floor":49,"key":"REST"}],"neow_cost":"NONE","seed_source_timestamp":20236567234744,"circlet_count":0,"master_deck":["AscendersBane","Defend_G","Defend_G","Defend_G","Defend_G","Strike_G","Strike_G","Strike_G","Survivor","Neutralize","Adrenaline","Deadly Poison+1","Blur","Footwork+1","Deflect","Escape Plan","Leg Sweep","Backstab","Backstab","Skewer+1","Night Terror+1","Noxious Fumes+1","Footwork+1","PiercingWail","Deflect","Trip","Deadly Poison","Bouncing Flask+1","Malaise","Dagger Throw","Escape Plan","Tactician","Enlightenment","Tactician+1"],"relics":["Ring of the Snake","Anchor","Blood Vial","Bag of Preparation","Runic Pyramid","Boot","Strawberry","Cursed Key","Bag of Marbles"],"potions_floor_usage":[7,22,23,44,44,46],"damage_taken":[{"damage":1,"enemies":"Cultist","floor":1,"turns":5},{"damage":0,"enemies":"Jaw Worm","floor":3,"turns":3},{"damage":0,"enemies":"Small Slimes","floor":5,"turns":4},{"damage":15,"enemies":"3 Sentries","floor":7,"turns":15},{"damage":7,"enemies":"Exordium Thugs","floor":8,"turns":7},{"damage":0,"enemies":"2 Fungi Beasts","floor":11,"turns":3},{"damage":0,"enemies":"Gremlin Gang","floor":12,"turns":4},{"damage":0,"enemies":"Blue Slaver","floor":14,"turns":2},{"damage":7,"enemies":"The Guardian","floor":16,"turns":11},{"damage":2,"enemies":"3 Byrds","floor":18,"turns":6},{"damage":0,"enemies":"2 Thieves","floor":20,"turns":4},{"damage":0,"enemies":"Centurion and Healer","floor":21,"turns":7},{"damage":24,"enemies":"3 Cultists","floor":22,"turns":7},{"damage":0,"enemies":"Book of Stabbing","floor":23,"turns":9},{"damage":12,"enemies":"Snecko","floor":25,"turns":7},{"damage":3,"enemies":"Snake Plant","floor":27,"turns":6},{"damage":0,"enemies":"Shelled Parasite and Fungi","floor":29,"turns":7},{"damage":0,"enemies":"Sentry and Sphere","floor":30,"turns":7},{"damage":7,"enemies":"Champ","floor":33,"turns":14},{"damage":0,"enemies":"Orb Walker","floor":35,"turns":3},{"damage":0,"enemies":"3 Shapes","floor":38,"turns":6},{"damage":0,"enemies":"Writhing Mass","floor":39,"turns":7},{"damage":0,"enemies":"4 Shapes","floor":41,"turns":6},{"damage":0,"enemies":"Transient","floor":44,"turns":5},{"damage":46,"enemies":"Reptomancer","floor":46,"turns":7},{"damage":12,"enemies":"Spire Growth","floor":48,"turns":5},{"damage":45,"enemies":"Time Eater","floor":50,"turns":14}],"seed_played":"5480029352770531955","potions_obtained":[{"floor":1,"key":"Strength Potion"},{"floor":5,"key":"GamblersBrew"},{"floor":11,"key":"SteroidPotion"},{"floor":25,"key":"Fire Potion"},{"floor":27,"key":"SpeedPotion"},{"floor":35,"key":"GhostInAJar"},{"floor":44,"key":"GhostInAJar"},{"floor":46,"key":"SpeedPotion"}],"is_trial":false,"path_per_floor":["M","T","M","$","M","R","E","M","T","R","M","M","?","M","R","B",null,"M","?","M","M","M","E","R","M","T","M","$","M","M","?","R","B",null,"M","$","?","M","M","R","M","R","T","M","?","E","R","M","R","B",null],"character_chosen":"THE_SILENT","items_purchased":["Footwork","Deflect","Trip","Escape Plan","Tactician","Enlightenment"],"campfire_rested":2,"item_purchase_floors":[4,4,28,36,36,36],"current_hp_per_floor":[58,58,58,58,58,58,43,38,38,38,40,42,42,44,44,39,59,59,59,61,63,41,43,43,33,40,39,39,41,43,43,43,38,64,66,66,66,68,70,70,72,72,72,73,70,24,45,35,56,13],"gold":138,"neow_bonus":"ONE_RANDOM_RARE_CARD","is_prod":false,"is_daily":false,"chose_seed":false,"campfire_upgraded":7,"win_rate":0,"timestamp":1550326431,"path_taken":["M","?","M","$","M","R","E","M","T","R","?","M","?","?","R","BOSS","M","?","M","M","M","E","R","M","T","M","$","M","?","?","R","BOSS","M","$","?","M","?","R","M","R","T","M","?","E","R","M","R","BOSS"],"build_version":"2019-02-06","purchased_purges":2,"victory":true,"max_hp_per_floor":[66,66,66,66,66,66,66,66,66,66,66,66,66,66,66,66,66,66,66,66,66,66,66,66,66,73,73,73,73,73,73,73,73,73,73,73,73,73,73,73,73,73,73,73,70,70,70,70,70,70],"card_choices":[{"not_picked":["Deflect","Finisher"],"picked":"Deadly Poison","floor":1},{"not_picked":["Calculated Gamble","Flechettes"],"picked":"Blur","floor":3},{"not_picked":["Sucker Punch","Cloak And Dagger","Dagger Throw"],"picked":"SKIP","floor":5},{"not_picked":["Flechettes","Tools of the Trade"],"picked":"Escape Plan","floor":7},{"not_picked":["Outmaneuver","Prepared"],"picked":"Leg Sweep","floor":8},{"not_picked":["Calculated Gamble","Dodge and Roll"],"picked":"Backstab","floor":11},{"not_picked":["Heel Hook","Eviscerate"],"picked":"Backstab","floor":12},{"not_picked":["PiercingWail","Dagger Spray"],"picked":"Skewer","floor":14},{"not_picked":["A Thousand Cuts","Doppelganger"],"picked":"Night Terror","floor":16},{"not_picked":["Deflect","Prepared"],"picked":"Noxious Fumes","floor":18},{"not_picked":["Backflip","Finisher","Quick Slash"],"picked":"SKIP","floor":20},{"not_picked":["Dodge and Roll","Cloak And Dagger","Dagger Throw"],"picked":"SKIP","floor":21},{"not_picked":["Acrobatics","Underhanded Strike","Blade Dance"],"picked":"SKIP","floor":22},{"not_picked":["Caltrops","Bane","Blade Dance+1"],"picked":"SKIP","floor":23},{"not_picked":["Doppelganger","Blade Dance"],"picked":"PiercingWail","floor":25},{"not_picked":["Blade Dance","Slice"],"picked":"Deflect","floor":27},{"not_picked":["PiercingWail","Acrobatics+1"],"picked":"Deadly Poison","floor":29},{"not_picked":["Cloak And Dagger","Endless Agony"],"picked":"Bouncing Flask","floor":30},{"not_picked":["Corpse Explosion","Unload"],"picked":"Malaise","floor":33},{"not_picked":["Underhanded Strike","Endless Agony"],"picked":"Dagger Throw","floor":35},{"not_picked":["Blade Dance","Accuracy","Bane"],"picked":"SKIP","floor":38},{"not_picked":["Sucker Punch+1","Flying Knee+1"],"picked":"Tactician","floor":39},{"not_picked":["Flying Knee","Prepared+1","Reflex"],"picked":"SKIP","floor":41},{"not_picked":["Quick Slash","Bane","Slice"],"picked":"SKIP","floor":44},{"not_picked":["Unload","Heel Hook","Escape Plan"],"picked":"SKIP","floor":46},{"not_picked":["Prepared","Dodge and Roll+1","Well Laid Plans+1"],"picked":"SKIP","floor":48}],"player_experience":788802,"relics_obtained":[{"floor":2,"key":"Anchor"},{"floor":7,"key":"Blood Vial"},{"floor":9,"key":"Bag of Preparation"},{"floor":23,"key":"Boot"},{"floor":26,"key":"Strawberry"},{"floor":46,"key":"Bag of Marbles"}],"event_choices":[{"damage_healed":0,"gold_gain":50,"player_choice":"Pray","damage_taken":0,"max_hp_gain":0,"max_hp_loss":0,"event_name":"Golden Shrine","floor":13,"gold_loss":0},{"damage_healed":0,"gold_gain":0,"player_choice":"Copied","damage_taken":0,"max_hp_gain":0,"max_hp_loss":0,"event_name":"Duplicator","floor":19,"gold_loss":0,"cards_obtained":["Footwork"]},{"damage_healed":0,"gold_gain":0,"player_choice":"Ignored","damage_taken":0,"max_hp_gain":0,"max_hp_loss":0,"event_name":"Cursed Tome","floor":31,"gold_loss":0},{"cards_removed":["Strike_G"],"damage_healed":0,"gold_gain":0,"player_choice":"Offered Basic","damage_taken":0,"max_hp_gain":0,"max_hp_loss":0,"event_name":"Bonfire Elementals","floor":37,"gold_loss":0},{"cards_removed":["Parasite"],"damage_healed":0,"gold_gain":0,"player_choice":"Purged","damage_taken":0,"max_hp_gain":0,"max_hp_loss":0,"event_name":"Purifier","floor":45,"gold_loss":0}],"is_beta":true,"boss_relics":[{"not_picked":["Tiny House","Astrolabe"],"picked":"Runic Pyramid"},{"not_picked":["Snecko Eye","Fusion Hammer"],"picked":"Cursed Key"}],"items_purged_floors":[28,36],"is_endless":false,"potions_floor_spawned":[1,5,11,20,25,27,29,33,35,38,44,46],"ascension_level":15}