{"gold_per_floor":[115,115,115,134,134,134,150,75,75,95,121,81],"floor_reached":12,"playtime":508,"items_purged":["Defend_R"],"score":152,"play_id":"928e65d3-51e6-4fb0-ae8a-b0ce4e059818","local_time":"20190206172116","is_ascension_mode":true,"campfire_choices":[{"data":"Uppercut","floor":6,"key":"SMITH"}],"neow_cost":"NONE","seed_source_timestamp":0,"circlet_count":0,"master_deck":["AscendersBane","Strike_R","Strike_R","Strike_R","Strike_R","Defend_R","Defend_R","Defend_R","Bash","Madness","Uppercut+1","Offering","Pommel Strike","Clothesline"],"special_seed":0,"relics":["Burning Blood","Turnip","Paper Frog","Meat on the Bone"],"potions_floor_usage":[11,12,12],"damage_taken":[{"damage":1,"enemies":"2 Louse","floor":1,"turns":2},{"damage":21,"enemies":"Jaw Worm","floor":4,"turns":5},{"damage":0,"enemies":"Cultist","floor":7,"turns":3},{"damage":19,"enemies":"3 Louse","floor":10,"turns":3},{"damage":36,"enemies":"3 Sentries","floor":11,"turns":6},{"damage":15,"enemies":"Exordium Thugs","floor":12,"turns":2}],"seed_played":"-7657210099874904465","potions_obtained":[{"floor":4,"key":"Weak Potion"},{"floor":10,"key":"LiquidBronze"},{"floor":11,"key":"Swift Potion"}],"is_trial":false,"path_per_floor":["M","?","?","M","?","R","M","$","T","M","E","M"],"character_chosen":"IRONCLAD","items_purchased":[],"campfire_rested":0,"item_purchase_floors":[],"current_hp_per_floor":[73,68,68,53,46,46,52,52,52,39,9,0],"gold":81,"neow_bonus":"RANDOM_COLORLESS","is_prod":false,"is_daily":false,"chose_seed":false,"campfire_upgraded":1,"win_rate":0,"timestamp":1549470076,"path_taken":["M","?","?","M","?","R","M","?","T","M","E","?"],"build_version":"2019-01-23","purchased_purges":1,"victory":false,"max_hp_per_floor":[75,75,75,75,75,75,75,75,75,75,75,75],"card_choices":[{"not_picked":["Anger","Wild Strike"],"picked":"Uppercut","floor":1},{"not_picked":["Havoc","Flex","Body Slam"],"picked":"SKIP","floor":4},{"not_picked":["Clothesline","Heavy Blade"],"picked":"Offering","floor":7},{"not_picked":["Inflame","Heavy Blade"],"picked":"Pommel Strike","floor":10},{"not_picked":["Pummel","Seeing Red"],"picked":"Clothesline","floor":11}],"player_experience":738833,"relics_obtained":[{"floor":9,"key":"Paper Frog"},{"floor":11,"key":"Meat on the Bone"}],"event_choices":[{"damage_healed":0,"gold_gain":0,"player_choice":"Success","damage_taken":5,"relics_obtained":["Turnip"],"max_hp_gain":0,"max_hp_loss":0,"event_name":"Scrap Ooze","floor":2,"gold_loss":0},{"damage_healed":0,"gold_gain":0,"player_choice":"Ignored","damage_taken":0,"max_hp_gain":0,"max_hp_loss":0,"event_name":"Liars Game","floor":3,"gold_loss":0},{"cards_removed":["Strike_R"],"damage_healed":0,"gold_gain":0,"player_choice":"Card Removal","damage_taken":7,"max_hp_gain":0,"max_hp_loss":0,"event_name":"Golden Wing","floor":5,"gold_loss":0}],"is_beta":true,"boss_relics":[],"items_purged_floors":[8],"is_endless":false,"potions_floor_spawned":[4,10,11],"killed_by":"Exordium Thugs","ascension_level":19}