{"gold_per_floor":[114,129,129,153,153,186,186,186,186,207,227,227,241,241,241,241],"floor_reached":16,"playtime":1322,"items_purged":[],"score":102,"play_id":"5a8db5e5-0c92-4693-9f6b-5d329ffccced","local_time":"20190204180519","is_ascension_mode":false,"campfire_choices":[{"floor":7,"key":"REST"},{"floor":15,"key":"REST"}],"neow_cost":"TEN_PERCENT_HP_LOSS","seed_source_timestamp":0,"circlet_count":0,"master_deck":["Defend_G","Defend_G","Defend_G","Defend_G","Defend_G","Strike_G+1","Strike_G","Strike_G","Strike_G","Strike_G","Survivor","Neutralize","Reflex","Cloak And Dagger","Injury","Blade Dance+1","Choke","Endless Agony","Burst+1","Acrobatics+1"],"special_seed":0,"relics":["Ring of the Snake","Ice Cream","Golden Idol","Peace Pipe","Juzu Bracelet","Toxic Egg 2","Matryoshka"],"potions_floor_usage":[16,16,16],"damage_taken":[{"damage":0.0,"enemies":"2 Louse","floor":1.0,"turns":2.0},{"damage":3.0,"enemies":"Jaw Worm","floor":2.0,"turns":5.0},{"damage":0.0,"enemies":"Cultist","floor":4.0,"turns":4.0},{"damage":33,"enemies":"3 Sentries","floor":6,"turns":15},{"damage":4,"enemies":"2 Fungi Beasts","floor":10,"turns":4},{"damage":17,"enemies":"Large Slime","floor":11,"turns":7},{"damage":1,"enemies":"Blue Slaver","floor":13,"turns":4},{"damage":29,"enemies":"The Guardian","floor":16,"turns":16}],"seed_played":"-5987139590169776691","potions_obtained":[{"floor":1.0,"key":"Poison Potion"},{"floor":2.0,"key":"Dexterity Potion"},{"floor":10,"key":"EssenceOfSteel"}],"is_trial":false,"path_per_floor":["M","M","?","M","?","E","R","?","T","M","M","?","M","?","R","B"],"character_chosen":"THE_SILENT","items_purchased":[],"campfire_rested":2,"item_purchase_floors":[],"current_hp_per_floor":[63,60,60,60,60,27,45,32,32,28,11,11,10,10,28,0],"gold":241,"neow_bonus":"ONE_RARE_RELIC","is_prod":false,"is_daily":false,"chose_seed":false,"campfire_upgraded":0,"win_rate":0.0,"timestamp":1549321519,"path_taken":["M","M","?","M","?","E","R","?","T","M","M","?","M","?","R","BOSS"],"build_version":"2019-01-23","purchased_purges":0,"victory":false,"max_hp_per_floor":[63,63,63,63,63,63,63,63,63,63,63,63,63,63,63,63],"card_choices":[{"not_picked":["Calculated Gamble","Backflip"],"picked":"Reflex","floor":1.0},{"not_picked":["Bane","Sucker Punch"],"picked":"Cloak And Dagger","floor":2.0},{"not_picked":["Poisoned Stab","Bane"],"picked":"Blade Dance","floor":4},{"not_picked":["Skewer","Masterful Stab"],"picked":"Choke","floor":6},{"not_picked":["Dagger Throw","Deflect+1"],"picked":"Endless Agony","floor":10},{"not_picked":["Underhanded Strike","Backflip+1"],"picked":"Burst+1","floor":11},{"not_picked":["Escape Plan+1","Eviscerate"],"picked":"Acrobatics+1","floor":13}],"player_experience":20207,"relics_obtained":[{"floor":5,"key":"Peace Pipe"},{"floor":6,"key":"Juzu Bracelet"},{"floor":9,"key":"Toxic Egg 2"}],"event_choices":[{"damage_healed":0.0,"max_hp_gain":0.0,"max_hp_loss":0.0,"gold_gain":0.0,"event_name":"Golden Idol","player_choice":"Take Wound","floor":3.0,"gold_loss":0.0,"damage_taken":0.0,"relics_obtained":["Golden Idol"],"cards_obtained":["Injury"]},{"damage_healed":0,"gold_gain":0,"player_choice":"Relic","damage_taken":0,"max_hp_gain":0,"max_hp_loss":0,"event_name":"Wheel of Change","floor":5,"gold_loss":0},{"damage_healed":0,"gold_gain":0,"player_choice":"Entered Light","damage_taken":13,"max_hp_gain":0,"max_hp_loss":0,"event_name":"Shining Light","floor":8,"gold_loss":0,"cards_upgraded":["Strike_G","Blade Dance"]},{"damage_healed":0,"gold_gain":0,"player_choice":"Searched \u00271\u0027 times","damage_taken":0,"relics_obtained":["Matryoshka"],"max_hp_gain":0,"max_hp_loss":0,"event_name":"Dead Adventurer","floor":12,"gold_loss":0},{"damage_healed":0,"gold_gain":0,"player_choice":"Ignored","damage_taken":0,"max_hp_gain":0,"max_hp_loss":0,"event_name":"Liars Game","floor":14,"gold_loss":0}],"is_beta":false,"boss_relics":[],"items_purged_floors":[],"is_endless":false,"potions_floor_spawned":[1,2,10,13],"killed_by":"The Guardian","ascension_level":0}