{"gold_per_floor":[109,125,141,155,167,167,185,201,255,290,300,300,314,332,332,436,436,447,447,459,459,479,479,334,334,358,377,396,396,63,76,76,76],"floor_reached":33,"playtime":1690,"items_purged":[],"score":257,"play_id":"8559b655-be31-421e-b10e-e8a806b0fbb9","local_time":"20190208120751","is_ascension_mode":false,"campfire_choices":[{"floor":6,"key":"RECALL"},{"floor":12,"key":"REST"},{"floor":15,"key":"REST"},{"data":"Backflip","floor":23,"key":"SMITH"},{"data":"Riddle With Holes","floor":25,"key":"SMITH"},{"data":"Catalyst","floor":29,"key":"SMITH"},{"floor":32,"key":"REST"}],"neow_cost":"PERCENT_DAMAGE","seed_source_timestamp":1276348619047521,"circlet_count":0,"master_deck":["Defend_G+1","Defend_G+1","Defend_G+1","Defend_G+1","Strike_G+1","Survivor","Neutralize","Riddle With Holes+1","Dodge and Roll","Distraction","Bane","Slice","Predator","Blur","Deadly Poison","Dash","Catalyst+1","Backstab","Backflip+1","Dash","Corpse Explosion","Corpse Explosion+1","Dagger Throw+1","Flechettes+1","Deadly Poison+1","Escape Plan","Flying Knee","Catalyst","Bouncing Flask","Footwork","Malaise","Phantasmal Killer","Predator"],"relics":["Ring of the Snake","Matryoshka","Astrolabe","Meat on the Bone","Bag of Preparation","Pen Nib","Regal Pillow","Dream Catcher"],"potions_floor_usage":[10,10,22,22,31,33,33,33],"damage_taken":[{"damage":0,"enemies":"Small Slimes","floor":1,"turns":3},{"damage":3,"enemies":"2 Louse","floor":2,"turns":4},{"damage":0,"enemies":"Jaw Worm","floor":3,"turns":4},{"damage":16,"enemies":"Red Slaver","floor":4,"turns":6},{"damage":0,"enemies":"3 Louse","floor":5,"turns":4},{"damage":18,"enemies":"Lots of Slimes","floor":7,"turns":5},{"damage":0,"enemies":"Looter","floor":8,"turns":4},{"damage":6,"enemies":"Gremlin Nob","floor":10,"turns":4},{"damage":3,"enemies":"2 Fungi Beasts","floor":11,"turns":3},{"damage":0,"enemies":"Red Slaver","floor":13,"turns":3},{"damage":0,"enemies":"Exordium Wildlife","floor":14,"turns":3},{"damage":20,"enemies":"Hexaghost","floor":16,"turns":12},{"damage":0,"enemies":"Chosen","floor":18,"turns":5},{"damage":4,"enemies":"2 Thieves","floor":20,"turns":4},{"damage":17,"enemies":"Centurion and Healer","floor":22,"turns":5},{"damage":7,"enemies":"Snecko","floor":27,"turns":4},{"damage":0,"enemies":"3 Cultists","floor":28,"turns":2},{"damage":10,"enemies":"Snake Plant","floor":31,"turns":3},{"damage":71,"enemies":"Automaton","floor":33,"turns":10}],"seed_played":"-8300086336097131631","potions_obtained":[{"floor":1,"key":"Block Potion"},{"floor":3,"key":"GamblersBrew"},{"floor":5,"key":"GamblersBrew"},{"floor":10,"key":"LiquidBronze"},{"floor":11,"key":"Energy Potion"},{"floor":16,"key":"Block Potion"},{"floor":22,"key":"LiquidBronze"},{"floor":27,"key":"FearPotion"},{"floor":31,"key":"SpeedPotion"}],"is_trial":false,"path_per_floor":["M","M","M","M","M","R","M","M","T","E","M","R","M","M","R","B",null,"M","?","M","?","M","R","$","R","T","M","M","R","$","M","R","B"],"character_chosen":"THE_SILENT","items_purchased":["Bag of Preparation","Footwork","Dream Catcher","Malaise"],"campfire_rested":3,"item_purchase_floors":[24,30,30,30],"current_hp_per_floor":[49,46,46,30,30,30,12,12,12,6,3,24,24,24,45,25,70,70,70,66,66,49,49,49,49,49,42,42,42,42,44,70,0],"gold":76,"neow_bonus":"TRANSFORM_TWO_CARDS","is_prod":false,"is_daily":false,"chose_seed":false,"campfire_upgraded":3,"win_rate":0,"timestamp":1549645671,"path_taken":["M","M","M","M","M","R","M","M","T","E","M","R","M","M","R","BOSS","M","?","M","?","M","R","$","R","T","M","M","R","$","?","R","BOSS"],"build_version":"2019-01-23","purchased_purges":0,"victory":false,"max_hp_per_floor":[70,70,70,70,70,70,70,70,70,70,70,70,70,70,70,70,70,70,70,70,70,70,70,70,70,70,70,70,70,70,70,70,70],"card_choices":[{"not_picked":["Heel Hook","Expertise"],"picked":"Distraction","floor":1},{"not_picked":["Deadly Poison","Sucker Punch"],"picked":"Bane","floor":2},{"not_picked":["Reflex","Prepared"],"picked":"Slice","floor":3},{"not_picked":["Outmaneuver","Prepared"],"picked":"Predator","floor":4},{"not_picked":["Grand Finale","Setup"],"picked":"Blur","floor":5},{"not_picked":["Accuracy","Flechettes"],"picked":"Deadly Poison","floor":7},{"not_picked":["Escape Plan","Acrobatics"],"picked":"Dash","floor":8},{"not_picked":["Dodge and Roll","Night Terror"],"picked":"Catalyst","floor":10},{"not_picked":["Slice","Quick Slash"],"picked":"Backstab","floor":11},{"not_picked":["Reflex","Underhanded Strike"],"picked":"Backflip","floor":13},{"not_picked":["Concentrate","Dagger Throw"],"picked":"Dash","floor":14},{"not_picked":["Adrenaline","Night Terror"],"picked":"Corpse Explosion","floor":16},{"not_picked":["Dagger Spray","Blade Dance+1"],"picked":"Deadly Poison+1","floor":18},{"not_picked":["Caltrops","Prepared"],"picked":"Escape Plan","floor":20},{"not_picked":["Outmaneuver","Acrobatics+1"],"picked":"Flying Knee","floor":22},{"not_picked":["Outmaneuver","Dodge and Roll+1"],"picked":"Catalyst","floor":27},{"not_picked":["Sucker Punch+1","Poisoned Stab"],"picked":"Bouncing Flask","floor":28},{"not_picked":["Blade Dance","Dodge and Roll"],"picked":"Phantasmal Killer","floor":31},{"not_picked":["Acrobatics","Sucker Punch"],"picked":"Predator","floor":32}],"player_experience":72518,"relics_obtained":[{"floor":10,"key":"Matryoshka"},{"floor":26,"key":"Pen Nib"},{"floor":26,"key":"Regal Pillow"}],"event_choices":[{"damage_healed":0,"gold_gain":0,"player_choice":"Simplicity","damage_taken":0,"max_hp_gain":0,"max_hp_loss":0,"event_name":"Back to Basics","floor":19,"gold_loss":0,"cards_upgraded":["Defend_G","Defend_G","Defend_G","Defend_G","Strike_G"]},{"damage_healed":0,"gold_gain":0,"player_choice":"Opened","damage_taken":0,"relics_obtained":["Meat on the Bone"],"max_hp_gain":0,"max_hp_loss":0,"event_name":"The Mausoleum","floor":21,"gold_loss":0}],"is_beta":false,"boss_relics":[{"not_picked":["Empty Cage","Eternal Feather"],"picked":"Astrolabe"}],"items_purged_floors":[],"is_endless":false,"potions_floor_spawned":[1,3,5,10,11,16,18,22,27,31],"killed_by":"Automaton","ascension_level":0}