{"gold_per_floor":[114,114,126,41,41,41,72,72,98,108,123,66,93,53,53,124,124,140,230,181,126,146,146,157,157,181,193],"floor_reached":27,"playtime":1480,"items_purged":[],"score":467,"play_id":"7d7ffaa5-1081-44a3-af1c-47227b430c72","local_time":"20190304114239","is_ascension_mode":true,"campfire_choices":[{"data":"Neutralize","floor":6,"key":"SMITH"},{"data":"Footwork","floor":8,"key":"SMITH"},{"data":"PiercingWail","floor":15,"key":"SMITH"},{"floor":23,"key":"REST"},{"data":"Concentrate","floor":25,"key":"SMITH"}],"neow_cost":"NONE","seed_source_timestamp":938500175280415,"circlet_count":0,"master_deck":["AscendersBane","Defend_G","Defend_G","Defend_G+1","Defend_G","Defend_G","Strike_G","Strike_G","Survivor","Neutralize+1","Deadly Poison+1","Leg Sweep","Footwork+1","Backflip","PiercingWail+1","Dagger Spray","Backflip","Venomology","Skewer+1","Prepared+1","Bouncing Flask+1","Deflect","Concentrate+1","Underhanded Strike","Quick Slash","Heel Hook+1"],"relics":["Ring of the Snake","NeowsBlessing","Darkstone Periapt","Art of War","Blood Vial","Astrolabe","MawBank"],"potions_floor_usage":[13,16,22,27,27],"damage_taken":[{"damage":0,"enemies":"Small Slimes","floor":1,"turns":1},{"damage":0,"enemies":"2 Louse","floor":3,"turns":1},{"damage":0,"enemies":"3 Sentries","floor":7,"turns":2},{"damage":0,"enemies":"Cultist","floor":10,"turns":3},{"damage":0,"enemies":"Large Slime","floor":11,"turns":9},{"damage":11,"enemies":"Lagavulin","floor":13,"turns":7},{"damage":0,"enemies":"Looter","floor":14,"turns":4},{"damage":24,"enemies":"Hexaghost","floor":16,"turns":17},{"damage":3,"enemies":"Shell Parasite","floor":18,"turns":5},{"damage":15,"enemies":"2 Thieves","floor":20,"turns":5},{"damage":19,"enemies":"Snake Plant","floor":22,"turns":5},{"damage":1,"enemies":"Centurion and Healer","floor":24,"turns":9},{"damage":33,"enemies":"Book of Stabbing","floor":27,"turns":4}],"seed_played":"8521659717286197904","potions_obtained":[{"floor":1,"key":"GhostInAJar"},{"floor":10,"key":"Swift Potion"},{"floor":16,"key":"Strength Potion"},{"floor":20,"key":"FearPotion"}],"is_trial":false,"path_per_floor":["M","?","M","$","?","R","E","R","T","M","M","$","E","M","R","B",null,"M","?","M","$","M","R","M","R","T","E"],"character_chosen":"THE_SILENT","items_purchased":["Footwork","Dagger Spray","Underhanded Strike"],"campfire_rested":1,"item_purchase_floors":[4,12,21],"current_hp_per_floor":[59,39,39,39,39,39,39,39,39,39,39,39,28,30,30,8,52,51,39,26,26,9,28,29,29,29,0],"gold":193,"neow_bonus":"THREE_ENEMY_KILL","is_prod":false,"is_daily":false,"chose_seed":false,"campfire_upgraded":4,"win_rate":0,"timestamp":1551696159,"path_taken":["M","?","M","$","?","R","E","R","T","M","M","$","E","M","R","BOSS","M","?","M","$","?","R","M","R","T","E"],"build_version":"2019-02-06","purchased_purges":0,"victory":false,"max_hp_per_floor":[66,66,66,66,66,66,66,66,66,66,66,66,66,66,66,66,66,66,66,66,66,66,66,66,66,66,66],"card_choices":[{"not_picked":["Sucker Punch","Escape Plan"],"picked":"Deadly Poison","floor":1},{"not_picked":["Calculated Gamble","Reflex"],"picked":"Leg Sweep","floor":3},{"not_picked":["Dodge and Roll","Masterful Stab"],"picked":"Backflip","floor":7},{"not_picked":["Quick Slash","Blade Dance","Underhanded Strike"],"picked":"SKIP","floor":10},{"not_picked":["Riddle With Holes","Choke"],"picked":"PiercingWail","floor":11},{"not_picked":["Sucker Punch","Wraith Form v2","Reflex"],"picked":"SKIP","floor":13},{"not_picked":["Bane","Dagger Spray"],"picked":"Backflip","floor":14},{"not_picked":["Wraith Form v2","Storm of Steel"],"picked":"Venomology","floor":16},{"not_picked":["Bane","Cloak And Dagger"],"picked":"Deflect","floor":18},{"not_picked":["Predator","Prepared"],"picked":"Concentrate","floor":20},{"not_picked":["Dagger Spray","Dodge and Roll"],"picked":"Quick Slash","floor":22},{"not_picked":["Choke","All Out Attack"],"picked":"Heel Hook+1","floor":24}],"player_experience":833725,"relics_obtained":[{"floor":7,"key":"Darkstone Periapt"},{"floor":9,"key":"Art of War"},{"floor":13,"key":"Blood Vial"},{"floor":26,"key":"MawBank"}],"event_choices":[{"damage_healed":0,"gold_gain":0,"player_choice":"Entered Light","damage_taken":20,"max_hp_gain":0,"max_hp_loss":0,"event_name":"Shining Light","floor":2,"gold_loss":0,"cards_upgraded":["Deadly Poison","Defend_G"]},{"damage_healed":0,"gold_gain":0,"player_choice":"Ignored","damage_taken":0,"max_hp_gain":0,"max_hp_loss":0,"event_name":"Liars Game","floor":5,"gold_loss":0},{"damage_healed":0,"gold_gain":90,"player_choice":"GOLD ","damage_taken":12,"max_hp_gain":0,"max_hp_loss":0,"event_name":"Knowing Skull","floor":19,"potions_obtained":[],"gold_loss":0,"cards_obtained":[]}],"is_beta":true,"boss_relics":[{"not_picked":["Runic Pyramid","Eternal Feather"],"picked":"Astrolabe"}],"items_purged_floors":[],"is_endless":false,"potions_floor_spawned":[1,10,16,20],"killed_by":"Book of Stabbing","ascension_level":18}