{"gold_per_floor":[116,16,34,44,64,64,83,83,83,97,97],"floor_reached":11,"playtime":476,"items_purged":[],"score":67,"play_id":"5003988b-c7aa-4e20-901c-6af80b6cecba","local_time":"20190206165843","is_ascension_mode":false,"campfire_choices":[{"data":"Caltrops","floor":6,"key":"SMITH"},{"floor":8,"key":"REST"}],"neow_cost":"CURSE","seed_source_timestamp":1122217568767043,"circlet_count":0,"master_deck":["Defend_G","Defend_G","Defend_G","Defend_G","Strike_G","Strike_G","Strike_G","Strike_G","Survivor","Neutralize","Pain","A Thousand Cuts","Malaise","Outmaneuver","Quick Slash","Caltrops+1","Eviscerate","Bane","Underhanded Strike","Slice","Dagger Spray"],"relics":["Ring of the Snake","Tingsha"],"potions_floor_usage":[],"damage_taken":[{"damage":9,"enemies":"Small Slimes","floor":1,"turns":5},{"damage":6,"enemies":"Cultist","floor":3,"turns":5},{"damage":4,"enemies":"2 Louse","floor":4,"turns":5},{"damage":14,"enemies":"Large Slime","floor":5,"turns":7},{"damage":4,"enemies":"Looter","floor":7,"turns":4},{"damage":36,"enemies":"Exordium Thugs","floor":10,"turns":4},{"damage":27,"enemies":"Lagavulin","floor":11,"turns":3}],"seed_played":"-670270165994259841","potions_obtained":[{"floor":5,"key":"AttackPotion"}],"is_trial":false,"path_per_floor":["M","$","M","M","M","R","M","R","T","M","E"],"character_chosen":"THE_SILENT","items_purchased":["Quick Slash","Caltrops"],"campfire_rested":1,"item_purchase_floors":[2,2],"current_hp_per_floor":[61,61,55,51,37,37,33,54,54,18,0],"gold":97,"neow_bonus":"TRANSFORM_TWO_CARDS","is_prod":false,"is_daily":false,"chose_seed":false,"campfire_upgraded":1,"win_rate":0.0,"timestamp":1549490323,"path_taken":["M","$","M","M","M","R","M","R","T","M","E"],"build_version":"2019-01-23","purchased_purges":0,"victory":false,"max_hp_per_floor":[70,70,70,70,70,70,70,70,70,70,70],"card_choices":[{"not_picked":["Skewer","Reflex"],"picked":"Outmaneuver","floor":1},{"not_picked":["Endless Agony","Blade Dance"],"picked":"Eviscerate","floor":3},{"not_picked":["Endless Agony","Sucker Punch"],"picked":"Bane","floor":4},{"not_picked":["Poisoned Stab","Flying Knee"],"picked":"Underhanded Strike","floor":5},{"not_picked":["Choke","Bane"],"picked":"Slice","floor":7},{"not_picked":["Cloak And Dagger","Concentrate"],"picked":"Dagger Spray","floor":10}],"player_experience":50105,"relics_obtained":[{"floor":9,"key":"Tingsha"}],"event_choices":[],"is_beta":false,"boss_relics":[],"items_purged_floors":[],"is_endless":false,"potions_floor_spawned":[5],"killed_by":"Lagavulin","ascension_level":0}