{"gold_per_floor":[111,131,131,145,157,183,183,197,222,222,241,256,268,303,303,401,401,417,417,417,436,450,450,462,232,232,249,260,273,273,306,306,403,403,414,65,81,181,198,198,198],"floor_reached":41,"playtime":2990,"items_purged":["Strike_G","Well Laid Plans"],"score":517,"play_id":"8047c005-8ca5-4d83-af57-e5de7114a1d3","local_time":"20190311225136","is_ascension_mode":true,"campfire_choices":[{"floor":7,"key":"REST"},{"data":"Neutralize","floor":10,"key":"SMITH"},{"floor":15,"key":"REST"},{"data":"Noxious Fumes","floor":23,"key":"SMITH"},{"floor":30,"key":"REST"},{"floor":32,"key":"REST"},{"floor":40,"key":"RECALL"}],"neow_cost":"NONE","seed_source_timestamp":187594126512797,"circlet_count":0,"master_deck":["Defend_G","Defend_G","Defend_G","Defend_G","Defend_G","Strike_G","Strike_G","Strike_G","Survivor","Neutralize+1","Slice","Poisoned Stab","Backstab","Dagger Spray","Noxious Fumes+1","Sucker Punch","Crippling Poison+1","Adrenaline","Backflip+1","Infinite Blades+1","Acrobatics+1","Bouncing Flask","Backflip","Phantasmal Killer","Caltrops+1"],"relics":["Ring of the Snake","NeowsBlessing","Blood Vial","Happy Flower","Bag of Marbles","Lizard Tail","MutagenicStrength","War Paint","Sundial","Dream Catcher","Runic Pyramid","Letter Opener"],"potions_floor_usage":[12,16,16,21,31,31,33,33,41,41,41],"damage_taken":[{"damage":0,"enemies":"Jaw Worm","floor":1,"turns":1},{"damage":0,"enemies":"Small Slimes","floor":2,"turns":1},{"damage":0,"enemies":"2 Louse","floor":4,"turns":1},{"damage":29,"enemies":"Gremlin Gang","floor":5,"turns":5},{"damage":25,"enemies":"3 Sentries","floor":6,"turns":10},{"damage":1,"enemies":"Exordium Thugs","floor":8,"turns":5},{"damage":11,"enemies":"Looter","floor":11,"turns":2},{"damage":1,"enemies":"Blue Slaver","floor":12,"turns":3},{"damage":0,"enemies":"3 Louse","floor":13,"turns":2},{"damage":26,"enemies":"Gremlin Nob","floor":14,"turns":4},{"damage":12,"enemies":"Hexaghost","floor":16,"turns":7},{"damage":7,"enemies":"Shell Parasite","floor":18,"turns":7},{"damage":11,"enemies":"2 Thieves","floor":21,"turns":4},{"damage":4,"enemies":"Centurion and Healer","floor":22,"turns":6},{"damage":3,"enemies":"Chosen and Byrds","floor":24,"turns":5},{"damage":5,"enemies":"3 Cultists","floor":27,"turns":4},{"damage":12,"enemies":"Snake Plant","floor":28,"turns":3},{"damage":20,"enemies":"Centurion and Healer","floor":29,"turns":5},{"damage":34,"enemies":"Book of Stabbing","floor":31,"turns":5},{"damage":47,"enemies":"Automaton","floor":33,"turns":12},{"damage":30,"enemies":"3 Darklings","floor":35,"turns":5},{"damage":0,"enemies":"Orb Walker","floor":37,"turns":1},{"damage":7,"enemies":"Maw","floor":39,"turns":8},{"damage":51,"enemies":"Nemesis","floor":41,"turns":4}],"seed_played":"7115234932815950879","potions_obtained":[{"floor":2,"key":"Strength Potion"},{"floor":4,"key":"SkillPotion"},{"floor":5,"key":"Strength Potion"},{"floor":12,"key":"Fruit Juice"},{"floor":14,"key":"GamblersBrew"},{"floor":16,"key":"LiquidBronze"},{"floor":24,"key":"FearPotion"},{"floor":27,"key":"GamblersBrew"},{"floor":31,"key":"Explosive Potion"},{"floor":33,"key":"Weak Potion"},{"floor":37,"key":"Explosive Potion"},{"floor":39,"key":"Swift Potion"}],"is_trial":false,"path_per_floor":["M","M","?","M","M","E","R","M","T","R","M","M","M","E","R","B",null,"M","?","?","M","M","R","M","$","T","M","M","M","R","E","R","B",null,"M","$","M","?","M","R","E"],"character_chosen":"THE_SILENT","items_purchased":["War Paint","Letter Opener"],"campfire_rested":4,"item_purchase_floors":[25,36],"current_hp_per_floor":[70,70,63,63,34,9,30,31,31,31,22,28,30,6,28,18,75,68,54,54,45,43,43,42,42,42,39,29,11,35,3,27,25,80,50,50,52,52,47,47,0],"gold":198,"neow_bonus":"THREE_ENEMY_KILL","is_prod":false,"is_daily":false,"chose_seed":false,"campfire_upgraded":2,"win_rate":0,"timestamp":1552341096,"path_taken":["M","M","?","M","M","E","R","M","T","R","M","M","M","E","R","BOSS","M","?","?","M","M","R","M","$","T","M","M","M","R","E","R","BOSS","M","$","M","?","?","R","E"],"build_version":"2019-01-23","purchased_purges":2,"victory":false,"max_hp_per_floor":[70,70,70,70,70,70,70,70,70,70,70,75,75,75,75,75,75,75,80,80,80,80,80,80,80,80,80,80,80,80,80,80,80,80,80,80,80,80,80,80,80],"card_choices":[{"not_picked":["Catalyst","Flechettes"],"picked":"Slice","floor":1},{"not_picked":["Choke","Endless Agony"],"picked":"Poisoned Stab","floor":2},{"not_picked":["Deflect","Finisher"],"picked":"Backstab","floor":4},{"not_picked":["Prepared","Tactician"],"picked":"Dagger Spray","floor":5},{"not_picked":["Deadly Poison","Phantasmal Killer"],"picked":"Noxious Fumes","floor":6},{"not_picked":["Poisoned Stab","Prepared","Acrobatics"],"picked":"SKIP","floor":8},{"not_picked":["Finisher","Night Terror"],"picked":"Sucker Punch","floor":11},{"not_picked":["Calculated Gamble","Endless Agony"],"picked":"Crippling Poison","floor":12},{"not_picked":["Deadly Poison","Riddle With Holes","Quick Slash"],"picked":"SKIP","floor":13},{"not_picked":["Reflex","Backflip"],"picked":"Well Laid Plans","floor":14},{"not_picked":["A Thousand Cuts","After Image"],"picked":"Adrenaline","floor":16},{"not_picked":["Quick Slash","Bane","Slice"],"picked":"SKIP","floor":18},{"not_picked":["Poisoned Stab","Acrobatics"],"picked":"Backflip","floor":21},{"not_picked":["Slice","Endless Agony"],"picked":"Infinite Blades+1","floor":22},{"not_picked":["Dagger Throw","Sucker Punch","Outmaneuver+1"],"picked":"SKIP","floor":24},{"not_picked":["Acrobatics","Expertise","Escape Plan+1"],"picked":"SKIP","floor":27},{"not_picked":["Deflect","Escape Plan+1"],"picked":"Acrobatics+1","floor":28},{"not_picked":["Deflect","Deadly Poison"],"picked":"Bouncing Flask","floor":29},{"not_picked":["Setup+1","Dagger Spray+1"],"picked":"Backflip","floor":31},{"not_picked":["Die Die Die","Tools of the Trade"],"picked":"Phantasmal Killer","floor":33},{"not_picked":["Dodge and Roll","Dagger Spray+1","Deadly Poison"],"picked":"SKIP","floor":35},{"not_picked":["Blade Dance+1","Flechettes"],"picked":"Caltrops+1","floor":37},{"not_picked":["Infinite Blades+1","Well Laid Plans+1","Predator"],"picked":"SKIP","floor":39}],"player_experience":190624,"relics_obtained":[{"floor":6,"key":"Blood Vial"},{"floor":9,"key":"Happy Flower"},{"floor":14,"key":"Bag of Marbles"},{"floor":26,"key":"Sundial"},{"floor":31,"key":"Dream Catcher"}],"event_choices":[{"cards_removed":["Strike_G"],"damage_healed":0,"gold_gain":0,"player_choice":"Card Removal","damage_taken":7,"max_hp_gain":0,"max_hp_loss":0,"event_name":"Golden Wing","floor":3,"gold_loss":0},{"damage_healed":0,"gold_gain":0,"player_choice":"Shed Blood","damage_taken":19,"max_hp_gain":5,"max_hp_loss":0,"event_name":"Forgotten Altar","floor":19,"gold_loss":0},{"damage_healed":0,"gold_gain":0,"player_choice":"Inject Mutagens","damage_taken":0,"relics_obtained":["MutagenicStrength"],"max_hp_gain":0,"max_hp_loss":0,"event_name":"Drug Dealer","floor":20,"gold_loss":0},{"damage_healed":0,"gold_gain":100,"player_choice":"Pray","damage_taken":0,"max_hp_gain":0,"max_hp_loss":0,"event_name":"Golden Shrine","floor":38,"gold_loss":0}],"is_beta":false,"boss_relics":[{"not_picked":["Empty Cage","Coffee Dripper"],"picked":"Lizard Tail"},{"not_picked":["Philosopher\u0027s Stone","Fusion Hammer"],"picked":"Runic Pyramid"}],"items_purged_floors":[25,36],"is_endless":false,"potions_floor_spawned":[2,4,5,12,14,16,24,27,28,31,33,37,39],"killed_by":"Nemesis","ascension_level":4}