{"path_per_floor":["M","M","T","M","?","E","R","E","T","$","$","M","$","M","R","B",null,"M","M","$","?","M","E"],"character_chosen":"IRONCLAD","items_purchased":["Warcry","Headbutt","Flex","Thunderclap","Rampage","Flex","Poison Potion","Rampage"],"gold_per_floor":[117,131,206,220,320,353,353,384,429,406,275,293,119,133,133,230,230,246,264,189,289,304,338],"floor_reached":24,"campfire_rested":0,"playtime":2851,"current_hp_per_floor":[78,80,80,80,80,72,72,46,46,46,46,47,47,50,50,37,80,61,54,54,54,58,29],"items_purged":[],"gold":338,"play_id":"028916eb-cd2e-4cf7-b47f-7b4d65670b5b","is_prod":false,"is_daily":false,"campfire_rituals":0,"campfire_upgraded":2,"is_hardmode":false,"path_taken":["M","?","?","M","?","E","R","E","T","?","$","?","$","M","R","BOSS","M","M","$","?","M","E","M"],"build_version":"2018-01-18-PROD4","purchased_purges":0,"victory":false,"master_deck":["Strike_R","Strike_R","Strike_R","Strike_R","Strike_R","Defend_R","Defend_R","Defend_R","Defend_R","Bash","Headbutt","Infernal Blade","Shrug It Off","Armaments","Fiend Fire","Warcry","Headbutt","Flex","Thunderclap","Shockwave","Rampage","Flex","Warcry","Pommel Strike","Headbutt","Rampage","Dual Wield","Seeing Red"],"max_hp_per_floor":[80,80,80,80,80,80,80,80,80,80,80,80,80,80,80,80,80,80,80,80,80,80,80],"relics":["Burning Blood","Orichalcum","Kunai","Ancient Tea Set","Meat on the Bone","Bronze Scales","Mark of Pain","Ice Cream"],"campfire_meditates":0,"card_choices":[{"not_picked":["Cleave","Blood for Blood"],"picked":"Headbutt"},{"not_picked":["Reckless Charge","Sword Boomerang"],"picked":"Infernal Blade"},{"not_picked":["Iron Wave","Cleave"],"picked":"Shrug It Off"},{"not_picked":["Pommel Strike","Metallicize"],"picked":"Armaments"},{"not_picked":["Fire Breathing","Anger"],"picked":"Fiend Fire"},{"not_picked":["Armaments","Sword Boomerang"],"picked":"Shockwave"},{"not_picked":["Hemokinesis","Clash"],"picked":"Warcry"},{"not_picked":["Battle Trance","Anger"],"picked":"Pommel Strike"},{"not_picked":["Sword Boomerang","Anger"],"picked":"Headbutt"},{"not_picked":["Anger","Iron Wave"],"picked":"Dual Wield"},{"not_picked":["Blood for Blood","Clothesline"],"picked":"Seeing Red"}],"player_experience":8852,"potions_floor_usage":[23,23,24],"damage_taken":[{"damage":8.0,"enemies":"Blue Slaver","floor":1.0,"turns":5.0},{"damage":0.0,"enemies":"2 Louse","floor":2.0,"turns":2.0},{"damage":0.0,"enemies":"Cultist","floor":4.0,"turns":3.0},{"damage":14.0,"enemies":"Gremlin Nob","floor":6.0,"turns":5.0},{"damage":32.0,"enemies":"Lagavulin","floor":8.0,"turns":6.0},{"damage":5.0,"enemies":"3 Louse","floor":12.0,"turns":3.0},{"damage":15.0,"enemies":"Exordium Wildlife","floor":14.0,"turns":3.0},{"damage":31.0,"enemies":"Slime Boss","floor":16.0,"turns":9.0},{"damage":25.0,"enemies":"Chosen","floor":18.0,"turns":6.0},{"damage":25.0,"enemies":"Shell Parasite","floor":19.0,"turns":6.0},{"damage":14.0,"enemies":"Centurion and Healer","floor":22.0,"turns":4.0},{"damage":47,"enemies":"Slavers","floor":23,"turns":6},{"damage":32,"enemies":"Sentry and Sphere","floor":24,"turns":5}],"event_choices":[{"event_name":"Golden Shrine","player_choice":"Pray","floor":5.0,"damage_taken":0.0},{"event_name":"Golden Shrine","player_choice":"Pray","floor":21.0,"damage_taken":0.0}],"boss_relics":[],"potions_floor_spawned":[2,4,6,14,19],"seed_played":"2063952314420026473","killed_by":"Sentry and Sphere","is_trial":false}