{"gold_per_floor":[117,117,30,43,59,59,88,18,44,44,64,64],"floor_reached":12,"playtime":397,"items_purged":[],"score":137,"play_id":"9bcef856-a29e-410e-8a87-d68b365013e8","local_time":"20190305170013","is_ascension_mode":true,"campfire_choices":[{"data":"Zap","floor":6,"key":"SMITH"},{"data":"White Noise","floor":10,"key":"SMITH"}],"neow_cost":"NONE","seed_source_timestamp":1045041361335857,"circlet_count":0,"master_deck":["AscendersBane","Strike_B","Strike_B","Strike_B","Defend_B","Defend_B","Defend_B","Zap+1","Dualcast","Rip and Tear","Beam Cell","Hologram","Gash","White Noise+1","Go for the Eyes"],"relics":["Empty Cage","PreservedInsect","Pocketwatch","Oddly Smooth Stone"],"potions_floor_usage":[7],"damage_taken":[{"damage":9,"enemies":"2 Louse","floor":1,"turns":3},{"damage":1,"enemies":"Cultist","floor":4,"turns":3},{"damage":2,"enemies":"Jaw Worm","floor":5,"turns":3},{"damage":30,"enemies":"Lagavulin","floor":7,"turns":5},{"damage":16,"enemies":"Exordium Wildlife","floor":11,"turns":5},{"damage":12,"enemies":"The Mushroom Lair","floor":12,"turns":1}],"seed_played":"-7170312236586533312","potions_obtained":[{"floor":5,"key":"PowerPotion"},{"floor":7,"key":"FocusPotion"}],"is_trial":false,"path_per_floor":["M","?","?","M","M","R","E","$","T","R","M","?"],"character_chosen":"DEFECT","items_purchased":["White Noise"],"campfire_rested":0,"item_purchase_floors":[8],"current_hp_per_floor":[55,60,60,59,57,57,27,27,27,27,11,0],"gold":64,"neow_bonus":"BOSS_RELIC","is_prod":false,"is_daily":false,"chose_seed":false,"campfire_upgraded":2,"win_rate":0,"timestamp":1551801613,"path_taken":["M","?","?","M","?","R","E","$","T","R","M","?"],"build_version":"2019-02-06","purchased_purges":0,"victory":false,"max_hp_per_floor":[71,76,76,76,76,76,76,76,76,76,76,76],"card_choices":[{"not_picked":["Barrage","Heatsinks"],"picked":"Rip and Tear","floor":1},{"not_picked":["Consume","Stack"],"picked":"Beam Cell","floor":4},{"not_picked":["Barrage","Leap"],"picked":"Hologram","floor":5},{"not_picked":["Double Energy","Thunder Strike"],"picked":"Gash","floor":7},{"not_picked":["Coolheaded","Leap"],"picked":"Go for the Eyes","floor":11}],"player_experience":851389,"relics_obtained":[{"floor":7,"key":"Pocketwatch"},{"floor":9,"key":"Oddly Smooth Stone"}],"event_choices":[{"damage_healed":0,"gold_gain":0,"player_choice":"Donut","damage_taken":0,"max_hp_gain":5,"max_hp_loss":0,"event_name":"Big Fish","floor":2,"gold_loss":0},{"damage_healed":0,"gold_gain":0,"player_choice":"Paid Gold","damage_taken":0,"relics_obtained":["PreservedInsect"],"max_hp_gain":0,"max_hp_loss":0,"event_name":"WeMeetAgain","floor":3,"gold_loss":87},{"damage_healed":0,"gold_gain":0,"player_choice":"Fought Mushrooms","damage_taken":0,"max_hp_gain":0,"max_hp_loss":0,"event_name":"Mushrooms","floor":12,"gold_loss":0}],"is_beta":true,"boss_relics":[],"items_purged_floors":[],"is_endless":false,"potions_floor_spawned":[5,7],"killed_by":"The Mushroom Lair","ascension_level":15}