{"gold_per_floor":[110,60,60,75,75,75,90,90,90,90,165,6,27,50,50,180,180,194,194,194,185,45,45,59,59,86,86,101,101,111,111],"floor_reached":31,"playtime":2685,"items_purged":["Strike_B"],"score":250,"play_id":"83f3330a-f031-4b26-8989-81addb4f8622","local_time":"20190311002150","is_ascension_mode":false,"campfire_choices":[{"data":"Zap","floor":6,"key":"SMITH"},{"data":"Hologram","floor":8,"key":"SMITH"},{"data":"Dualcast","floor":10,"key":"SMITH"},{"floor":15,"key":"REST"},{"data":"Discovery","floor":23,"key":"SMITH"},{"data":"Seek","floor":25,"key":"SMITH"}],"neow_cost":"CURSE","seed_source_timestamp":19427900840907,"circlet_count":0,"master_deck":["Strike_B+1","Strike_B+1","Strike_B+1","Defend_B+1","Defend_B+1","Defend_B+1","Defend_B+1","Zap+1","Dualcast+1","Good Instincts+1","Good Instincts+1","Gash","Hologram+1","Discovery+1","Hello World","Gash","Go for the Eyes","Seek+1","Gash","Necronomicurse","Gash","Coolheaded","Master of Strategy","Compile Driver+1","Ball Lightning+1"],"relics":["Cracked Core","Sundial","Bloody Idol","The Courier","Runic Dome","Necronomicon","War Paint"],"potions_floor_usage":[16,16,16],"damage_taken":[{"damage":2,"enemies":"2 Louse","floor":1,"turns":2},{"damage":3,"enemies":"Small Slimes","floor":4,"turns":3},{"damage":0,"enemies":"Jaw Worm","floor":7,"turns":5},{"damage":7,"enemies":"Blue Slaver","floor":13,"turns":4},{"damage":0,"enemies":"Exordium Wildlife","floor":14,"turns":3},{"damage":3,"enemies":"Hexaghost","floor":16,"turns":9},{"damage":0,"enemies":"3 Byrds","floor":18,"turns":2},{"damage":12,"enemies":"2 Thieves","floor":21,"turns":4},{"damage":20,"enemies":"Chosen and Byrds","floor":24,"turns":7},{"damage":8,"enemies":"Sentry and Sphere","floor":28,"turns":5},{"damage":3,"enemies":"Snake Plant","floor":30,"turns":4},{"damage":18,"enemies":"Gremlin Leader","floor":31,"turns":1}],"seed_played":"-3798418141899741504","potions_obtained":[{"floor":1,"key":"LiquidBronze"},{"floor":13,"key":"FearPotion"},{"floor":14,"key":"Poison Potion"},{"floor":18,"key":"SteroidPotion"}],"is_trial":false,"path_per_floor":["M","?","?","M","?","R","M","R","T","R","?","$","M","M","R","B",null,"M","?","?","M","$","R","M","R","T","?","M","?","M","E"],"character_chosen":"DEFECT","items_purchased":["Discovery","Hello World","Master of Strategy"],"campfire_rested":1,"item_purchase_floors":[12,12,22],"current_hp_per_floor":[73,73,48,45,45,45,45,45,45,45,34,34,27,27,47,44,69,69,53,53,41,41,41,21,21,21,21,13,13,15,0],"gold":111,"neow_bonus":"RANDOM_COLORLESS_2","is_prod":false,"is_daily":false,"chose_seed":false,"campfire_upgraded":5,"win_rate":0,"timestamp":1552285310,"path_taken":["M","?","?","M","?","R","M","R","T","R","?","$","M","?","R","BOSS","M","?","?","M","$","R","M","R","T","?","M","?","M","E"],"build_version":"2019-01-23","purchased_purges":1,"victory":false,"max_hp_per_floor":[75,75,75,75,69,69,69,69,69,69,69,69,69,69,69,69,69,69,69,69,69,69,69,69,69,69,69,69,69,69,69],"card_choices":[{"not_picked":["Steam","Coolheaded"],"picked":"Gash","floor":1},{"not_picked":["Beam Cell","Redo"],"picked":"Hologram","floor":4},{"not_picked":["Stack","Turbo","Compile Driver"],"picked":"SKIP","floor":7},{"not_picked":["Beam Cell","Sweeping Beam"],"picked":"Gash","floor":13},{"not_picked":["Force Field","Capacitor"],"picked":"Go for the Eyes","floor":14},{"not_picked":["Buffer","Meteor Strike"],"picked":"Seek","floor":16},{"not_picked":["Rebound","Blizzard"],"picked":"Gash","floor":18},{"not_picked":["Stack","Melter+1"],"picked":"Coolheaded","floor":21},{"not_picked":["Rip and Tear+1","Ball Lightning"],"picked":"Compile Driver+1","floor":24},{"not_picked":["Hologram","Consume"],"picked":"Ball Lightning+1","floor":28},{"not_picked":["Sweeping Beam","Steam","Redo"],"picked":"SKIP","floor":30}],"player_experience":1029028,"relics_obtained":[{"floor":9,"key":"The Courier"},{"floor":19,"key":"Necronomicon"},{"floor":26,"key":"War Paint"}],"event_choices":[{"cards_removed":["Normality"],"damage_healed":0,"gold_gain":0,"player_choice":"Card Removal","damage_taken":0,"max_hp_gain":0,"max_hp_loss":0,"event_name":"The Cleric","floor":2,"gold_loss":50},{"damage_healed":0,"gold_gain":0,"player_choice":"Success","damage_taken":25,"relics_obtained":["Sundial"],"max_hp_gain":0,"max_hp_loss":0,"event_name":"Scrap Ooze","floor":3,"gold_loss":0},{"damage_healed":0,"gold_gain":0,"player_choice":"Lose Max HP","damage_taken":0,"relics_obtained":["Golden Idol"],"max_hp_gain":0,"max_hp_loss":6,"event_name":"Golden Idol","floor":5,"gold_loss":0},{"damage_healed":0,"gold_gain":75,"player_choice":"Gather Gold","damage_taken":11,"max_hp_gain":0,"max_hp_loss":0,"event_name":"World of Goop","floor":11,"gold_loss":0},{"damage_healed":0,"gold_gain":0,"player_choice":"Obtained Book","damage_taken":16,"max_hp_gain":0,"max_hp_loss":0,"event_name":"Cursed Tome","floor":19,"gold_loss":0},{"damage_healed":0,"gold_gain":0,"player_choice":"Read","damage_taken":0,"max_hp_gain":0,"max_hp_loss":0,"event_name":"The Library","floor":20,"gold_loss":0,"cards_obtained":["Gash"]},{"damage_healed":0,"gold_gain":0,"player_choice":"Simplicity","damage_taken":0,"max_hp_gain":0,"max_hp_loss":0,"event_name":"Back to Basics","floor":27,"gold_loss":0,"cards_upgraded":["Strike_B","Strike_B","Strike_B","Defend_B","Defend_B","Defend_B","Defend_B"]},{"damage_healed":0,"gold_gain":0,"player_choice":"Gave Idol","damage_taken":0,"relics_obtained":["Bloody Idol"],"max_hp_gain":0,"max_hp_loss":0,"event_name":"Forgotten Altar","floor":29,"relics_lost":["Golden Idol"],"gold_loss":0}],"is_beta":false,"boss_relics":[{"not_picked":["Snecko Eye","Lizard Tail"],"picked":"Runic Dome"}],"items_purged_floors":[12],"is_endless":false,"potions_floor_spawned":[1,13,14,18],"killed_by":"Gremlin Leader","ascension_level":0}