{"gold_per_floor":[19,29,29,29,46,46,63,77,77,77,105,50,50,76,76,149,149,160,160,174,189,189,189,221,239,293,293],"floor_reached":27,"playtime":954,"items_purged":[],"score":454,"play_id":"2ace0d3b-6c39-4e82-8029-4f305dffc8ec","local_time":"20190212090552","is_ascension_mode":true,"campfire_choices":[{"data":"Perfected Strike","floor":6,"key":"SMITH"},{"data":"Bash","floor":10,"key":"SMITH"},{"data":"Flex","floor":15,"key":"SMITH"},{"data":"Double Tap","floor":23,"key":"SMITH"}],"neow_cost":"NO_GOLD","seed_source_timestamp":132865401734826,"circlet_count":0,"master_deck":["AscendersBane","Strike_R","Strike_R","Strike_R","Strike_R","Strike_R","Defend_R+1","Defend_R","Bash+1","Double Tap+1","Iron Wave","Perfected Strike+1","Headbutt","Flex+1","Seeing Red","Pommel Strike","Offering","Wild Strike","Rampage","Shrug It Off+1"],"relics":["Burning Blood","Shuriken","Meat on the Bone","Pear","Happy Flower","Mark of Pain","Self Forming Clay","War Paint"],"potions_floor_usage":[11,24,24],"damage_taken":[{"damage":14,"enemies":"Jaw Worm","floor":1,"turns":4},{"damage":8,"enemies":"2 Louse","floor":2,"turns":3},{"damage":0,"enemies":"Cultist","floor":5,"turns":2},{"damage":6,"enemies":"Blue Slaver","floor":7,"turns":3},{"damage":0,"enemies":"Exordium Wildlife","floor":8,"turns":2},{"damage":25,"enemies":"3 Sentries","floor":11,"turns":7},{"damage":44,"enemies":"The Guardian","floor":16,"turns":7},{"damage":18,"enemies":"2 Thieves","floor":18,"turns":3},{"damage":6,"enemies":"Spheric Guardian","floor":20,"turns":2},{"damage":1,"enemies":"Centurion and Healer","floor":21,"turns":5},{"damage":46,"enemies":"Book of Stabbing","floor":24,"turns":4},{"damage":19,"enemies":"Chosen and Byrds","floor":25,"turns":4},{"damage":24,"enemies":"Snake Plant","floor":27,"turns":1}],"seed_played":"4962543763818454079","potions_obtained":[{"floor":2,"key":"Fire Potion"},{"floor":11,"key":"Strength Potion"},{"floor":16,"key":"Regen Potion"}],"is_trial":false,"path_per_floor":["M","M","?","?","M","R","M","M","T","R","E","$","?","T","R","B",null,"M","?","M","M","?","R","E","M","T","M"],"character_chosen":"IRONCLAD","items_purchased":["Pommel Strike"],"campfire_rested":0,"item_purchase_floors":[12],"current_hp_per_floor":[60,58,58,58,64,64,64,70,70,70,51,51,50,50,50,24,70,58,58,58,63,38,38,22,21,21,0],"gold":293,"neow_bonus":"THREE_RARE_CARDS","is_prod":false,"is_daily":false,"chose_seed":false,"campfire_upgraded":4,"win_rate":0,"timestamp":1549958752,"path_taken":["M","M","?","?","M","R","?","M","T","R","E","$","?","?","R","BOSS","M","?","M","?","?","R","E","M","T","M"],"build_version":"2019-02-06","purchased_purges":0,"victory":false,"max_hp_per_floor":[75,75,75,75,75,75,75,75,75,75,75,75,85,85,85,85,85,85,85,85,85,90,90,90,90,90,90],"card_choices":[{"not_picked":["Berserk","Demon Form"],"picked":"Double Tap","floor":0},{"not_picked":["Warcry","Clash"],"picked":"Iron Wave","floor":1},{"not_picked":["Burning Pact","Second Wind"],"picked":"Perfected Strike","floor":2},{"not_picked":["Wild Strike","Warcry","Entrench"],"picked":"SKIP","floor":5},{"not_picked":["Cleave","Havoc"],"picked":"Headbutt","floor":7},{"not_picked":["Sword Boomerang","Body Slam"],"picked":"Flex","floor":8},{"not_picked":["Heavy Blade","Exhume"],"picked":"Seeing Red","floor":11},{"not_picked":["Impervious","Berserk"],"picked":"Offering","floor":16},{"not_picked":["Body Slam","Clothesline+1"],"picked":"Wild Strike","floor":18},{"not_picked":["Headbutt","Reckless Charge+1"],"picked":"Shrug It Off","floor":20},{"not_picked":["Body Slam","Limit Break","Rampage"],"picked":"SKIP","floor":21},{"not_picked":["Dark Embrace","Sword Boomerang+1","Seeing Red"],"picked":"SKIP","floor":24},{"not_picked":["Corruption+1","Combust","Pummel"],"picked":"SKIP","floor":25}],"player_experience":749792,"relics_obtained":[{"floor":9,"key":"Shuriken"},{"floor":11,"key":"Meat on the Bone"},{"floor":14,"key":"Happy Flower"},{"floor":24,"key":"Self Forming Clay"},{"floor":26,"key":"War Paint"}],"event_choices":[{"damage_healed":0,"gold_gain":0,"player_choice":"Leave","damage_taken":0,"max_hp_gain":0,"max_hp_loss":0,"event_name":"The Cleric","floor":3,"gold_loss":0},{"cards_removed":["Defend_R"],"damage_healed":0,"gold_gain":0,"player_choice":"Offered Basic","damage_taken":0,"max_hp_gain":0,"max_hp_loss":0,"event_name":"Bonfire Elementals","floor":4,"gold_loss":0},{"damage_healed":0,"gold_gain":0,"player_choice":"Success","damage_taken":11,"relics_obtained":["Pear"],"max_hp_gain":0,"max_hp_loss":0,"event_name":"Scrap Ooze","floor":13,"gold_loss":0},{"damage_healed":0,"gold_gain":0,"cards_transformed":["Defend_R"],"player_choice":"Transformed","damage_taken":0,"max_hp_gain":0,"max_hp_loss":0,"event_name":"Transmorgrifier","floor":19,"gold_loss":0,"cards_obtained":["Rampage"]},{"damage_healed":0,"gold_gain":0,"player_choice":"Shed Blood","damage_taken":30,"max_hp_gain":5,"max_hp_loss":0,"event_name":"Forgotten Altar","floor":22,"gold_loss":0}],"is_beta":true,"boss_relics":[{"not_picked":["Coffee Dripper","Calling Bell"],"picked":"Mark of Pain"}],"items_purged_floors":[],"is_endless":false,"potions_floor_spawned":[2,11,16,18,20],"killed_by":"Snake Plant","ascension_level":19}