{"gold_per_floor":[119,139,139,154,154,154,177,196,196,196,196,196,220,1,1,95,95,116,116,16,39,55,55,73,87,114,127,162,162,182,182,182,271,271,295,308,332,252,265,286,286,305,332,332,351,364,408,408,408,408],"floor_reached":51,"playtime":24196,"items_purged":["Strike_G","Strike_G"],"score":1482,"play_id":"4eec63a9-1769-40ca-abcf-5f92a1983827","local_time":"20190121143726","is_ascension_mode":true,"campfire_choices":[{"data":"Neutralize","floor":6.0,"key":"SMITH"},{"floor":12.0,"key":"REST"},{"data":"Tactician","floor":15.0,"key":"SMITH"},{"floor":23.0,"key":"REST"},{"floor":29.0,"key":"REST"},{"floor":32.0,"key":"REST"},{"floor":41,"key":"REST"},{"floor":49,"key":"REST"}],"neow_cost":"PERCENT_DAMAGE","seed_source_timestamp":0,"circlet_count":0,"master_deck":["AscendersBane","Defend_G","Defend_G","Defend_G","Defend_G","Strike_G","Strike_G+1","Strike_G+1","Survivor","Neutralize+1","Dagger Spray","Concentrate+1","Dagger Throw","Dash+1","Backflip","Tactician+1","After Image+1","Dagger Throw","Footwork","Acrobatics","Well Laid Plans","Predator+1","Malaise","Calculated Gamble","Leg Sweep","Backflip","Adrenaline","Blur","Terror+1","Backflip","Underhanded Strike+1","Outmaneuver","Dagger Throw+1","Well Laid Plans"],"special_seed":0,"relics":["Ring of the Snake","Incense Burner","Golden Idol","Happy Flower","Oddly Smooth Stone","Sozu","Dream Catcher","Anchor","The Courier","Fusion Hammer","Art of War","Ninja Scroll"],"potions_floor_usage":[],"damage_taken":[{"damage":1.0,"enemies":"Small Slimes","floor":1.0,"turns":5.0},{"damage":0.0,"enemies":"2 Louse","floor":2.0,"turns":2.0},{"damage":2.0,"enemies":"Cultist","floor":4.0,"turns":6.0},{"damage":0.0,"enemies":"2 Fungi Beasts","floor":7.0,"turns":3.0},{"damage":10.0,"enemies":"Exordium Thugs","floor":8.0,"turns":6.0},{"damage":0.0,"enemies":"Gremlin Gang","floor":13.0,"turns":5.0},{"damage":18.0,"enemies":"The Guardian","floor":16.0,"turns":16.0},{"damage":21.0,"enemies":"Chosen","floor":18.0,"turns":9.0},{"damage":0.0,"enemies":"3 Byrds","floor":21.0,"turns":6.0},{"damage":4.0,"enemies":"Centurion and Healer","floor":22.0,"turns":8.0},{"damage":16.0,"enemies":"Snake Plant","floor":24.0,"turns":8.0},{"damage":2.0,"enemies":"Cultist and Chosen","floor":25.0,"turns":8.0},{"damage":8.0,"enemies":"Centurion and Healer","floor":27.0,"turns":6.0},{"damage":10.0,"enemies":"Slavers","floor":28.0,"turns":8.0},{"damage":4.0,"enemies":"Snecko","floor":30.0,"turns":7.0},{"damage":30.0,"enemies":"Automaton","floor":33.0,"turns":18.0},{"damage":3.0,"enemies":"3 Darklings","floor":35.0,"turns":5.0},{"damage":0.0,"enemies":"3 Shapes","floor":36.0,"turns":6.0},{"damage":0.0,"enemies":"Maw","floor":37.0,"turns":13.0},{"damage":3,"enemies":"Transient","floor":39,"turns":5},{"damage":0,"enemies":"Writhing Mass","floor":40,"turns":6},{"damage":8,"enemies":"Spire Growth","floor":42,"turns":6},{"damage":15,"enemies":"Jaw Worm Horde","floor":45,"turns":6},{"damage":0,"enemies":"4 Shapes","floor":46,"turns":6},{"damage":0,"enemies":"Giant Head","floor":47,"turns":7},{"damage":37,"enemies":"Awakened One","floor":50,"turns":21}],"seed_played":"5213005567345835056","potions_obtained":[{"floor":1.0,"key":"EssenceOfSteel"},{"floor":8.0,"key":"Block Potion"}],"is_trial":false,"path_per_floor":["M","M","?","M","?","R","M","M","T","?","?","R","M","$","R","B",null,"M","?","$","M","M","R","M","M","T","M","E","R","M","T","R","B",null,"M","M","M","M","?","?"],"character_chosen":"THE_SILENT","items_purchased":["Oddly Smooth Stone","Footwork","Acrobatics"],"campfire_rested":6,"item_purchase_floors":[14,20,20],"current_hp_per_floor":[43,43,43,41,41,41,41,31,31,19,19,37,37,37,37,19,51,30,30,30,30,26,44,28,26,26,18,8,26,22,22,40,10,48,45,45,45,45,42,42,60,52,52,52,37,37,37,53,53,16],"gold":408,"neow_bonus":"ONE_RARE_RELIC","is_prod":false,"is_daily":false,"chose_seed":false,"campfire_upgraded":2,"win_rate":0,"timestamp":1548077846,"path_taken":["M","M","?","M","?","R","M","M","T","?","?","R","?","$","R","BOSS","M","?","?","M","?","R","M","M","T","M","E","R","M","?","R","BOSS","M","?","M","$","?","M","R","M","T","?","M","M","E","?","R","BOSS"],"build_version":"2019-01-20","purchased_purges":2,"victory":true,"max_hp_per_floor":[66,66,61,61,61,61,61,61,61,61,61,61,61,61,61,61,61,61,61,61,61,61,61,61,61,61,61,61,61,61,61,61,61,61,61,61,61,61,61,61,61,61,61,61,61,61,61,53,53,53],"card_choices":[{"not_picked":["Dagger Throw","Backflip"],"picked":"Dagger Spray","floor":1.0},{"not_picked":["PiercingWail","Calculated Gamble"],"picked":"Concentrate","floor":2.0},{"not_picked":["Outmaneuver","Blade Dance"],"picked":"Dagger Throw","floor":4.0},{"not_picked":["Escape Plan","Cloak And Dagger"],"picked":"Dash","floor":7.0},{"not_picked":["Underhanded Strike","Masterful Stab"],"picked":"Backflip","floor":8.0},{"not_picked":["Concentrate","Riddle With Holes"],"picked":"Tactician","floor":13.0},{"not_picked":["Doppelganger","Wraith Form v2"],"picked":"After Image","floor":16.0},{"not_picked":["Bane","Poisoned Stab"],"picked":"Dagger Throw","floor":18.0},{"not_picked":["Heel Hook","Flying Knee","Blade Dance"],"picked":"SKIP","floor":21.0},{"not_picked":["Flying Knee","Poisoned Stab"],"picked":"Well Laid Plans","floor":22.0},{"not_picked":["Accuracy","Outmaneuver"],"picked":"Predator+1","floor":24.0},{"not_picked":["Dodge and Roll","Distraction+1","Sucker Punch"],"picked":"SKIP","floor":25.0},{"not_picked":["Cloak And Dagger","Dagger Spray+1"],"picked":"Malaise","floor":27.0},{"not_picked":["Concentrate+1","Blade Dance","Cloak And Dagger"],"picked":"SKIP","floor":28.0},{"not_picked":["Outmaneuver","Sucker Punch+1"],"picked":"Calculated Gamble","floor":29.0},{"not_picked":["Dagger Spray","Catalyst"],"picked":"Leg Sweep","floor":30.0},{"not_picked":["Finisher","Sucker Punch"],"picked":"Backflip","floor":32.0},{"not_picked":["Die Die Die","Bullet Time"],"picked":"Adrenaline","floor":33.0},{"not_picked":["Deadly Poison","Bane"],"picked":"Blur","floor":35.0},{"not_picked":["PiercingWail","Deflect","Sucker Punch"],"picked":"SKIP","floor":36.0},{"not_picked":["Outmaneuver","Tactician"],"picked":"Terror+1","floor":37},{"not_picked":["Poisoned Stab","Finisher"],"picked":"Backflip","floor":39},{"not_picked":["Deadly Poison","Dodge and Roll"],"picked":"Underhanded Strike+1","floor":40},{"not_picked":["Slice","Quick Slash"],"picked":"Outmaneuver","floor":42},{"not_picked":["Dodge and Roll","Well Laid Plans"],"picked":"Dagger Throw+1","floor":45},{"not_picked":["Expertise+1","Backflip","Slice"],"picked":"SKIP","floor":46},{"not_picked":["Unload","Poisoned Stab+1","Cloak And Dagger"],"picked":"SKIP","floor":47},{"not_picked":["Dagger Throw","Sucker Punch+1"],"picked":"Well Laid Plans","floor":49}],"player_experience":579756,"relics_obtained":[{"floor":9.0,"key":"Happy Flower"},{"floor":26.0,"key":"Dream Catcher"},{"floor":28.0,"key":"Anchor"},{"floor":31.0,"key":"The Courier"},{"floor":43,"key":"Art of War"},{"floor":47,"key":"Ninja Scroll"}],"event_choices":[{"damage_healed":0.0,"max_hp_gain":0.0,"max_hp_loss":5.0,"gold_gain":0.0,"event_name":"Golden Idol","player_choice":"Lose Max HP","floor":3.0,"gold_loss":0.0,"damage_taken":0.0,"relics_obtained":["Golden Idol"]},{"damage_healed":0.0,"max_hp_gain":0.0,"max_hp_loss":0.0,"gold_gain":0.0,"event_name":"Living Wall","player_choice":"Grow","floor":5.0,"gold_loss":0.0,"damage_taken":0.0,"cards_upgraded":["Concentrate"]},{"damage_healed":0.0,"max_hp_gain":0.0,"max_hp_loss":0.0,"gold_gain":0.0,"event_name":"Shining Light","player_choice":"Entered Light","floor":10.0,"gold_loss":0.0,"damage_taken":12.0,"cards_upgraded":["Strike_G","Strike_G"]},{"damage_healed":0.0,"max_hp_gain":0.0,"max_hp_loss":0.0,"gold_gain":0.0,"event_name":"Upgrade Shrine","player_choice":"Upgraded","floor":11.0,"gold_loss":0.0,"damage_taken":0.0,"cards_upgraded":["Dash"]},{"damage_healed":0.0,"max_hp_gain":0.0,"max_hp_loss":0.0,"gold_gain":0.0,"event_name":"Upgrade Shrine","player_choice":"Upgraded","floor":19.0,"gold_loss":0.0,"damage_taken":0.0,"cards_upgraded":["After Image"]},{"cards_removed":["Defend_G"],"damage_healed":0,"gold_gain":0,"player_choice":"Removed Skill","damage_taken":0,"max_hp_gain":0,"max_hp_loss":0,"event_name":"Falling","floor":44,"gold_loss":0},{"damage_healed":53,"gold_gain":0,"player_choice":"Heal","damage_taken":0,"max_hp_gain":0,"max_hp_loss":8,"event_name":"The Moai Head","floor":48,"gold_loss":0}],"is_beta":true,"boss_relics":[{"not_picked":["Runic Dome","Lizard Tail"],"picked":"Sozu"},{"not_picked":["Coffee Dripper","WristBlade"],"picked":"Fusion Hammer"}],"items_purged_floors":[14,38],"is_endless":false,"potions_floor_spawned":[1,8,22,24,25,30,37,39,47],"ascension_level":14}