{"gold_per_floor":[113,126,144,154,168,168,202,217,241,241,241,267,267,328,328,432,432,449,466,466,80,91,91,91],"floor_reached":24,"playtime":2835,"items_purged":[],"score":229,"play_id":"a4cf2f54-1f16-460e-b155-e608a50cc54d","local_time":"20190312164200","is_ascension_mode":true,"campfire_choices":[{"floor":6.0,"key":"REST"},{"data":"True Grit","floor":11.0,"key":"SMITH"},{"floor":15.0,"key":"REST"},{"floor":23,"key":"REST"}],"neow_cost":"PERCENT_DAMAGE","seed_source_timestamp":0,"circlet_count":0,"master_deck":["Strike_R","Strike_R","Strike_R","Strike_R","Strike_R","Defend_R","Defend_R","Defend_R","Defend_R","Bash","Iron Wave","Offering","Flex","Flame Barrier","Shrug It Off","Cleave","True Grit+1","True Grit+1","Shrug It Off","Berserk","Feel No Pain","Burning Pact"],"special_seed":0,"relics":["Burning Blood","Ice Cream","Dream Catcher","Pen Nib","Odd Mushroom","Tiny Chest","Philosopher\u0027s Stone","Calipers"],"potions_floor_usage":[19,22],"damage_taken":[{"damage":1.0,"enemies":"Cultist","floor":1.0,"turns":4.0},{"damage":6.0,"enemies":"Jaw Worm","floor":2.0,"turns":5.0},{"damage":2.0,"enemies":"2 Louse","floor":3.0,"turns":4.0},{"damage":34.0,"enemies":"Large Slime","floor":4.0,"turns":7.0},{"damage":9.0,"enemies":"Blue Slaver","floor":5.0,"turns":5.0},{"damage":19.0,"enemies":"3 Sentries","floor":7.0,"turns":11.0},{"damage":6.0,"enemies":"Looter","floor":8.0,"turns":4.0},{"damage":13.0,"enemies":"The Mushroom Lair","floor":12.0,"turns":4.0},{"damage":15.0,"enemies":"Gremlin Nob","floor":14.0,"turns":4.0},{"damage":48.0,"enemies":"Hexaghost","floor":16.0,"turns":7.0},{"damage":6,"enemies":"3 Byrds","floor":18,"turns":4},{"damage":8,"enemies":"Shell Parasite","floor":19,"turns":11},{"damage":32,"enemies":"Colosseum Slavers","floor":20,"turns":7},{"damage":36,"enemies":"Sentry and Sphere","floor":22,"turns":11},{"damage":51,"enemies":"Book of Stabbing","floor":24,"turns":8}],"seed_played":"-589590538112298670","potions_obtained":[{"floor":2.0,"key":"SkillPotion"},{"floor":4.0,"key":"Strength Potion"},{"floor":14.0,"key":"PowerPotion"},{"floor":16.0,"key":"Block Potion"},{"floor":18,"key":"SkillPotion"}],"is_trial":false,"path_per_floor":["M","M","M","M","M","R","E","M","T","?","R","?","?","E","R","B",null,"M","M","?","$","M","R","E"],"character_chosen":"IRONCLAD","items_purchased":["Feel No Pain","Calipers"],"campfire_rested":3,"item_purchase_floors":[21,21],"current_hp_per_floor":[61,61,65,37,34,58,45,45,45,71,71,64,64,55,79,37,80,80,78,52,52,22,46,0],"gold":91,"neow_bonus":"ONE_RARE_RELIC","is_prod":false,"is_daily":false,"chose_seed":false,"campfire_upgraded":1,"win_rate":0,"timestamp":1552423320,"path_taken":["M","M","?","M","M","R","E","M","T","?","R","?","?","E","R","BOSS","M","M","?","$","M","R","E"],"build_version":"2019-01-23","purchased_purges":0,"victory":false,"max_hp_per_floor":[80,80,80,80,80,80,80,80,80,80,80,80,80,80,80,80,80,80,80,80,80,80,80,80],"card_choices":[{"not_picked":["Thunderclap","Warcry"],"picked":"Iron Wave","floor":1.0},{"not_picked":["Warcry","Pommel Strike"],"picked":"Offering","floor":2.0},{"not_picked":["Havoc","Spot Weakness"],"picked":"Flex","floor":3.0},{"not_picked":["Hemokinesis","Corruption"],"picked":"Flame Barrier","floor":4.0},{"not_picked":["Perfected Strike","Clothesline"],"picked":"Shrug It Off","floor":5.0},{"not_picked":["Clothesline","Disarm"],"picked":"Cleave","floor":7.0},{"not_picked":["Iron Wave","Ghostly Armor"],"picked":"True Grit","floor":8.0},{"not_picked":["Searing Blow","Body Slam"],"picked":"True Grit","floor":12.0},{"not_picked":["Body Slam","Infernal Blade","Carnage"],"picked":"SKIP","floor":14.0},{"not_picked":["True Grit","Barricade"],"picked":"Shrug It Off","floor":15.0},{"not_picked":["Bludgeon","Offering"],"picked":"Berserk","floor":16.0},{"not_picked":["Evolve","Hemokinesis","Heavy Blade"],"picked":"SKIP","floor":18},{"not_picked":["Headbutt","Dual Wield","Sword Boomerang"],"picked":"SKIP","floor":19},{"not_picked":["Iron Wave","Pommel Strike"],"picked":"Burning Pact","floor":22}],"player_experience":127210,"relics_obtained":[{"floor":7.0,"key":"Dream Catcher"},{"floor":9.0,"key":"Pen Nib"},{"floor":12.0,"key":"Odd Mushroom"},{"floor":14.0,"key":"Tiny Chest"}],"event_choices":[{"damage_healed":26.0,"max_hp_gain":0.0,"max_hp_loss":0.0,"gold_gain":0.0,"event_name":"Big Fish","player_choice":"Banana","floor":10.0,"gold_loss":0.0,"damage_taken":0.0},{"damage_healed":0.0,"max_hp_gain":0.0,"max_hp_loss":0.0,"gold_gain":0.0,"event_name":"Mushrooms","player_choice":"Fought Mushrooms","floor":12.0,"gold_loss":0.0,"damage_taken":0.0},{"damage_healed":0.0,"max_hp_gain":0.0,"max_hp_loss":0.0,"gold_gain":0.0,"event_name":"Living Wall","player_choice":"Grow","floor":13.0,"gold_loss":0.0,"damage_taken":0.0,"cards_upgraded":["True Grit"]},{"damage_healed":0,"gold_gain":0,"player_choice":"Fight","damage_taken":0,"max_hp_gain":0,"max_hp_loss":0,"event_name":"Colosseum","floor":20,"gold_loss":0},{"damage_healed":0,"gold_gain":0,"player_choice":"Fled From Nobs","damage_taken":0,"max_hp_gain":0,"max_hp_loss":0,"event_name":"Colosseum","floor":20,"gold_loss":0}],"is_beta":false,"boss_relics":[{"not_picked":["Velvet Choker","Calling Bell"],"picked":"Philosopher\u0027s Stone"}],"items_purged_floors":[],"is_endless":false,"potions_floor_spawned":[2,4,14,16,18,20],"killed_by":"Book of Stabbing","ascension_level":2}