{"gold_per_floor":[114,114,114,130,130,157,157,157,157,185,185,212,232,247,247,325,375,390,94,94,94,94,94],"floor_reached":23,"playtime":883,"items_purged":["Regret"],"score":380,"play_id":"cc77635f-2199-4d6d-b466-1afab1fa57de","local_time":"20190214090742","is_ascension_mode":true,"campfire_choices":[{"floor":8,"key":"REST"},{"floor":11,"key":"REST"},{"floor":15,"key":"REST"}],"neow_cost":"CURSE","seed_source_timestamp":87542077135786,"circlet_count":0,"master_deck":["AscendersBane","Strike_R","Strike_R","Strike_R","Defend_R","Defend_R","Defend_R","Defend_R","Bash+1","Fiend Fire+1","Corruption","Pain","Power Through","Burning Pact","Wild Strike+1","Flame Barrier","Shrug It Off","Double Tap","Wild Strike+1","Shrug It Off","Ghostly","Ghostly","Ghostly","Berserk","Spot Weakness"],"relics":["Burning Blood","WarpedTongs","Singing Bowl","Happy Flower","Molten Egg 2","Odd Mushroom","Calipers","Tiny House","Medical Kit"],"potions_floor_usage":[12],"damage_taken":[{"damage":11,"enemies":"Jaw Worm","floor":1,"turns":4},{"damage":13,"enemies":"Small Slimes","floor":4,"turns":3},{"damage":40,"enemies":"Lagavulin","floor":6,"turns":6},{"damage":39,"enemies":"The Mushroom Lair","floor":10,"turns":5},{"damage":21,"enemies":"Gremlin Nob","floor":12,"turns":4},{"damage":5,"enemies":"Cultist","floor":13,"turns":3},{"damage":7,"enemies":"Exordium Thugs","floor":14,"turns":5},{"damage":25,"enemies":"The Guardian","floor":16,"turns":11},{"damage":42,"enemies":"Shell Parasite","floor":18,"turns":6},{"damage":30,"enemies":"Book of Stabbing","floor":23,"turns":4}],"seed_played":"1133739157041286239","potions_obtained":[{"floor":1,"key":"Weak Potion"},{"floor":4,"key":"LiquidBronze"},{"floor":16,"key":"Ancient Potion"}],"is_trial":false,"path_per_floor":["M","?","?","M","T","E","?","R","T","?","R","E","M","M","R","B",null,"M","$","?","?","?","E"],"character_chosen":"IRONCLAD","items_purchased":["Medical Kit"],"campfire_rested":3,"item_purchase_floors":[19],"current_hp_per_floor":[63,63,63,56,56,22,22,44,44,11,33,18,19,20,43,24,69,33,33,33,33,24,0],"gold":94,"neow_bonus":"THREE_RARE_CARDS","is_prod":false,"is_daily":false,"chose_seed":false,"campfire_upgraded":0,"win_rate":0,"timestamp":1550131662,"path_taken":["M","?","?","?","?","E","?","R","T","?","R","E","M","M","R","BOSS","M","$","?","?","?","E"],"build_version":"2019-02-06","purchased_purges":1,"victory":false,"max_hp_per_floor":[75,75,75,75,75,75,75,75,75,75,75,75,75,77,77,77,82,82,82,41,41,46,46],"card_choices":[{"not_picked":["Juggernaut","Demon Form"],"picked":"Fiend Fire","floor":0},{"not_picked":["Perfected Strike","Armaments"],"picked":"Corruption","floor":1},{"not_picked":["Anger","Heavy Blade"],"picked":"Power Through","floor":4},{"not_picked":["Armaments","Clash"],"picked":"Burning Pact","floor":6},{"not_picked":["Armaments","Headbutt+1"],"picked":"Wild Strike+1","floor":10},{"not_picked":["True Grit","Clash+1"],"picked":"Flame Barrier","floor":12},{"not_picked":["Clothesline+1","Headbutt+1"],"picked":"Shrug It Off","floor":13},{"not_picked":["Clash+1","Heavy Blade+1","Dual Wield"],"picked":"Singing Bowl","floor":14},{"not_picked":["Berserk","Reaper+1"],"picked":"Double Tap","floor":16},{"not_picked":["Flex","Twin Strike+1"],"picked":"Wild Strike+1","floor":17},{"not_picked":["Clothesline+1","Pommel Strike+1"],"picked":"Shrug It Off","floor":18}],"player_experience":759429,"relics_obtained":[{"floor":5,"key":"Singing Bowl"},{"floor":6,"key":"Happy Flower"},{"floor":9,"key":"Molten Egg 2"},{"floor":10,"key":"Odd Mushroom"},{"floor":12,"key":"Calipers"}],"event_choices":[{"damage_healed":0,"gold_gain":0,"player_choice":"Grow","damage_taken":0,"max_hp_gain":0,"max_hp_loss":0,"event_name":"Living Wall","floor":2,"gold_loss":0,"cards_upgraded":["Fiend Fire"]},{"damage_healed":0,"gold_gain":0,"player_choice":"Rummage","damage_taken":0,"relics_obtained":["WarpedTongs"],"max_hp_gain":0,"max_hp_loss":0,"event_name":"Accursed Blacksmith","floor":3,"gold_loss":0,"cards_obtained":["Pain"]},{"damage_healed":0,"gold_gain":0,"player_choice":"Ignored","damage_taken":0,"max_hp_gain":0,"max_hp_loss":0,"event_name":"Shining Light","floor":7,"gold_loss":0},{"damage_healed":0,"gold_gain":0,"player_choice":"Fought Mushrooms","damage_taken":0,"max_hp_gain":0,"max_hp_loss":0,"event_name":"Mushrooms","floor":10,"gold_loss":0},{"damage_healed":0,"gold_gain":0,"player_choice":"Became a Ghost","damage_taken":0,"max_hp_gain":0,"max_hp_loss":41,"event_name":"Ghosts","floor":20,"gold_loss":0,"cards_obtained":["Ghostly","Ghostly","Ghostly"]},{"damage_healed":0,"gold_gain":0,"cards_transformed":["Strike_R","Strike_R"],"player_choice":"Became Test Subject","damage_taken":0,"max_hp_gain":0,"max_hp_loss":0,"event_name":"Drug Dealer","floor":21,"gold_loss":0,"cards_obtained":["Berserk","Spot Weakness"]},{"damage_healed":0,"gold_gain":0,"player_choice":"Shed Blood","damage_taken":14,"max_hp_gain":5,"max_hp_loss":0,"event_name":"Forgotten Altar","floor":22,"gold_loss":0}],"is_beta":true,"boss_relics":[{"not_picked":["Snecko Eye","Lizard Tail"],"picked":"Tiny House"}],"items_purged_floors":[19],"is_endless":false,"potions_floor_spawned":[1,4,16],"killed_by":"Book of Stabbing","ascension_level":19}