{"gold_per_floor":[110,110,29,29,49,49,74,84,84,84,110,31,45,45,45,116,116,128,138,138,87,101,101,134,134],"floor_reached":25,"playtime":1903,"items_purged":[],"score":495,"play_id":"da671d0b-28bf-4132-87a7-3c9b3f0c9fab","local_time":"20190207135346","is_ascension_mode":true,"campfire_choices":[{"data":"Immolate","floor":6,"key":"SMITH"},{"data":"Armaments","floor":10,"key":"SMITH"},{"data":"Power Through","floor":15,"key":"SMITH"},{"floor":23,"key":"REST"}],"neow_cost":"NONE","seed_source_timestamp":1648251149823509,"circlet_count":0,"master_deck":["AscendersBane","Bash+1","Headbutt","Immolate+1","Power Through+1","Armaments+1","Battle Trance","Warcry","Pain","Exhume","Power Through","Entrench","Disarm","Carnage","Iron Wave","Dark Embrace","Demon Form","Searing Blow","Ghostly Armor+1","Havoc","Ghostly Armor","Havoc","Havoc"],"relics":["Burning Blood","Turnip","Darkstone Periapt","Bottled Flame","WarpedTongs","Pandora\u0027s Box","Paper Frog"],"potions_floor_usage":[16,16,24,25],"damage_taken":[{"damage":7,"enemies":"Jaw Worm","floor":1,"turns":3},{"damage":1,"enemies":"Small Slimes","floor":5,"turns":3},{"damage":10,"enemies":"3 Sentries","floor":7,"turns":4},{"damage":0,"enemies":"Cultist","floor":8,"turns":2},{"damage":21,"enemies":"Gremlin Nob","floor":11,"turns":4},{"damage":3,"enemies":"Exordium Thugs","floor":13,"turns":4},{"damage":46,"enemies":"The Guardian","floor":16,"turns":11},{"damage":12,"enemies":"2 Thieves","floor":18,"turns":3},{"damage":20,"enemies":"Spheric Guardian","floor":19,"turns":4},{"damage":28,"enemies":"Cultist and Chosen","floor":22,"turns":7},{"damage":0,"enemies":"Gremlin Leader","floor":24,"turns":3},{"damage":19,"enemies":"Colosseum Slavers","floor":25,"turns":6},{"damage":67,"enemies":"Colosseum Nobs","floor":25,"turns":4}],"seed_played":"5057195285036586067","potions_obtained":[{"floor":7,"key":"Weak Potion"},{"floor":11,"key":"PowerPotion"},{"floor":16,"key":"Swift Potion"},{"floor":19,"key":"Energy Potion"}],"is_trial":false,"path_per_floor":["M","?","$","?","M","R","E","M","T","R","E","$","M","?","R","B",null,"M","M","?","$","M","R","E","?"],"character_chosen":"IRONCLAD","items_purchased":["Immolate","Battle Trance","Havoc"],"campfire_rested":1,"item_purchase_floors":[3,12,21],"current_hp_per_floor":[67,67,67,67,72,72,68,74,74,74,59,59,62,68,68,28,68,62,48,48,48,26,50,56,0],"gold":134,"neow_bonus":"UPGRADE_CARD","is_prod":false,"is_daily":false,"chose_seed":false,"campfire_upgraded":3,"win_rate":0,"timestamp":1549544026,"path_taken":["M","?","$","?","M","R","E","?","T","R","E","?","M","?","R","BOSS","M","M","?","$","?","R","E","?"],"build_version":"2019-02-06","purchased_purges":0,"victory":false,"max_hp_per_floor":[75,75,75,75,75,75,75,75,75,75,75,75,75,81,81,81,81,81,81,81,81,81,81,81,81],"card_choices":[{"not_picked":["Havoc","Metallicize"],"picked":"Headbutt","floor":1},{"not_picked":["Infernal Blade","Sever Soul"],"picked":"Power Through","floor":5},{"not_picked":["Clothesline","Reckless Charge","Cleave"],"picked":"SKIP","floor":7},{"not_picked":["Seeing Red","Power Through"],"picked":"Armaments","floor":8},{"not_picked":["Headbutt","Perfected Strike","Combust"],"picked":"SKIP","floor":11},{"not_picked":["Sword Boomerang","Blood for Blood"],"picked":"Warcry","floor":13},{"not_picked":["Reaper","Offering"],"picked":"Exhume","floor":16},{"not_picked":["Dropkick+1","Shrug It Off"],"picked":"Ghostly Armor+1","floor":18},{"not_picked":["Headbutt","Body Slam+1"],"picked":"Havoc","floor":19},{"not_picked":["Cleave","Entrench","Body Slam"],"picked":"SKIP","floor":22},{"not_picked":["Anger","Iron Wave"],"picked":"Havoc","floor":24}],"player_experience":743468,"relics_obtained":[{"floor":7,"key":"Turnip"},{"floor":9,"key":"Darkstone Periapt"},{"floor":11,"key":"Bottled Flame"},{"floor":24,"key":"Paper Frog"}],"event_choices":[{"cards_removed":["Strike_R"],"damage_healed":0,"gold_gain":0,"player_choice":"Forget","damage_taken":0,"max_hp_gain":0,"max_hp_loss":0,"event_name":"Living Wall","floor":2,"gold_loss":0},{"damage_healed":0,"gold_gain":0,"player_choice":"0 cards matched","damage_taken":0,"max_hp_gain":0,"max_hp_loss":0,"event_name":"Match and Keep!","floor":4,"gold_loss":0,"cards_obtained":[]},{"damage_healed":0,"gold_gain":0,"player_choice":"Rummage","damage_taken":0,"relics_obtained":["WarpedTongs"],"max_hp_gain":0,"max_hp_loss":0,"event_name":"Accursed Blacksmith","floor":14,"gold_loss":0,"cards_obtained":["Pain"]},{"damage_healed":0,"gold_gain":0,"player_choice":"1 cards matched","damage_taken":0,"max_hp_gain":0,"max_hp_loss":0,"event_name":"Match and Keep!","floor":20,"gold_loss":0,"cards_obtained":["Ghostly Armor"]},{"damage_healed":0,"gold_gain":0,"player_choice":"Fight","damage_taken":0,"max_hp_gain":0,"max_hp_loss":0,"event_name":"Colosseum","floor":25,"gold_loss":0},{"damage_healed":0,"gold_gain":0,"player_choice":"Fought Nobs","damage_taken":0,"max_hp_gain":0,"max_hp_loss":0,"event_name":"Colosseum","floor":25,"gold_loss":0}],"is_beta":true,"boss_relics":[{"not_picked":["Runic Dome","Runic Cube"],"picked":"Pandora\u0027s Box"}],"items_purged_floors":[],"is_endless":false,"potions_floor_spawned":[7,11,13,16,19,25],"killed_by":"Colosseum Nobs","ascension_level":19}