{"gold_per_floor":[112,112,128,69,69,103,103,28,28,69,69,84,3,3,3,3],"floor_reached":16,"playtime":332,"items_purged":[],"score":255,"play_id":"50fefe9a-45bb-4d14-a89a-387b9700819f","local_time":"20190207132144","is_ascension_mode":true,"campfire_choices":[{"data":"Bludgeon","floor":11,"key":"SMITH"},{"data":"Carnage","floor":15,"key":"SMITH"}],"neow_cost":"NONE","seed_source_timestamp":1647906974199904,"circlet_count":0,"master_deck":["AscendersBane","Strike_R","Strike_R+1","Strike_R","Strike_R","Defend_R","Defend_R+1","Defend_R","Defend_R","Bash","Thunderclap","Iron Wave","Bludgeon+1","Iron Wave","Carnage+1","Whirlwind"],"relics":["Burning Blood","NeowsBlessing","Juzu Bracelet","Golden Idol","Blue Candle","Omamori"],"potions_floor_usage":[16],"damage_taken":[{"damage":0,"enemies":"Small Slimes","floor":1,"turns":1},{"damage":0,"enemies":"Jaw Worm","floor":3,"turns":1},{"damage":0,"enemies":"Lagavulin","floor":6,"turns":2},{"damage":32,"enemies":"Gremlin Nob","floor":10,"turns":4},{"damage":3,"enemies":"2 Louse","floor":12,"turns":3},{"damage":45,"enemies":"Hexaghost","floor":16,"turns":7}],"seed_played":"-6642063041316247822","potions_obtained":[{"floor":10,"key":"GamblersBrew"}],"is_trial":false,"path_per_floor":["M","?","M","$","?","E","?","?","T","E","R","M","$","?","R","B"],"character_chosen":"IRONCLAD","items_purchased":["Iron Wave","Whirlwind"],"campfire_rested":0,"item_purchase_floors":[4,13],"current_hp_per_floor":[74,51,57,57,57,63,63,63,63,37,37,40,40,45,45,0],"gold":3,"neow_bonus":"THREE_ENEMY_KILL","is_prod":false,"is_daily":false,"chose_seed":false,"campfire_upgraded":2,"win_rate":0,"timestamp":1549542104,"path_taken":["M","?","M","$","?","E","?","?","T","E","R","M","?","?","R","BOSS"],"build_version":"2019-02-06","purchased_purges":0,"victory":false,"max_hp_per_floor":[75,75,75,75,75,75,68,68,68,68,68,68,68,73,73,73],"card_choices":[{"not_picked":["Pommel Strike","Cleave"],"picked":"Thunderclap","floor":1},{"not_picked":["Feel No Pain","Sever Soul","Sword Boomerang"],"picked":"SKIP","floor":3},{"not_picked":["Corruption","Uppercut"],"picked":"Bludgeon","floor":6},{"not_picked":["Sword Boomerang","Cleave"],"picked":"Iron Wave","floor":10},{"not_picked":["Perfected Strike","Cleave"],"picked":"Carnage","floor":12}],"player_experience":743136,"relics_obtained":[{"floor":6,"key":"Juzu Bracelet"},{"floor":9,"key":"Blue Candle"},{"floor":10,"key":"Omamori"}],"event_choices":[{"damage_healed":0,"gold_gain":0,"player_choice":"Entered Light","damage_taken":23,"max_hp_gain":0,"max_hp_loss":0,"event_name":"Shining Light","floor":2,"gold_loss":0,"cards_upgraded":["Strike_R","Defend_R"]},{"damage_healed":0,"gold_gain":0,"player_choice":"Ignored","damage_taken":0,"max_hp_gain":0,"max_hp_loss":0,"event_name":"Liars Game","floor":5,"gold_loss":0},{"damage_healed":0,"gold_gain":0,"player_choice":"Lose Max HP","damage_taken":0,"relics_obtained":["Golden Idol"],"max_hp_gain":0,"max_hp_loss":7,"event_name":"Golden Idol","floor":7,"gold_loss":0},{"cards_removed":["Strike_R"],"damage_healed":0,"gold_gain":0,"player_choice":"Card Removal","damage_taken":0,"max_hp_gain":0,"max_hp_loss":0,"event_name":"The Cleric","floor":8,"gold_loss":75},{"damage_healed":0,"gold_gain":0,"player_choice":"Donut","damage_taken":0,"max_hp_gain":5,"max_hp_loss":0,"event_name":"Big Fish","floor":14,"gold_loss":0}],"is_beta":true,"boss_relics":[],"items_purged_floors":[],"is_endless":false,"potions_floor_spawned":[10],"killed_by":"Hexaghost","ascension_level":19}