{"gold_per_floor":[16,16,32,32,32,57,57,3,26,41,41,41,52,52,52,128,128,141,141,153,153,2,2,20,20],"floor_reached":25,"playtime":1161,"items_purged":["Pain"],"score":338,"play_id":"e85a478c-252e-4769-93c8-388411c75a34","local_time":"20190120140309","is_ascension_mode":true,"campfire_choices":[{"data":"Blade Dance","floor":7,"key":"SMITH"},{"floor":12,"key":"REST"},{"data":"Secret Technique","floor":15,"key":"SMITH"},{"data":"Bullet Time","floor":23,"key":"SMITH"}],"neow_cost":"NO_GOLD","seed_source_timestamp":94286697616342,"circlet_count":0,"master_deck":["AscendersBane","Defend_G","Defend_G","Defend_G","Defend_G","Strike_G","Strike_G","Strike_G","Strike_G","Strike_G","Survivor","Neutralize","Trip","Secret Technique+1","Cloak And Dagger","PiercingWail","Blade Dance+1","Bouncing Flask","Noxious Fumes","A Thousand Cuts","Cloak And Dagger","Blade Dance","Bullet Time+1","Predator","Footwork","Deflect"],"relics":["Ring of the Snake","The Courier","Ancient Tea Set","Bag of Preparation","Strawberry","WarpedTongs","Orrery"],"potions_floor_usage":[],"damage_taken":[{"damage":5,"enemies":"Small Slimes","floor":1,"turns":4},{"damage":0,"enemies":"Cultist","floor":3,"turns":2},{"damage":26,"enemies":"Gremlin Nob","floor":6,"turns":5},{"damage":1,"enemies":"Jaw Worm","floor":10,"turns":2},{"damage":0,"enemies":"Large Slime","floor":13,"turns":4},{"damage":19,"enemies":"The Guardian","floor":16,"turns":9},{"damage":22,"enemies":"Spheric Guardian","floor":18,"turns":5},{"damage":3,"enemies":"2 Thieves","floor":20,"turns":4},{"damage":33,"enemies":"Sentry and Sphere","floor":24,"turns":6},{"damage":23,"enemies":"Gremlin Leader","floor":25,"turns":4}],"seed_played":"6382968450306001393","potions_obtained":[{"floor":10,"key":"FearPotion"},{"floor":16,"key":"LiquidBronze"}],"is_trial":false,"path_per_floor":["M","?","M","$","T","E","R","$","T","M","?","R","M","?","R","B",null,"M","?","M","?","$","R","M","E"],"character_chosen":"THE_SILENT","items_purchased":["Bouncing Flask","Footwork","Deflect"],"campfire_rested":1,"item_purchase_floors":[8,22,22],"current_hp_per_floor":[54,54,54,54,54,28,28,28,28,27,31,52,52,52,52,33,63,41,34,31,55,55,55,22,0],"gold":20,"neow_bonus":"RANDOM_COLORLESS_2","is_prod":false,"is_daily":false,"chose_seed":false,"campfire_upgraded":3,"win_rate":0,"timestamp":1547989389,"path_taken":["M","?","?","?","?","E","R","$","T","?","?","R","M","?","R","BOSS","M","?","?","?","$","R","M","E"],"build_version":"2019-01-17","purchased_purges":1,"victory":false,"max_hp_per_floor":[66,66,66,66,66,66,66,66,66,66,73,73,73,73,73,73,73,73,73,73,73,73,73,73,73],"card_choices":[{"not_picked":["Crippling Poison","Leg Sweep"],"picked":"Cloak And Dagger","floor":1},{"not_picked":["Bane","Dagger Throw"],"picked":"PiercingWail","floor":3},{"not_picked":["Backflip","Outmaneuver"],"picked":"Blade Dance","floor":6},{"not_picked":["Blade Dance","Endless Agony","Riddle With Holes"],"picked":"SKIP","floor":10},{"not_picked":["Riddle With Holes","Blade Dance"],"picked":"Noxious Fumes","floor":13},{"not_picked":["Wraith Form v2","Storm of Steel"],"picked":"A Thousand Cuts","floor":16},{"not_picked":["Bane","PiercingWail"],"picked":"Cloak And Dagger","floor":17},{"not_picked":["Sucker Punch","Eviscerate"],"picked":"Blade Dance","floor":17},{"not_picked":["Underhanded Strike","Accuracy"],"picked":"Bullet Time","floor":18},{"not_picked":["Sucker Punch","Underhanded Strike"],"picked":"Predator","floor":20},{"not_picked":["Sucker Punch","Riddle With Holes","Skewer"],"picked":"SKIP","floor":24}],"player_experience":577174,"relics_obtained":[{"floor":5,"key":"The Courier"},{"floor":6,"key":"Ancient Tea Set"},{"floor":9,"key":"Bag of Preparation"}],"event_choices":[{"cards_removed":["Defend_G"],"damage_healed":0,"gold_gain":0,"player_choice":"Purged","damage_taken":0,"max_hp_gain":0,"max_hp_loss":0,"event_name":"Purifier","floor":2,"gold_loss":0},{"damage_healed":0,"gold_gain":0,"player_choice":"Success","damage_taken":3,"relics_obtained":["Strawberry"],"max_hp_gain":0,"max_hp_loss":0,"event_name":"Scrap Ooze","floor":11,"gold_loss":0},{"damage_healed":0,"gold_gain":0,"player_choice":"Rummage","damage_taken":0,"relics_obtained":["WarpedTongs"],"max_hp_gain":0,"max_hp_loss":0,"event_name":"Accursed Blacksmith","floor":14,"gold_loss":0,"cards_obtained":["Pain"]},{"damage_healed":0,"gold_gain":0,"player_choice":"Damaged","damage_taken":7,"max_hp_gain":0,"max_hp_loss":0,"event_name":"Wheel of Change","floor":19,"gold_loss":0},{"damage_healed":24,"gold_gain":0,"player_choice":"Heal","damage_taken":0,"max_hp_gain":0,"max_hp_loss":0,"event_name":"The Library","floor":21,"gold_loss":0}],"is_beta":true,"boss_relics":[{"not_picked":["Philosopher\u0027s Stone","Runic Pyramid"],"picked":"Orrery"}],"items_purged_floors":[22],"is_endless":false,"potions_floor_spawned":[10,16,20,24],"killed_by":"Gremlin Leader","ascension_level":14}