{"gold_per_floor":[111,128,90,90,165,190,365,365,365,375,375,77,110,110,110,214,214,227,227,245,2,12,42,42,18,18,18,28,48,14,28,28,128,128,142,155,255,270,270,283,283,383,383,383,394,406,113,127,127,127,127,127,127,152,152],"floor_reached":55,"playtime":3250,"items_purged":["Strike_G"],"score":801,"play_id":"06dedabf-a96a-484d-9c2b-cfd4de067ead","local_time":"20190312233211","is_ascension_mode":true,"campfire_choices":[{"data":"Footwork","floor":8,"key":"SMITH"},{"data":"Bouncing Flask","floor":11,"key":"SMITH"},{"floor":15,"key":"REST"},{"data":"Crippling Poison","floor":24,"key":"SMITH"},{"data":"Dodge and Roll","floor":27,"key":"SMITH"},{"floor":32,"key":"REST"},{"data":"A Thousand Cuts","floor":41,"key":"SMITH"},{"floor":44,"key":"RECALL"},{"floor":49,"key":"REST"},{"data":"Footwork","floor":52,"key":"SMITH"}],"neow_cost":"NONE","seed_source_timestamp":276157836324379,"circlet_count":0,"master_deck":["Defend_G","Defend_G","Defend_G","Defend_G+1","Strike_G+1","Survivor","Neutralize","Dash+1","Backstab+1","Distraction+1","Footwork+1","Deadly Poison","Well Laid Plans","Bouncing Flask+1","Deadly Poison","Phantasmal Killer","Crippling Poison+1","Calculated Gamble","Backflip","Outmaneuver+1","Dodge and Roll+1","Crippling Poison+1","Leg Sweep+1","Noxious Fumes","A Thousand Cuts+1","Crippling Poison+1","Cloak And Dagger","Leg Sweep","PiercingWail","Cloak And Dagger","Footwork+1","Acrobatics","After Image"],"relics":["Astrolabe","Ninja Scroll","Bottled Flame","Tough Bandages","Pen Nib","Sozu","TwistedFunnel","Thread and Needle","Sundial","WristBlade","Ginger","Art of War","Dodecahedron"],"potions_floor_usage":[6,23],"damage_taken":[{"damage":0,"enemies":"2 Louse","floor":1,"turns":2},{"damage":0,"enemies":"Small Slimes","floor":2,"turns":3},{"damage":11,"enemies":"Gremlin Nob","floor":6,"turns":5},{"damage":0,"enemies":"Jaw Worm","floor":10,"turns":1},{"damage":6,"enemies":"Lagavulin","floor":13,"turns":5},{"damage":16,"enemies":"The Guardian","floor":16,"turns":9},{"damage":10,"enemies":"Spheric Guardian","floor":18,"turns":5},{"damage":0,"enemies":"Chosen","floor":20,"turns":3},{"damage":8,"enemies":"Snecko","floor":22,"turns":5},{"damage":10,"enemies":"Slavers","floor":23,"turns":8},{"damage":17,"enemies":"Snake Plant","floor":28,"turns":3},{"damage":11,"enemies":"Shelled Parasite and Fungi","floor":29,"turns":4},{"damage":7,"enemies":"Snecko","floor":31,"turns":5},{"damage":18,"enemies":"Champ","floor":33,"turns":13},{"damage":0,"enemies":"3 Darklings","floor":35,"turns":4},{"damage":1,"enemies":"Orb Walker","floor":36,"turns":4},{"damage":9,"enemies":"Mind Bloom Boss Battle","floor":37,"turns":7},{"damage":6,"enemies":"Sphere and 2 Shapes","floor":38,"turns":5},{"damage":0,"enemies":"Maw","floor":40,"turns":7},{"damage":0,"enemies":"Writhing Mass","floor":45,"turns":6},{"damage":0,"enemies":"4 Shapes","floor":46,"turns":3},{"damage":11,"enemies":"Spire Growth","floor":48,"turns":4},{"damage":28,"enemies":"Donu and Deca","floor":50,"turns":13},{"damage":53,"enemies":"Shield and Spear","floor":54,"turns":10},{"damage":17,"enemies":"The Heart","floor":55,"turns":2}],"seed_played":"-8280150771129684134","potions_obtained":[{"floor":1,"key":"SneckoOil"},{"floor":6,"key":"Swift Potion"}],"is_trial":false,"path_per_floor":["M","M","$","?","?","E","?","R","T","M","R","$","E","?","R","B",null,"M","?","M","$","M","E","R","$","T","R","M","M","$","M","R","B",null,"M","M","?","M","?","M","R","?","T","R","M","M","$","M","R","B",null,"R","$","E","B"],"character_chosen":"THE_SILENT","items_purchased":["Well Laid Plans","Tough Bandages","TwistedFunnel","Backflip","Dodge and Roll","Noxious Fumes","Footwork","Art of War"],"campfire_rested":3,"item_purchase_floors":[3,12,21,21,25,30,47,47],"current_hp_per_floor":[70,70,70,56,45,34,34,34,34,34,34,34,28,21,42,26,70,60,60,60,60,52,42,42,42,42,42,25,14,14,7,28,10,70,70,69,60,54,54,54,54,54,54,54,54,54,54,43,64,36,70,70,70,17,0],"gold":152,"neow_bonus":"BOSS_RELIC","is_prod":false,"is_daily":false,"chose_seed":false,"campfire_upgraded":6,"win_rate":0,"timestamp":1552429931,"path_taken":["M","M","$","?","?","E","?","R","T","M","R","?","E","?","R","BOSS","M","?","M","?","M","E","R","$","T","R","M","?","$","M","R","BOSS","M","M","?","M","?","?","R","?","T","R","?","?","?","M","R","BOSS","R","$","E","BOSS"],"build_version":"2019-01-23","purchased_purges":1,"victory":false,"max_hp_per_floor":[70,70,70,70,70,70,70,70,70,70,70,70,70,70,70,70,70,70,70,70,70,70,70,70,70,70,70,70,70,70,70,70,70,70,70,70,70,70,70,70,70,70,70,70,70,70,70,70,70,70,70,70,70,70,70],"card_choices":[{"not_picked":["Catalyst","Outmaneuver"],"picked":"Footwork","floor":1},{"not_picked":["Dagger Throw","Choke"],"picked":"Deadly Poison","floor":2},{"not_picked":["Masterful Stab","Outmaneuver","Blade Dance"],"picked":"SKIP","floor":6},{"not_picked":["Escape Plan","Blade Dance"],"picked":"Bouncing Flask","floor":10},{"not_picked":["Bane","Endless Agony"],"picked":"Deadly Poison","floor":13},{"not_picked":["Wraith Form v2","Night Terror"],"picked":"Phantasmal Killer","floor":16},{"not_picked":["Flechettes","Calculated Gamble"],"picked":"Crippling Poison","floor":18},{"not_picked":["Flechettes","Deadly Poison"],"picked":"Calculated Gamble","floor":20},{"not_picked":["Flying Knee","Slice"],"picked":"Outmaneuver+1","floor":22},{"not_picked":["Bullet Time","Deflect","Underhanded Strike"],"picked":"SKIP","floor":23},{"not_picked":["Bane","Infinite Blades+1"],"picked":"Crippling Poison+1","floor":28},{"not_picked":["Quick Slash+1","Predator"],"picked":"Leg Sweep+1","floor":29},{"not_picked":["Blade Dance","Dodge and Roll","Prepared"],"picked":"SKIP","floor":31},{"not_picked":["Storm of Steel","Wraith Form v2"],"picked":"A Thousand Cuts","floor":33},{"not_picked":["Reflex+1","Outmaneuver","Masterful Stab"],"picked":"SKIP","floor":35},{"not_picked":["Outmaneuver","Poisoned Stab+1"],"picked":"Crippling Poison+1","floor":36},{"not_picked":["Reflex","Prepared"],"picked":"Cloak And Dagger","floor":37},{"not_picked":["Prepared+1","Dash"],"picked":"Leg Sweep","floor":38},{"not_picked":["Slice","Prepared"],"picked":"PiercingWail","floor":40},{"not_picked":["Bane+1","Concentrate","Dagger Throw"],"picked":"SKIP","floor":45},{"not_picked":["Concentrate+1","Blade Dance+1"],"picked":"Cloak And Dagger","floor":46},{"not_picked":["Dash","Concentrate+1"],"picked":"Acrobatics","floor":48},{"not_picked":["Expertise","Blade Dance"],"picked":"After Image","floor":54}],"player_experience":202388,"relics_obtained":[{"floor":6,"key":"Ninja Scroll"},{"floor":9,"key":"Bottled Flame"},{"floor":13,"key":"Pen Nib"},{"floor":23,"key":"Thread and Needle"},{"floor":26,"key":"Sundial"},{"floor":37,"key":"Ginger"},{"floor":54,"key":"Dodecahedron"}],"event_choices":[{"damage_healed":0,"gold_gain":0,"player_choice":"Entered Light","damage_taken":14,"max_hp_gain":0,"max_hp_loss":0,"event_name":"Shining Light","floor":4,"gold_loss":0,"cards_upgraded":["Defend_G","Strike_G"]},{"damage_healed":0,"gold_gain":75,"player_choice":"Gather Gold","damage_taken":11,"max_hp_gain":0,"max_hp_loss":0,"event_name":"World of Goop","floor":5,"gold_loss":0},{"damage_healed":0,"gold_gain":175,"player_choice":"AGREE","damage_taken":0,"max_hp_gain":0,"max_hp_loss":0,"event_name":"Liars Game","floor":7,"gold_loss":0,"cards_obtained":["Doubt"]},{"cards_removed":["Strike_G"],"damage_healed":0,"gold_gain":0,"player_choice":"Card Removal","damage_taken":7,"max_hp_gain":0,"max_hp_loss":0,"event_name":"Golden Wing","floor":14,"gold_loss":0},{"cards_removed":["Doubt"],"damage_healed":0,"gold_gain":0,"player_choice":"Removed Curses","damage_taken":0,"max_hp_gain":0,"max_hp_loss":0,"event_name":"Fountain of Cleansing","floor":19,"gold_loss":0},{"damage_healed":0,"gold_gain":0,"player_choice":"Fight","damage_taken":0,"max_hp_gain":0,"max_hp_loss":0,"event_name":"MindBloom","floor":37,"gold_loss":0},{"damage_healed":0,"gold_gain":0,"player_choice":"Got Potions","damage_taken":0,"max_hp_gain":0,"max_hp_loss":0,"event_name":"Lab","floor":39,"gold_loss":0},{"damage_healed":0,"gold_gain":100,"player_choice":"Pray","damage_taken":0,"max_hp_gain":0,"max_hp_loss":0,"event_name":"Golden Shrine","floor":42,"gold_loss":0}],"is_beta":false,"boss_relics":[{"not_picked":["Runic Dome","Pandora\u0027s Box"],"picked":"Sozu"},{"not_picked":["Calling Bell","Fusion Hammer"],"picked":"WristBlade"}],"items_purged_floors":[47],"is_endless":false,"potions_floor_spawned":[1,6,18,20,37,38,45,54],"killed_by":"The Heart","ascension_level":4}