{"gold_per_floor":[114,114,127,52,62,62,90,90,137,137,137,157,157,157],"floor_reached":14,"playtime":444,"items_purged":["Normality"],"score":172,"play_id":"4b16f062-61e3-4a28-981e-9b5eb58d4b32","local_time":"20190205130653","is_ascension_mode":true,"campfire_choices":[{"data":"Flex","floor":6,"key":"SMITH"},{"floor":8,"key":"REST"},{"data":"Inflame","floor":11,"key":"SMITH"},{"data":"Inflame","floor":13,"key":"SMITH"}],"neow_cost":"CURSE","seed_source_timestamp":1474088566501305,"circlet_count":0,"master_deck":["AscendersBane","Strike_R","Strike_R","Strike_R","Strike_R","Strike_R","Defend_R","Defend_R","Defend_R","Defend_R","Bash","Pommel Strike","Inflame+1","Flex+1","Thunderclap","Pain","Inflame+1"],"relics":["Burning Blood","Bird Faced Urn","Lantern","Dream Catcher","WarpedTongs"],"potions_floor_usage":[],"damage_taken":[{"damage":14,"enemies":"Jaw Worm","floor":1,"turns":5},{"damage":14,"enemies":"Small Slimes","floor":3,"turns":4},{"damage":2,"enemies":"Cultist","floor":5,"turns":4},{"damage":55,"enemies":"3 Sentries","floor":7,"turns":11},{"damage":14,"enemies":"Blue Slaver","floor":12,"turns":4},{"damage":30,"enemies":"Exordium Thugs","floor":14,"turns":3}],"seed_played":"2064139067129750971","potions_obtained":[{"floor":5,"key":"FearPotion"},{"floor":12,"key":"GamblersBrew"}],"is_trial":false,"path_per_floor":["M","?","M","$","M","R","E","R","T","?","R","M","R","M"],"character_chosen":"IRONCLAD","items_purchased":[],"campfire_rested":1,"item_purchase_floors":[],"current_hp_per_floor":[60,60,52,52,58,58,11,33,33,33,33,27,27,0],"gold":157,"neow_bonus":"ONE_RARE_RELIC","is_prod":false,"is_daily":false,"chose_seed":false,"campfire_upgraded":3,"win_rate":0,"timestamp":1549368413,"path_taken":["M","?","M","$","M","R","E","R","T","?","R","M","R","?"],"build_version":"2019-01-23","purchased_purges":1,"victory":false,"max_hp_per_floor":[75,75,75,75,75,75,75,75,75,75,75,75,75,75],"card_choices":[{"not_picked":["Entrench","Rage"],"picked":"Pommel Strike","floor":1},{"not_picked":["Wild Strike","Flex"],"picked":"Inflame","floor":3},{"not_picked":["Clothesline","Perfected Strike"],"picked":"Flex","floor":5},{"not_picked":["Shockwave","Body Slam"],"picked":"Thunderclap","floor":7},{"not_picked":["Combust","Havoc"],"picked":"Inflame","floor":12}],"player_experience":706219,"relics_obtained":[{"floor":7,"key":"Lantern"},{"floor":9,"key":"Dream Catcher"}],"event_choices":[{"damage_healed":0,"gold_gain":0,"player_choice":"Ignored","damage_taken":0,"max_hp_gain":0,"max_hp_loss":0,"event_name":"Liars Game","floor":2,"gold_loss":0},{"damage_healed":0,"gold_gain":0,"player_choice":"Rummage","damage_taken":0,"relics_obtained":["WarpedTongs"],"max_hp_gain":0,"max_hp_loss":0,"event_name":"Accursed Blacksmith","floor":10,"gold_loss":0,"cards_obtained":["Pain"]}],"is_beta":true,"boss_relics":[],"items_purged_floors":[4],"is_endless":false,"potions_floor_spawned":[5,12],"killed_by":"Exordium Thugs","ascension_level":19}