{"gold_per_floor":[109,120,11,11,30,57,57,70,70,70,70,98,117,132,132,132],"floor_reached":16,"playtime":689,"items_purged":[],"score":218,"play_id":"40273e07-3acf-4f50-a8d6-d41079e909c7","local_time":"20190205121918","is_ascension_mode":true,"campfire_choices":[{"data":"Armaments","floor":7,"key":"SMITH"},{"data":"Entrench","floor":10,"key":"SMITH"},{"data":"Iron Wave","floor":15,"key":"SMITH"}],"neow_cost":"NONE","seed_source_timestamp":1470996018569805,"circlet_count":0,"master_deck":["AscendersBane","Strike_R","Strike_R","Strike_R","Strike_R","Strike_R","Defend_R","Defend_R","Defend_R","Defend_R","Bash","Iron Wave","Iron Wave+1","Battle Trance","Armaments+1","Entrench+1","Thunderclap+1","Feed+1"],"relics":["Burning Blood","Happy Flower","Sundial","Molten Egg 2","Toxic Egg 2"],"potions_floor_usage":[12,16],"damage_taken":[{"damage":14,"enemies":"Jaw Worm","floor":1,"turns":4},{"damage":10,"enemies":"2 Louse","floor":2,"turns":3},{"damage":1,"enemies":"Cultist","floor":5,"turns":4},{"damage":25,"enemies":"3 Sentries","floor":6,"turns":12},{"damage":0,"enemies":"3 Louse","floor":8,"turns":4},{"damage":27,"enemies":"Gremlin Nob","floor":12,"turns":4},{"damage":7,"enemies":"Large Slime","floor":13,"turns":6},{"damage":3,"enemies":"Blue Slaver","floor":14,"turns":5},{"damage":57,"enemies":"Slime Boss","floor":16,"turns":7}],"seed_played":"8541099621558452472","potions_obtained":[{"floor":1,"key":"Poison Potion"},{"floor":6,"key":"FairyPotion"},{"floor":13,"key":"PowerPotion"}],"is_trial":false,"path_per_floor":["M","M","$","?","M","E","R","M","T","R","?","E","M","M","R","B"],"character_chosen":"IRONCLAD","items_purchased":["Iron Wave","Strength Potion"],"campfire_rested":0,"item_purchase_floors":[3,3],"current_hp_per_floor":[67,63,63,52,57,38,38,44,44,44,44,23,22,29,29,0],"gold":132,"neow_bonus":"TEN_PERCENT_HP_BONUS","is_prod":false,"is_daily":false,"chose_seed":false,"campfire_upgraded":3,"win_rate":0,"timestamp":1549365558,"path_taken":["M","M","$","?","M","E","R","M","T","R","?","E","M","?","R","BOSS"],"build_version":"2019-01-23","purchased_purges":0,"victory":false,"max_hp_per_floor":[82,82,82,82,82,82,82,82,82,82,82,82,82,86,86,86],"card_choices":[{"not_picked":["Sever Soul","Heavy Blade"],"picked":"Iron Wave","floor":1},{"not_picked":["Heavy Blade","Fire Breathing","Second Wind"],"picked":"SKIP","floor":2},{"not_picked":["Dual Wield","Thunderclap"],"picked":"Battle Trance","floor":5},{"not_picked":["Twin Strike","Dropkick"],"picked":"Armaments","floor":6},{"not_picked":["Armaments","Flex"],"picked":"Entrench","floor":8},{"not_picked":["Pommel Strike+1","Havoc"],"picked":"Thunderclap+1","floor":12},{"not_picked":["Headbutt+1","Havoc+1"],"picked":"Feed+1","floor":13},{"not_picked":["Pummel+1","Thunderclap+1","Havoc+1"],"picked":"SKIP","floor":14}],"player_experience":703596,"relics_obtained":[{"floor":6,"key":"Sundial"},{"floor":9,"key":"Molten Egg 2"},{"floor":12,"key":"Toxic Egg 2"}],"event_choices":[{"damage_healed":0,"gold_gain":0,"player_choice":"Success","damage_taken":11,"relics_obtained":["Happy Flower"],"max_hp_gain":0,"max_hp_loss":0,"event_name":"Scrap Ooze","floor":4,"gold_loss":0},{"damage_healed":0,"gold_gain":0,"player_choice":"Leave","damage_taken":0,"max_hp_gain":0,"max_hp_loss":0,"event_name":"FaceTrader","floor":11,"gold_loss":0}],"is_beta":true,"boss_relics":[],"items_purged_floors":[],"is_endless":false,"potions_floor_spawned":[1,6,8,13,14],"killed_by":"Slime Boss","ascension_level":19}