{"gold_per_floor":[119,119,44,104,154,154,186,186,213,213,230,295,295,359,359,432,432,450,331,381,195,214,245,295,322,322,348,234,269,333,483,483,557,557,567,662,712,762,781,807,807,837,837,870,870,129,148,173,173,173],"floor_reached":51,"playtime":5407,"items_purged":["Strike_G","Strike_G+1","Strike_G+1"],"score":1783,"play_id":"854b0382-5f9f-4539-8707-097c6b16da93","local_time":"20190225210306","is_ascension_mode":true,"campfire_choices":[{"data":"Skewer","floor":6,"key":"SMITH"},{"data":"Footwork","floor":8,"key":"SMITH"},{"data":"Adrenaline","floor":10,"key":"SMITH"},{"data":"Outmaneuver","floor":13,"key":"SMITH"},{"data":"Noxious Fumes","floor":15,"key":"SMITH"},{"floor":32,"key":"REST"},{"floor":41,"key":"REST"},{"data":"Skewer","floor":45,"key":"SMITH"},{"floor":49,"key":"REST"}],"neow_cost":"NONE","seed_source_timestamp":363364824101345,"circlet_count":0,"master_deck":["AscendersBane","Defend_G+1","Defend_G+1","Defend_G+1","Defend_G+1","Defend_G+1","Strike_G+1","Strike_G+1","Survivor","Neutralize","Dash","Footwork+1","Skewer+1","Adrenaline+1","Well Laid Plans","Outmaneuver+1","Noxious Fumes+1","Corpse Explosion","Skewer+1","Bouncing Flask","Footwork","Outmaneuver","Backflip","Necronomicurse","Dash","Bullet Time","Choke","Calculated Gamble","Die Die Die","Acrobatics","Dash","Madness","Madness","Backflip+1","Leg Sweep","Acrobatics+1"],"relics":["Ring of the Snake","NeowsBlessing","SsserpentHead","Bag of Preparation","Anchor","Cursed Key","Question Card","Necronomicon","WingedGreaves","Centennial Puzzle","Tough Bandages","Nunchaku","Sundial","Sozu","Turnip","Oddly Smooth Stone","Bronze Scales","Toxic Egg 2","Ginger","ClockworkSouvenir","Happy Flower","Mummified Hand"],"potions_floor_usage":[18,25,25,29,31],"damage_taken":[{"damage":0,"enemies":"Small Slimes","floor":1,"turns":1},{"damage":0,"enemies":"Cultist","floor":4,"turns":1},{"damage":0,"enemies":"3 Sentries","floor":7,"turns":1},{"damage":0,"enemies":"Jaw Worm","floor":11,"turns":2},{"damage":0,"enemies":"Red Slaver","floor":12,"turns":1},{"damage":0,"enemies":"Gremlin Gang","floor":14,"turns":6},{"damage":12,"enemies":"The Guardian","floor":16,"turns":12},{"damage":0,"enemies":"Shell Parasite","floor":18,"turns":6},{"damage":0,"enemies":"Spheric Guardian","floor":22,"turns":3},{"damage":0,"enemies":"Book of Stabbing","floor":23,"turns":7},{"damage":20,"enemies":"Slavers","floor":25,"turns":5},{"damage":0,"enemies":"Gremlin Leader","floor":27,"turns":4},{"damage":5,"enemies":"Book of Stabbing","floor":29,"turns":4},{"damage":0,"enemies":"Chosen and Byrds","floor":30,"turns":2},{"damage":0,"enemies":"Colosseum Slavers","floor":31,"turns":3},{"damage":0,"enemies":"Colosseum Nobs","floor":31,"turns":2},{"damage":21,"enemies":"Collector","floor":33,"turns":8},{"damage":0,"enemies":"3 Shapes","floor":35,"turns":2},{"damage":4,"enemies":"2 Orb Walkers","floor":36,"turns":3},{"damage":0,"enemies":"Orb Walker","floor":39,"turns":1},{"damage":26,"enemies":"Nemesis","floor":40,"turns":9},{"damage":0,"enemies":"Giant Head","floor":42,"turns":8},{"damage":0,"enemies":"Nemesis","floor":44,"turns":5},{"damage":0,"enemies":"Spire Growth","floor":47,"turns":3},{"damage":0,"enemies":"Giant Head","floor":48,"turns":7},{"damage":18,"enemies":"Time Eater","floor":50,"turns":7}],"seed_played":"-4616037967559072161","potions_obtained":[{"floor":1,"key":"Regen Potion"},{"floor":4,"key":"Block Potion"},{"floor":22,"key":"Explosive Potion"},{"floor":25,"key":"Weak Potion"},{"floor":30,"key":"Energy Potion"}],"is_trial":false,"path_per_floor":["M","?","$","M","?","R","E","R","T","R","M","M","R","M","R","B",null,"M","$","?","$","M","E","?","E","T","E","$","E","M","?","R","B",null,"M","?","?","?","M","E","R","E","T","E","R","$","M","E","R","B",null],"character_chosen":"THE_SILENT","items_purchased":["Footwork","Bouncing Flask","Footwork","Outmaneuver","Dash","Ginger","ClockworkSouvenir","Happy Flower"],"campfire_rested":3,"item_purchase_floors":[3,19,21,21,28,46,46,46],"current_hp_per_floor":[59,59,59,59,50,50,50,50,50,50,50,50,50,50,50,38,59,59,59,59,59,59,59,38,32,32,32,32,27,27,27,46,25,56,56,52,40,40,40,14,33,33,33,33,33,33,33,33,52,34],"gold":173,"neow_bonus":"THREE_ENEMY_KILL","is_prod":false,"is_daily":false,"chose_seed":false,"campfire_upgraded":6,"win_rate":0,"timestamp":1551124986,"path_taken":["M","?","$","?","?","R","E","R","T","R","M","?","R","?","R","BOSS","M","$","?","?","M","E","?","E","T","E","?","E","?","?","R","BOSS","M","?","?","?","M","E","R","E","T","E","R","$","M","E","R","BOSS"],"build_version":"2019-02-06","purchased_purges":3,"victory":true,"max_hp_per_floor":[66,66,66,66,66,66,66,66,66,66,66,66,66,66,66,66,66,66,66,66,66,66,66,66,66,66,66,66,66,66,66,66,66,66,66,66,66,66,66,66,66,66,66,66,66,66,66,66,66,66],"card_choices":[{"not_picked":["Skewer","Slice"],"picked":"Dash","floor":1},{"not_picked":["Sucker Punch","Infinite Blades"],"picked":"Skewer","floor":4},{"not_picked":["Flying Knee","Storm of Steel"],"picked":"Adrenaline","floor":7},{"not_picked":["Slice","Dagger Throw"],"picked":"Well Laid Plans","floor":11},{"not_picked":["Flechettes","Sucker Punch"],"picked":"Outmaneuver","floor":12},{"not_picked":["Deflect","Leg Sweep"],"picked":"Noxious Fumes","floor":14},{"not_picked":["Unload","Envenom"],"picked":"Corpse Explosion","floor":16},{"not_picked":["Underhanded Strike","Blade Dance"],"picked":"Skewer","floor":18},{"not_picked":["Quick Slash","Dagger Throw+1"],"picked":"Backflip","floor":22},{"not_picked":["Dagger Throw","Calculated Gamble","Slice"],"picked":"SKIP","floor":23},{"not_picked":["Flechettes","Eviscerate+1","Prepared"],"picked":"Doppelganger","floor":25},{"not_picked":["Cloak And Dagger","Bane","Prepared","Underhanded Strike"],"picked":"SKIP","floor":27},{"not_picked":["Bane","Footwork","Dash"],"picked":"Bullet Time","floor":29},{"not_picked":["Slice","Outmaneuver","Distraction"],"picked":"Choke","floor":30},{"not_picked":["Concentrate","Deadly Poison","Bouncing Flask"],"picked":"Calculated Gamble","floor":31},{"not_picked":["Corpse Explosion","After Image","Storm of Steel"],"picked":"Die Die Die","floor":33},{"not_picked":["Infinite Blades+1","Backstab","Heel Hook"],"picked":"Acrobatics","floor":35},{"not_picked":["Slice","Deadly Poison","Quick Slash"],"picked":"Dash","floor":36},{"not_picked":["Distraction","Deadly Poison","Dodge and Roll","Slice"],"picked":"SKIP","floor":39},{"not_picked":["PiercingWail+1","Infinite Blades","Concentrate"],"picked":"Backflip+1","floor":40},{"not_picked":["Slice","Backflip","Flying Knee+1"],"picked":"Leg Sweep","floor":42},{"not_picked":["PiercingWail","Dagger Spray","Heel Hook"],"picked":"Acrobatics","floor":44},{"not_picked":["Sucker Punch","Deflect+1","Dagger Throw+1","PiercingWail+1"],"picked":"SKIP","floor":47},{"not_picked":["Masterful Stab","Deadly Poison+1","Backflip+1","Sucker Punch"],"picked":"SKIP","floor":48}],"player_experience":816375,"relics_obtained":[{"floor":7,"key":"Bag of Preparation"},{"floor":9,"key":"Anchor"},{"floor":23,"key":"Question Card"},{"floor":24,"key":"Necronomicon"},{"floor":25,"key":"WingedGreaves"},{"floor":27,"key":"Centennial Puzzle"},{"floor":29,"key":"Tough Bandages"},{"floor":31,"key":"Nunchaku"},{"floor":31,"key":"Sundial"},{"floor":36,"key":"Turnip"},{"floor":40,"key":"Oddly Smooth Stone"},{"floor":42,"key":"Bronze Scales"},{"floor":44,"key":"Toxic Egg 2"},{"floor":48,"key":"Mummified Hand"}],"event_choices":[{"damage_healed":0,"gold_gain":0,"player_choice":"Trade","damage_taken":0,"relics_obtained":["SsserpentHead"],"max_hp_gain":0,"max_hp_loss":0,"event_name":"FaceTrader","floor":2,"gold_loss":0},{"damage_healed":0,"gold_gain":0,"player_choice":"Damaged","damage_taken":9,"max_hp_gain":0,"max_hp_loss":0,"event_name":"Wheel of Change","floor":5,"gold_loss":0},{"damage_healed":0,"gold_gain":0,"player_choice":"Simplicity","damage_taken":0,"max_hp_gain":0,"max_hp_loss":0,"event_name":"Back to Basics","floor":20,"gold_loss":0,"cards_upgraded":["Defend_G","Defend_G","Defend_G","Defend_G","Defend_G","Strike_G","Strike_G","Strike_G","Strike_G"]},{"damage_healed":0,"gold_gain":0,"player_choice":"Obtained Book","damage_taken":21,"max_hp_gain":0,"max_hp_loss":0,"event_name":"Cursed Tome","floor":24,"gold_loss":0},{"damage_healed":0,"gold_gain":0,"player_choice":"Fight","damage_taken":0,"max_hp_gain":0,"max_hp_loss":0,"event_name":"Colosseum","floor":31,"gold_loss":0},{"damage_healed":0,"gold_gain":0,"player_choice":"Fought Nobs","damage_taken":0,"max_hp_gain":0,"max_hp_loss":0,"event_name":"Colosseum","floor":31,"gold_loss":0},{"damage_healed":0,"gold_gain":0,"player_choice":"Fight","damage_taken":0,"max_hp_gain":0,"max_hp_loss":0,"event_name":"Mysterious Sphere","floor":36,"gold_loss":0},{"damage_healed":0,"gold_gain":0,"player_choice":"Embrace Madness","damage_taken":12,"max_hp_gain":0,"max_hp_loss":0,"event_name":"Winding Halls","floor":37,"gold_loss":0,"cards_obtained":["Madness","Madness"]},{"cards_removed":["Doppelganger"],"damage_healed":0,"gold_gain":0,"player_choice":"Removed Skill","damage_taken":0,"max_hp_gain":0,"max_hp_loss":0,"event_name":"Falling","floor":38,"gold_loss":0}],"is_beta":true,"boss_relics":[{"not_picked":["Snecko Eye","Lizard Tail"],"picked":"Cursed Key"},{"not_picked":["HoveringKite","Philosopher\u0027s Stone"],"picked":"Sozu"}],"items_purged_floors":[19,21,28],"is_endless":false,"potions_floor_spawned":[1,4,11,12,22,23,25,30,31,36,39,44,47],"ascension_level":17}