{"path_per_floor":["M","M","M","?","$","E","R","M","T","E","?","E","$","M","R","B",null,"M","M","?","M","M","R"],"character_chosen":"THE_SILENT","items_purchased":["Deadly Poison","Flying Knee","Dream Catcher"],"gold_per_floor":[114,129,149,101,28,63,63,81,127,153,153,185,35,49,49,144,174,163,181,181,199,216,216,216],"floor_reached":24,"campfire_rested":3,"playtime":2071,"current_hp_per_floor":[70,65,65,65,65,34,55,52,52,50,55,44,44,46,68,67,80,80,71,56,39,2,27,0],"items_purged":[],"gold":216,"score":269,"play_id":"64607159-20a3-4dc6-922c-59eec9bece20","local_time":"20180324044832","is_prod":false,"is_daily":false,"is_ascension_mode":false,"campfire_upgraded":0,"timestamp":1521881312,"path_taken":["M","M","M","?","?","E","R","?","T","E","?","E","$","M","R","BOSS","M","M","?","?","M","R","M"],"build_version":"2018-03-22v2","purchased_purges":0,"victory":false,"master_deck":["Defend_G+1","Defend_G","Defend_G","Defend_G+1","Defend_G","Strike_G","Strike_G","Strike_G","Strike_G","Strike_G","Survivor","Neutralize","Bouncing Flask","Crippling Poison","Backflip","Deadly Poison","Flying Knee","Prepared","Poisoned Stab","Heel Hook","Sucker Punch","Quick Slash+1","Tactician","Prepared","Predator","Sucker Punch","Prepared","Bane+1","Prepared"],"max_hp_per_floor":[70,70,70,70,70,70,70,70,70,70,75,75,75,75,75,75,80,80,80,85,85,85,85,85],"relics":["Ring of the Snake","War Paint","Centennial Puzzle","Snake Skull","Bronze Scales","Blood Vial","Dream Catcher","Tiny House"],"card_choices":[{"not_picked":["Underhanded Strike","Calculated Gamble"],"picked":"Bouncing Flask","floor":1},{"not_picked":["Sucker Punch","Dodge and Roll"],"picked":"Crippling Poison","floor":2},{"not_picked":["Acrobatics","Slice"],"picked":"Backflip","floor":3},{"not_picked":["Sucker Punch","Flying Knee"],"picked":"Prepared","floor":6},{"not_picked":["Envenom","Dagger Throw"],"picked":"Poisoned Stab","floor":10},{"not_picked":["Calculated Gamble","Riddle With Holes"],"picked":"Heel Hook","floor":12},{"not_picked":["Malaise","Acrobatics"],"picked":"Sucker Punch","floor":14},{"not_picked":["Dagger Spray","Dash"],"picked":"Quick Slash","floor":15},{"not_picked":["Venomology","Bullet Time"],"picked":"Tactician","floor":16},{"not_picked":["Dagger Throw","Dodge and Roll"],"picked":"Prepared","floor":17},{"not_picked":["Sucker Punch","Acrobatics"],"picked":"Predator","floor":18},{"not_picked":["Outmaneuver","Deflect"],"picked":"Sucker Punch","floor":19},{"not_picked":["Dagger Spray","Underhanded Strike"],"picked":"Prepared","floor":21},{"not_picked":["Choke","Malaise"],"picked":"Bane","floor":22},{"not_picked":["PiercingWail","Acrobatics"],"picked":"Prepared","floor":23}],"player_experience":17260,"potions_floor_usage":[24,24],"damage_taken":[{"damage":0,"enemies":"Jaw Worm","floor":1,"turns":5},{"damage":5,"enemies":"2 Louse","floor":2,"turns":3},{"damage":0,"enemies":"Cultist","floor":3,"turns":4},{"damage":31,"enemies":"3 Sentries","floor":6,"turns":10},{"damage":3,"enemies":"Red Slaver","floor":8,"turns":5},{"damage":2,"enemies":"Lagavulin","floor":10,"turns":8},{"damage":11,"enemies":"3 Sentries","floor":12,"turns":8},{"damage":0,"enemies":"2 Fungi Beasts","floor":14,"turns":4},{"damage":3,"enemies":"Hexaghost","floor":16,"turns":8},{"damage":0,"enemies":"2 Thieves","floor":18,"turns":4},{"damage":9,"enemies":"Chosen","floor":19,"turns":5},{"damage":19,"enemies":"Snake Plant","floor":21,"turns":5},{"damage":39,"enemies":"Centurion and Healer","floor":22,"turns":11},{"damage":41,"enemies":"3 Cultists","floor":24,"turns":6}],"event_choices":[{"event_name":"World of Goop","player_choice":"Left","floor":4,"damage_taken":0},{"event_name":"Big Fish","player_choice":"Donut","floor":11,"damage_taken":0},{"event_name":"Forgotten Altar","player_choice":"Shed Blood","floor":20,"damage_taken":0}],"boss_relics":[{"not_picked":["Question Card","Cursed Key"],"picked":"Tiny House"}],"potions_floor_spawned":[2,3,8,16,18],"seed_played":"-1458411790412142462","killed_by":"3 Cultists","ascension_level":0,"is_trial":false}