{"gold_per_floor":[118,193,206,216,228,263,263,289,289,304,321,348,365,381,381,483,483,496,513,530,540,640,640,657,688,742,755,765,145,145,164,164,268,268,282,294,308,318,18,18,28,40,92,92,106,106,126,36,36,36],"floor_reached":51,"playtime":5727,"items_purged":["Defend_R"],"score":703,"play_id":"f9f8d914-6f73-4dfc-ba80-f67e895f799f","local_time":"20190202182622","is_ascension_mode":false,"campfire_choices":[{"data":"Anger","floor":7.0,"key":"SMITH"},{"data":"Armaments","floor":15.0,"key":"SMITH"},{"data":"Searing Blow+1","floor":23.0,"key":"SMITH"},{"floor":30.0,"key":"REST"},{"data":"Searing Blow+2","floor":32.0,"key":"SMITH"},{"floor":40,"key":"REST"},{"floor":44,"key":"REST"},{"data":"Searing Blow+3","floor":49,"key":"SMITH"}],"neow_cost":"NONE","seed_source_timestamp":0,"circlet_count":0,"master_deck":["Strike_R","Strike_R+1","Strike_R","Strike_R","Strike_R","Defend_R","Defend_R","Bash+1","Ghostly Armor","Rampage","Iron Wave","Uppercut","Anger+1","Iron Wave","Dropkick","Armaments+1","Shockwave+1","Twin Strike","Perfected Strike+1","Limit Break+1","Flame Barrier+1","Shrug It Off+1","Searing Blow+4","Body Slam","Fiend Fire","Flex+1","Warcry+1","Second Wind+1","Cleave+1","Shrug It Off+1","Spot Weakness+1","Transmutation+1","Flex+1","Reaper","Pommel Strike+1","Inflame+1","Infernal Blade+1","Rage+1","Disarm+1","Flex+1","Battle Trance+1","Pommel Strike+1","Double Tap+1"],"special_seed":0,"relics":["Burning Blood","Centennial Puzzle","Question Card","Letter Opener","Toxic Egg 2","Velvet Choker","Matryoshka","Bottled Lightning","Ancient Tea Set","Bottled Flame","Lizard Tail","Anchor","Whetstone","Bag of Preparation"],"potions_floor_usage":[37,37,41,42,45,50],"damage_taken":[{"damage":10.0,"enemies":"Small Slimes","floor":1.0,"turns":4.0},{"damage":1.0,"enemies":"Jaw Worm","floor":3.0,"turns":4.0},{"damage":0.0,"enemies":"Cultist","floor":4.0,"turns":3.0},{"damage":1.0,"enemies":"2 Fungi Beasts","floor":5.0,"turns":4.0},{"damage":16.0,"enemies":"3 Sentries","floor":6.0,"turns":11.0},{"damage":9.0,"enemies":"Gremlin Nob","floor":8.0,"turns":3.0},{"damage":2.0,"enemies":"Large Slime","floor":10.0,"turns":4.0},{"damage":4.0,"enemies":"Exordium Thugs","floor":11.0,"turns":4.0},{"damage":6.0,"enemies":"Lagavulin","floor":12.0,"turns":8.0},{"damage":0.0,"enemies":"Exordium Wildlife","floor":13.0,"turns":2.0},{"damage":6.0,"enemies":"Lots of Slimes","floor":14.0,"turns":4.0},{"damage":7.0,"enemies":"Slime Boss","floor":16.0,"turns":8.0},{"damage":9.0,"enemies":"2 Thieves","floor":18.0,"turns":4.0},{"damage":3.0,"enemies":"Shell Parasite","floor":19.0,"turns":4.0},{"damage":0.0,"enemies":"3 Cultists","floor":20.0,"turns":6.0},{"damage":9.0,"enemies":"Snake Plant","floor":21.0,"turns":4.0},{"damage":4.0,"enemies":"Centurion and Healer","floor":24.0,"turns":7.0},{"damage":10.0,"enemies":"Book of Stabbing","floor":25.0,"turns":4.0},{"damage":12.0,"enemies":"Shelled Parasite and Fungi","floor":27.0,"turns":3.0},{"damage":29.0,"enemies":"Snake Plant","floor":28.0,"turns":4.0},{"damage":6.0,"enemies":"Centurion and Healer","floor":31.0,"turns":6.0},{"damage":64.0,"enemies":"Automaton","floor":33.0,"turns":9.0},{"damage":12,"enemies":"Orb Walker","floor":35,"turns":3},{"damage":37,"enemies":"3 Darklings","floor":36,"turns":6},{"damage":13,"enemies":"Transient","floor":37,"turns":5},{"damage":17,"enemies":"Spire Growth","floor":38,"turns":4},{"damage":11,"enemies":"4 Shapes","floor":41,"turns":3},{"damage":48,"enemies":"Writhing Mass","floor":42,"turns":6},{"damage":31,"enemies":"Maw","floor":45,"turns":6},{"damage":2,"enemies":"3 Darklings","floor":47,"turns":6},{"damage":87,"enemies":"Awakened One","floor":50,"turns":11}],"seed_played":"-8449412893038802339","potions_obtained":[{"floor":1.0,"key":"Regen Potion"},{"floor":5.0,"key":"PowerPotion"},{"floor":6.0,"key":"SpeedPotion"},{"floor":12.0,"key":"SteroidPotion"},{"floor":19.0,"key":"Dexterity Potion"},{"floor":25.0,"key":"Strength Potion"},{"floor":33.0,"key":"Block Potion"},{"floor":35,"key":"AttackPotion"},{"floor":38,"key":"Explosive Potion"},{"floor":42,"key":"AttackPotion"},{"floor":45,"key":"Weak Potion"}],"is_trial":false,"path_per_floor":["M","?","M","M","M","E","R","E","T","M","M","E","M","M","R","B",null,"M","M","M","M","?","R","M","E","T","M","M","$","R","M","R","B",null,"M","M","M","M","$","R","M","M","T","R","M","?","M","?","R","B",null],"character_chosen":"IRONCLAD","items_purchased":["Strength Potion","Cleave","Shrug It Off+1","Spot Weakness+1","Transmutation+1","Bottled Flame","Anchor","Disarm+1"],"campfire_rested":3,"item_purchase_floors":[29,29,29,29,29,29,39,39],"current_hp_per_floor":[76,65,70,76,80,70,70,67,67,71,73,73,79,79,79,78,80,77,80,80,77,77,77,79,75,75,69,46,46,70,70,70,24,80,74,52,45,34,34,58,53,11,11,35,10,70,70,70,70,41],"gold":36,"neow_bonus":"UPGRADE_CARD","is_prod":false,"is_daily":false,"chose_seed":false,"campfire_upgraded":5,"win_rate":0.0,"timestamp":1549149982,"path_taken":["M","?","M","M","M","E","R","E","T","M","M","E","M","M","R","BOSS","M","M","M","M","?","R","M","E","T","M","M","$","R","M","R","BOSS","M","M","M","?","$","R","M","M","T","R","M","?","M","?","R","BOSS"],"build_version":"2019-01-23","purchased_purges":1,"victory":true,"max_hp_per_floor":[80,80,80,80,80,80,80,80,80,80,80,80,80,80,80,80,80,80,80,80,80,80,80,80,80,80,80,80,80,80,80,80,80,80,80,80,80,80,80,80,80,80,80,80,80,70,70,70,70,70],"card_choices":[{"not_picked":["Dual Wield","Clothesline"],"picked":"Ghostly Armor","floor":1.0},{"not_picked":["Iron Wave","Uppercut"],"picked":"Rampage","floor":3.0},{"not_picked":["Blood for Blood","Perfected Strike"],"picked":"Iron Wave","floor":4.0},{"not_picked":["Sword Boomerang","Shrug It Off"],"picked":"Uppercut","floor":5.0},{"not_picked":["Sword Boomerang","Combust"],"picked":"Anger","floor":6.0},{"not_picked":["Rampage","Demon Form"],"picked":"Iron Wave","floor":8.0},{"not_picked":["Entrench","Metallicize","Ghostly Armor"],"picked":"Dropkick","floor":10.0},{"not_picked":["Whirlwind","Shrug It Off","Iron Wave"],"picked":"Armaments","floor":11.0},{"not_picked":["Hemokinesis","Perfected Strike","Seeing Red"],"picked":"Shockwave","floor":12.0},{"not_picked":["Disarm+1","Rupture","Body Slam"],"picked":"Twin Strike","floor":13.0},{"not_picked":["True Grit+1","Anger","Iron Wave"],"picked":"Perfected Strike","floor":14.0},{"not_picked":["Brutality","Demon Form","Fiend Fire"],"picked":"Limit Break+1","floor":16.0},{"not_picked":["Bloodletting+1","Headbutt","True Grit+1"],"picked":"Flame Barrier+1","floor":18.0},{"not_picked":["Ghostly Armor+1","Carnage","Combust+1"],"picked":"Shrug It Off+1","floor":19.0},{"not_picked":["Dual Wield+1","Heavy Blade","Disarm+1"],"picked":"Searing Blow+1","floor":20.0},{"not_picked":["Corruption","Headbutt","Shrug It Off+1"],"picked":"Body Slam","floor":21.0},{"not_picked":["Body Slam","Clothesline","Twin Strike"],"picked":"Fiend Fire","floor":24.0},{"not_picked":["Heavy Blade","Impervious+1","Cleave"],"picked":"Flex+1","floor":25.0},{"not_picked":["Sword Boomerang+1","Metallicize","Sever Soul"],"picked":"Warcry+1","floor":27.0},{"not_picked":["Battle Trance+1","Bloodletting+1","True Grit+1"],"picked":"Second Wind+1","floor":28.0},{"not_picked":["Combust","Battle Trance+1","Warcry+1"],"picked":"Flex+1","floor":31.0},{"not_picked":["Bludgeon","Limit Break+1","Dark Embrace"],"picked":"Reaper","floor":33.0},{"not_picked":["Ghostly Armor+1","Fire Breathing","Body Slam+1"],"picked":"Pommel Strike+1","floor":35},{"not_picked":["Thunderclap","Twin Strike","Infernal Blade+1"],"picked":"Inflame+1","floor":36},{"not_picked":["Clothesline","Dual Wield+1","Metallicize+1"],"picked":"Infernal Blade+1","floor":37},{"not_picked":["Metallicize+1","Body Slam","Iron Wave"],"picked":"Rage+1","floor":38},{"not_picked":["Spot Weakness+1","Pommel Strike","Cleave"],"picked":"Flex+1","floor":41},{"not_picked":["Searing Blow+1","Dropkick","Headbutt"],"picked":"Battle Trance+1","floor":42},{"not_picked":["Flex+1","Rupture+1","Perfected Strike+1"],"picked":"Pommel Strike+1","floor":45},{"not_picked":["Sword Boomerang","Warcry+1","True Grit+1"],"picked":"Double Tap+1","floor":47}],"player_experience":7468,"relics_obtained":[{"floor":6.0,"key":"Centennial Puzzle"},{"floor":8.0,"key":"Question Card"},{"floor":9.0,"key":"Letter Opener"},{"floor":12.0,"key":"Toxic Egg 2"},{"floor":25.0,"key":"Matryoshka"},{"floor":26.0,"key":"Bottled Lightning"},{"floor":26.0,"key":"Ancient Tea Set"},{"floor":43,"key":"Whetstone"},{"floor":43,"key":"Bag of Preparation"}],"event_choices":[{"damage_healed":0.0,"max_hp_gain":0.0,"max_hp_loss":0.0,"gold_gain":75.0,"event_name":"World of Goop","player_choice":"Gather Gold","floor":2.0,"gold_loss":0.0,"damage_taken":11.0},{"damage_healed":0.0,"max_hp_gain":0.0,"max_hp_loss":0.0,"gold_gain":100.0,"event_name":"Golden Shrine","player_choice":"Pray","floor":22.0,"gold_loss":0.0,"damage_taken":0.0},{"damage_healed":70,"gold_gain":0,"player_choice":"Heal","damage_taken":0,"max_hp_gain":0,"max_hp_loss":10,"event_name":"The Moai Head","floor":46,"gold_loss":0},{"cards_removed":["Defend_R"],"damage_healed":0,"gold_gain":0,"player_choice":"Upgrade and Remove","damage_taken":0,"max_hp_gain":0,"max_hp_loss":0,"event_name":"Designer","floor":48,"gold_loss":90,"cards_upgraded":["Strike_R"]}],"is_beta":false,"boss_relics":[{"not_picked":["Black Star","Eternal Feather"],"picked":"Velvet Choker"},{"not_picked":["Runic Dome","Cursed Key"],"picked":"Lizard Tail"}],"items_purged_floors":[39],"is_endless":false,"potions_floor_spawned":[1,5,6,8,12,13,19,21,25,27,33,35,36,38,42,45],"ascension_level":0}