{"path_per_floor":["M","$","?","M","M","R","M","M","T","M","E","$","R","E","R","B",null,"M","?","?","$","M","R","M","?","T","M","M","R","E","M","R"],"character_chosen":"THE_SILENT","items_purchased":["Infinite Blades","Underhanded Strike","Poisoned Stab","Poison Potion","Mind Blast","Poison Potion"],"gold_per_floor":[110,15,15,25,37,37,50,66,66,80,113,13,13,45,45,146,146,146,146,146,2,0,0,0,0,0,0,0,0,0,0,0,0],"floor_reached":33,"campfire_rested":4,"playtime":2240,"current_hp_per_floor":[65,65,65,65,64,64,64,64,64,64,41,41,62,59,59,49,70,56,56,56,56,48,69,67,67,67,65,51,70,44,44,65,0],"items_purged":[],"gold":0,"score":279,"play_id":"ea7c9027-34c2-474a-bb51-3c86f0f171d4","local_time":"20180324095855","is_prod":false,"is_daily":false,"is_ascension_mode":false,"campfire_upgraded":2,"timestamp":1521899935,"path_taken":["M","$","?","M","M","R","M","M","T","M","E","$","R","E","R","BOSS","M","?","?","?","M","R","M","?","T","M","M","R","E","M","R","BOSS"],"build_version":"2018-03-22v2","purchased_purges":0,"victory":false,"master_deck":["Defend_G+1","Defend_G+1","Defend_G+1","Defend_G+1","Defend_G+1","Strike_G+1","Strike_G+1","Strike_G+1","Strike_G+1","Survivor","Neutralize+1","Dagger Spray","Infinite Blades","Underhanded Strike","Dagger Throw","Reflex","Backflip","Deadly Poison","Noxious Fumes+1","Noxious Fumes","Poisoned Stab","Adrenaline","Backflip","Calculated Gamble","Mind Blast","Bane+1","Bane","Writhe","Poisoned Stab","Bane","Prepared","Finisher+1","Dagger Spray+1"],"max_hp_per_floor":[70,70,70,70,70,70,70,70,70,70,70,70,70,70,70,70,70,70,70,70,70,70,70,70,70,70,70,70,70,70,70,70,70],"relics":["Ring of the Snake","Peace Pipe","Lantern","Meat on the Bone","Ectoplasm","Dream Catcher","Ginger","Molten Egg 2"],"card_choices":[{"not_picked":["Well Laid Plans","Bane"],"picked":"Dagger Spray","floor":1},{"not_picked":["Underhanded Strike","Blur"],"picked":"Dagger Throw","floor":4},{"not_picked":["Masterful Stab","Flechettes"],"picked":"Reflex","floor":5},{"not_picked":["Corpse Explosion","Expertise"],"picked":"Backflip","floor":7},{"not_picked":["Bane","Malaise"],"picked":"Deadly Poison","floor":8},{"not_picked":["Heel Hook","Calculated Gamble"],"picked":"Noxious Fumes","floor":10},{"not_picked":["Deflect","Malaise"],"picked":"Noxious Fumes","floor":11},{"not_picked":["Night Terror","Wraith Form"],"picked":"Adrenaline","floor":16},{"not_picked":["Crippling Poison","Underhanded Strike"],"picked":"Backflip","floor":18},{"not_picked":["Crippling Poison","Dodge and Roll"],"picked":"Bane","floor":22},{"not_picked":["Well Laid Plans","Dagger Spray"],"picked":"Bane","floor":24},{"not_picked":["Eviscerate","PiercingWail"],"picked":"Poisoned Stab","floor":27},{"not_picked":["Deflect","PiercingWail"],"picked":"Bane","floor":29},{"not_picked":["Deflect","Acrobatics"],"picked":"Prepared","floor":30},{"not_picked":["Venomology","Dodge and Roll"],"picked":"Finisher","floor":31},{"not_picked":["Skewer","Flying Knee"],"picked":"Dagger Spray","floor":32}],"player_experience":20959,"potions_floor_usage":[16,33,33,33],"damage_taken":[{"damage":5,"enemies":"Small Slimes","floor":1,"turns":5},{"damage":0,"enemies":"Cultist","floor":4,"turns":3},{"damage":1,"enemies":"2 Louse","floor":5,"turns":3},{"damage":0,"enemies":"Red Slaver","floor":7,"turns":5},{"damage":0,"enemies":"Large Slime","floor":8,"turns":5},{"damage":0,"enemies":"Looter","floor":10,"turns":4},{"damage":23,"enemies":"Lagavulin","floor":11,"turns":8},{"damage":3,"enemies":"3 Sentries","floor":14,"turns":5},{"damage":10,"enemies":"The Guardian","floor":16,"turns":8},{"damage":14,"enemies":"Shell Parasite","floor":18,"turns":5},{"damage":8,"enemies":"2 Thieves","floor":22,"turns":5},{"damage":2,"enemies":"Snake Plant","floor":24,"turns":3},{"damage":2,"enemies":"Cultist and Chosen","floor":27,"turns":5},{"damage":14,"enemies":"Centurion and Healer","floor":28,"turns":4},{"damage":26,"enemies":"Slavers","floor":30,"turns":5},{"damage":0,"enemies":"Snecko","floor":31,"turns":3},{"damage":83,"enemies":"Collector","floor":33,"turns":7}],"event_choices":[{"event_name":"The Cleric","player_choice":"Leave","floor":3,"damage_taken":0},{"event_name":"Transmorgrifier","player_choice":"Transform","floor":19,"damage_taken":0},{"event_name":"Back to Basics","player_choice":"Simplicity","floor":20,"damage_taken":0},{"event_name":"The Mausoleum","player_choice":"Yes","floor":25,"damage_taken":0}],"boss_relics":[{"not_picked":["Eternal Feather","Sozu"],"picked":"Ectoplasm"}],"potions_floor_spawned":[5,7,14,18,24,27,31],"seed_played":"-5250707531936721032","killed_by":"Collector","ascension_level":0,"is_trial":false}