{"gold_per_floor":[115,129,148,168,187,187,216,216,243,243,243,72,87,99,99,204,204,217,236,236,254,254,254,267,267],"floor_reached":25,"playtime":2136,"items_purged":[],"score":257,"play_id":"4720d506-97bb-4f7f-b696-3c47b205707e","local_time":"20190204184119","is_ascension_mode":false,"campfire_choices":[{"data":"Infinite Blades","floor":6,"key":"SMITH"},{"floor":8,"key":"REST"},{"floor":15,"key":"REST"},{"floor":23,"key":"REST"}],"neow_cost":"PERCENT_DAMAGE","seed_source_timestamp":953915008865797,"circlet_count":0,"master_deck":["Defend_G","Defend_G","Defend_G","Defend_G","Defend_G","Strike_G+1","Strike_G","Strike_G","Strike_G","Strike_G+1","Survivor","Neutralize","Die Die Die","Underhanded Strike","Prepared","Caltrops","Infinite Blades+1","Flying Knee","All Out Attack","Finisher","Tools of the Trade","Accuracy","Cloak And Dagger","After Image","Reflex+1","Acrobatics","Blade Dance","Expertise+1","Tactician"],"relics":["Ring of the Serpent","Paper Crane","Centennial Puzzle","Ice Cream"],"potions_floor_usage":[7,7,16,21,21],"damage_taken":[{"damage":1,"enemies":"Cultist","floor":1,"turns":3},{"damage":1,"enemies":"Jaw Worm","floor":2,"turns":4},{"damage":0,"enemies":"Small Slimes","floor":3,"turns":2},{"damage":2,"enemies":"Exordium Thugs","floor":4,"turns":4},{"damage":5,"enemies":"Looter","floor":5,"turns":3},{"damage":8,"enemies":"3 Sentries","floor":7,"turns":7},{"damage":3,"enemies":"2 Fungi Beasts","floor":13,"turns":3},{"damage":10,"enemies":"Exordium Thugs","floor":14,"turns":4},{"damage":0,"enemies":"Slime Boss","floor":16,"turns":10},{"damage":9,"enemies":"Shell Parasite","floor":18,"turns":5},{"damage":12,"enemies":"3 Byrds","floor":19,"turns":5},{"damage":17,"enemies":"Snake Plant","floor":21,"turns":6},{"damage":45,"enemies":"Shelled Parasite and Fungi","floor":24,"turns":7},{"damage":14,"enemies":"Snecko","floor":25,"turns":5}],"seed_played":"8187240373043458604","potions_obtained":[{"floor":4,"key":"Dexterity Potion"},{"floor":5,"key":"SkillPotion"},{"floor":13,"key":"Block Potion"},{"floor":18,"key":"Dexterity Potion"},{"floor":19,"key":"Strength Potion"}],"is_trial":false,"path_per_floor":["M","M","M","M","M","R","E","R","T","?","?","$","M","M","R","B",null,"M","M","?","M","T","R","M","M"],"character_chosen":"THE_SILENT","items_purchased":["Finisher","Tools of the Trade"],"campfire_rested":3,"item_purchase_floors":[12,12],"current_hp_per_floor":[48,47,47,45,40,40,32,53,53,39,39,39,36,26,47,47,70,61,49,49,32,32,53,8,0],"gold":267,"neow_bonus":"THREE_RARE_CARDS","is_prod":false,"is_daily":false,"chose_seed":false,"campfire_upgraded":1,"win_rate":0.0,"timestamp":1549323679,"path_taken":["M","M","M","?","M","R","E","R","T","?","?","?","?","M","R","BOSS","M","M","?","M","?","R","M","M"],"build_version":"2019-01-23","purchased_purges":0,"victory":false,"max_hp_per_floor":[70,70,70,70,70,70,70,70,70,70,70,70,70,70,70,70,70,70,70,70,70,70,70,70,70],"card_choices":[{"not_picked":["Malaise","Bullet Time"],"picked":"Die Die Die","floor":0},{"not_picked":["Quick Slash","Poisoned Stab"],"picked":"Underhanded Strike","floor":1},{"not_picked":["Cloak And Dagger","Slice"],"picked":"Prepared","floor":2},{"not_picked":["Riddle With Holes","Outmaneuver"],"picked":"Caltrops","floor":3},{"not_picked":["Bane","Cloak And Dagger"],"picked":"Infinite Blades","floor":4},{"not_picked":["Caltrops","Escape Plan"],"picked":"Flying Knee","floor":5},{"not_picked":["Deadly Poison","Predator"],"picked":"All Out Attack","floor":7},{"not_picked":["Dodge and Roll","Endless Agony"],"picked":"Accuracy","floor":13},{"not_picked":["Catalyst","Dagger Throw"],"picked":"Cloak And Dagger","floor":14},{"not_picked":["Burst","Envenom"],"picked":"After Image","floor":16},{"not_picked":["Poisoned Stab","Quick Slash"],"picked":"Reflex+1","floor":18},{"not_picked":["Bouncing Flask","Well Laid Plans"],"picked":"Acrobatics","floor":19},{"not_picked":["Outmaneuver","Blade Dance"],"picked":"Expertise+1","floor":21},{"not_picked":["Flying Knee","Deadly Poison"],"picked":"Tactician","floor":24}],"player_experience":21529,"relics_obtained":[{"floor":7,"key":"Paper Crane"},{"floor":9,"key":"Centennial Puzzle"},{"floor":22,"key":"Ice Cream"}],"event_choices":[{"damage_healed":0,"gold_gain":0,"player_choice":"Entered Light","damage_taken":14,"max_hp_gain":0,"max_hp_loss":0,"event_name":"Shining Light","floor":10,"gold_loss":0,"cards_upgraded":["Strike_G","Strike_G"]},{"damage_healed":0,"gold_gain":0,"player_choice":"Ignored","damage_taken":0,"max_hp_gain":0,"max_hp_loss":0,"event_name":"Liars Game","floor":11,"gold_loss":0},{"damage_healed":0,"gold_gain":0,"player_choice":"Read","damage_taken":0,"max_hp_gain":0,"max_hp_loss":0,"event_name":"The Library","floor":20,"gold_loss":0,"cards_obtained":["Blade Dance"]}],"is_beta":false,"boss_relics":[{"not_picked":["Busted Crown","Fusion Hammer"],"picked":"Ring of the Serpent"}],"items_purged_floors":[],"is_endless":false,"potions_floor_spawned":[4,5,13,18,19],"killed_by":"Snecko","ascension_level":0}