{"gold_per_floor":[113,93,109,109,120,120,149,149,174,201,201,226,240,240],"floor_reached":14,"playtime":511,"items_purged":[],"score":181,"play_id":"d5ba7efb-79e6-4044-b2fc-74a25e4a8d18","local_time":"20190311121628","is_ascension_mode":true,"campfire_choices":[{"data":"Sunder","floor":6.0,"key":"SMITH"},{"floor":8.0,"key":"REST"}],"neow_cost":"NONE","seed_source_timestamp":1546303945796336,"circlet_count":0,"master_deck":["AscendersBane","Strike_B","Strike_B","Strike_B","Strike_B","Defend_B","Defend_B","Defend_B","Defend_B","Zap","Dualcast","Sunder+1","Fusion","Conserve Battery","Meteor Strike","Hologram","Tempest","Capacitor"],"special_seed":0,"relics":["Cracked Core","Dream Catcher","Lantern","Bronze Scales","Blood Vial","Darkstone Periapt","Odd Mushroom"],"potions_floor_usage":[12],"damage_taken":[{"damage":7.0,"enemies":"Small Slimes","floor":1.0,"turns":4.0},{"damage":0.0,"enemies":"Cultist","floor":3.0,"turns":3.0},{"damage":0.0,"enemies":"Jaw Worm","floor":5.0,"turns":3.0},{"damage":48.0,"enemies":"Gremlin Nob","floor":7.0,"turns":5.0},{"damage":8,"enemies":"Lagavulin","floor":10,"turns":6},{"damage":2,"enemies":"The Mushroom Lair","floor":12,"turns":3},{"damage":0,"enemies":"Gremlin Gang","floor":13,"turns":3},{"damage":12,"enemies":"Gremlin Nob","floor":14,"turns":2}],"seed_played":"1854438999373477380","potions_obtained":[{"floor":2.0,"key":"Strength Potion"},{"floor":3.0,"key":"EssenceOfSteel"},{"floor":7.0,"key":"Fruit Juice"},{"floor":10,"key":"SkillPotion"}],"is_trial":false,"path_per_floor":["M","?","M","?","M","R","E","R","T","E","?","?","M","E"],"character_chosen":"DEFECT","items_purchased":[],"campfire_rested":1,"item_purchase_floors":[],"current_hp_per_floor":[57,57,57,57,57,57,14,36,36,30,4,4,6,0],"gold":240,"neow_bonus":"RANDOM_COMMON_RELIC","is_prod":false,"is_daily":false,"chose_seed":false,"campfire_upgraded":1,"win_rate":0,"timestamp":1552302988,"path_taken":["M","?","?","?","?","R","E","R","T","E","?","?","M","E"],"build_version":"2019-02-06","purchased_purges":0,"victory":false,"max_hp_per_floor":[71,71,71,71,71,71,76,76,76,76,76,76,76,76],"card_choices":[{"not_picked":["Go for the Eyes","Force Field"],"picked":"Sunder","floor":1.0},{"not_picked":["Leap","Stack"],"picked":"Fusion","floor":3.0},{"not_picked":["Hologram","Steam Power"],"picked":"Conserve Battery","floor":5.0},{"not_picked":["Gash","Steam"],"picked":"Meteor Strike","floor":7.0},{"not_picked":["Storm","Compile Driver"],"picked":"Hologram","floor":8.0},{"not_picked":["Chill","Reinforced Body"],"picked":"Tempest","floor":10},{"not_picked":["Barrage","Chill"],"picked":"Capacitor","floor":13}],"player_experience":946917,"relics_obtained":[{"floor":7.0,"key":"Bronze Scales"},{"floor":9.0,"key":"Blood Vial"},{"floor":10,"key":"Darkstone Periapt"},{"floor":12,"key":"Odd Mushroom"}],"event_choices":[{"damage_healed":0.0,"max_hp_gain":0.0,"max_hp_loss":0.0,"gold_gain":0.0,"event_name":"The Woman in Blue","player_choice":"Bought 1 Potion","floor":2.0,"gold_loss":0.0,"damage_taken":0.0},{"damage_healed":0.0,"max_hp_gain":0.0,"max_hp_loss":0.0,"gold_gain":0.0,"event_name":"WeMeetAgain","player_choice":"Gave Potion","floor":4.0,"gold_loss":0.0,"damage_taken":0.0,"relics_obtained":["Lantern"]},{"damage_healed":0,"gold_gain":0,"player_choice":"Fled","damage_taken":26,"max_hp_gain":0,"max_hp_loss":0,"event_name":"Scrap Ooze","floor":11,"gold_loss":0},{"damage_healed":0,"gold_gain":0,"player_choice":"Fought Mushrooms","damage_taken":0,"max_hp_gain":0,"max_hp_loss":0,"event_name":"Mushrooms","floor":12,"gold_loss":0}],"is_beta":true,"boss_relics":[],"items_purged_floors":[],"is_endless":false,"potions_floor_spawned":[3,7,10],"killed_by":"Gremlin Nob","ascension_level":17}