{"gold_per_floor":[112,112,112,14,30,30,70,70,94,118,134,134,134,174,174,273,273,289,289,305,320,520,520],"floor_reached":23,"playtime":1281,"items_purged":[],"score":328,"play_id":"51e0532a-dbb5-4d44-b4ee-5a487908cefa","local_time":"20190127084918","is_ascension_mode":true,"campfire_choices":[{"data":"Streamline","floor":6,"key":"SMITH"},{"floor":8,"key":"REST"},{"data":"Go for the Eyes","floor":13,"key":"SMITH"},{"floor":15,"key":"REST"}],"neow_cost":"NONE","seed_source_timestamp":680168515931086,"circlet_count":0,"master_deck":["AscendersBane","Strike_B","Strike_B","Strike_B","Strike_B","Defend_B","Defend_B","Defend_B","Zap+1","Dualcast","Glacier","Streamline+1","Go for the Eyes+1","Coolheaded","Rip and Tear","Auto Shields","Conserve Battery","Blizzard","Echo Form","Conserve Battery","White Noise"],"relics":["Cracked Core","Golden Idol","Unceasing Top","Dream Catcher","Singing Bowl","Turnip"],"potions_floor_usage":[16,20,20],"damage_taken":[{"damage":16,"enemies":"2 Louse","floor":1,"turns":3},{"damage":4,"enemies":"Jaw Worm","floor":5,"turns":3},{"damage":28,"enemies":"Gremlin Nob","floor":7,"turns":4},{"damage":0,"enemies":"Cultist","floor":10,"turns":3},{"damage":0,"enemies":"Exordium Wildlife","floor":11,"turns":2},{"damage":11,"enemies":"Lagavulin","floor":14,"turns":5},{"damage":14,"enemies":"Slime Boss","floor":16,"turns":10},{"damage":12,"enemies":"Shell Parasite","floor":18,"turns":5},{"damage":6,"enemies":"3 Byrds","floor":20,"turns":6},{"damage":14,"enemies":"Shelled Parasite and Fungi","floor":21,"turns":10},{"damage":31,"enemies":"Gremlin Leader","floor":23,"turns":6}],"seed_played":"8533085803910655369","potions_obtained":[{"floor":5,"key":"Swift Potion"},{"floor":7,"key":"SteroidPotion"},{"floor":14,"key":"AttackPotion"},{"floor":16,"key":"LiquidBronze"},{"floor":18,"key":"AttackPotion"},{"floor":19,"key":"Energy Potion"}],"is_trial":false,"path_per_floor":["M","?","?","$","M","R","E","R","T","M","M","?","R","E","R","B",null,"M","?","M","M","?","E"],"character_chosen":"DEFECT","items_purchased":["Streamline","Go for the Eyes"],"campfire_rested":2,"item_purchase_floors":[4,4],"current_hp_per_floor":[52,52,52,52,48,48,20,40,40,40,40,37,37,26,46,32,60,50,50,44,30,30,0],"gold":520,"neow_bonus":"UPGRADE_CARD","is_prod":false,"is_daily":false,"chose_seed":false,"campfire_upgraded":2,"win_rate":0,"timestamp":1548575358,"path_taken":["M","?","?","?","?","R","E","R","T","M","M","?","R","E","R","BOSS","M","?","?","M","?","E"],"build_version":"2019-01-23","purchased_purges":0,"victory":false,"max_hp_per_floor":[75,69,69,69,69,69,69,69,69,69,69,69,69,69,69,69,69,71,71,71,71,71,71],"card_choices":[{"not_picked":["Turbo","Recycle"],"picked":"Glacier","floor":1},{"not_picked":["Stack","Go for the Eyes"],"picked":"Coolheaded","floor":5},{"not_picked":["Storm","Undo","Stack"],"picked":"SKIP","floor":7},{"not_picked":["Turbo","Lockon"],"picked":"Rip and Tear","floor":10},{"not_picked":["Genetic Algorithm","Sunder"],"picked":"Auto Shields","floor":11},{"not_picked":["Compile Driver","Stack"],"picked":"Conserve Battery","floor":14},{"not_picked":["Rebound","Storm"],"picked":"Blizzard","floor":15},{"not_picked":["Amplify","Biased Cognition"],"picked":"Echo Form","floor":16},{"not_picked":["Go for the Eyes","Barrage","Gash"],"picked":"Singing Bowl","floor":18},{"not_picked":["Cold Snap","Sweeping Beam"],"picked":"Conserve Battery","floor":20},{"not_picked":["Compile Driver","Streamline"],"picked":"White Noise","floor":21}],"player_experience":635166,"relics_obtained":[{"floor":7,"key":"Unceasing Top"},{"floor":9,"key":"Dream Catcher"},{"floor":14,"key":"Turnip"}],"event_choices":[{"damage_healed":0,"gold_gain":0,"player_choice":"Lose Max HP","damage_taken":0,"relics_obtained":["Golden Idol"],"max_hp_gain":0,"max_hp_loss":6,"event_name":"Golden Idol","floor":2,"gold_loss":0},{"cards_removed":["Defend_B"],"damage_healed":0,"gold_gain":0,"player_choice":"Forget","damage_taken":0,"max_hp_gain":0,"max_hp_loss":0,"event_name":"Living Wall","floor":3,"gold_loss":0},{"damage_healed":0,"gold_gain":0,"player_choice":"Success","damage_taken":3,"relics_obtained":["Singing Bowl"],"max_hp_gain":0,"max_hp_loss":0,"event_name":"Scrap Ooze","floor":12,"gold_loss":0},{"damage_healed":0,"gold_gain":0,"player_choice":"Got Potions","damage_taken":0,"max_hp_gain":0,"max_hp_loss":0,"event_name":"Lab","floor":19,"gold_loss":0},{"damage_healed":0,"gold_gain":200,"player_choice":"Gold","damage_taken":0,"max_hp_gain":0,"max_hp_loss":0,"event_name":"Wheel of Change","floor":22,"gold_loss":0}],"is_beta":true,"boss_relics":[{"not_picked":["Busted Crown","Snecko Eye","Runic Pyramid"]}],"items_purged_floors":[],"is_endless":false,"potions_floor_spawned":[5,7,14,16,18],"killed_by":"Gremlin Leader","ascension_level":13}