{"gold_per_floor":[10,10,29,47,47,76,76,93,93,112,112,192,26,38,38,114,114,129,79,99,114,19,19,48,48,48,48,48,48,66,66,66,139,139,152,152,152],"floor_reached":37,"playtime":1417,"items_purged":[],"score":812,"play_id":"6443d5d4-4d51-402c-9fa2-9707d3d86b50","local_time":"20190311200300","is_ascension_mode":true,"campfire_choices":[{"data":"Hyperbeam","floor":7,"key":"SMITH"},{"floor":11,"key":"REST"},{"data":"Dualcast","floor":15,"key":"SMITH"},{"data":"Madness","floor":23,"key":"SMITH"},{"data":"Streamline","floor":25,"key":"SMITH"},{"data":"Scrape","floor":27,"key":"SMITH"},{"floor":29,"key":"REST"},{"floor":32,"key":"REST"}],"neow_cost":"NO_GOLD","seed_source_timestamp":1573410262024198,"circlet_count":0,"master_deck":["AscendersBane","Strike_B","Strike_B","Strike_B","Strike_B","Defend_B","Defend_B","Defend_B","Defend_B","Zap+1","Dualcast+1","All For One","Go for the Eyes+1","Streamline+1","Hyperbeam+1","Beam Cell+1","Conserve Battery+1","Madness+1","Seek","Chill","FTL"],"relics":["Cracked Core","Potion Belt","Ornamental Fan","Symbiotic Virus","Bag of Preparation","White Beast Statue","Pantograph","Vajra","MutagenicStrength","Sozu"],"potions_floor_usage":[10,16,24,28,33],"damage_taken":[{"damage":2,"enemies":"Jaw Worm","floor":1,"turns":3},{"damage":3,"enemies":"2 Louse","floor":3,"turns":2},{"damage":1,"enemies":"Cultist","floor":4,"turns":3},{"damage":25,"enemies":"3 Sentries","floor":6,"turns":6},{"damage":17,"enemies":"Exordium Wildlife","floor":8,"turns":3},{"damage":9,"enemies":"Exordium Thugs","floor":10,"turns":3},{"damage":0,"enemies":"3 Louse","floor":14,"turns":1},{"damage":0,"enemies":"Slime Boss","floor":16,"turns":5},{"damage":7,"enemies":"Chosen","floor":18,"turns":4},{"damage":15,"enemies":"3 Byrds","floor":20,"turns":4},{"damage":8,"enemies":"3 Cultists","floor":21,"turns":4},{"damage":21,"enemies":"Book of Stabbing","floor":24,"turns":4},{"damage":9,"enemies":"Shelled Parasite and Fungi","floor":28,"turns":2},{"damage":19,"enemies":"Sentry and Sphere","floor":30,"turns":4},{"damage":40,"enemies":"Champ","floor":33,"turns":9},{"damage":12,"enemies":"3 Darklings","floor":35,"turns":5},{"damage":52,"enemies":"2 Orb Walkers","floor":37,"turns":3}],"seed_played":"-5744699975498085537","potions_obtained":[{"floor":3,"key":"Poison Potion"},{"floor":6,"key":"FocusPotion"},{"floor":14,"key":"Regen Potion"},{"floor":18,"key":"PowerPotion"},{"floor":20,"key":"SteroidPotion"},{"floor":21,"key":"SmokeBomb"},{"floor":24,"key":"Ancient Potion"},{"floor":30,"key":"LiquidBronze"},{"floor":33,"key":"Poison Potion"}],"is_trial":false,"path_per_floor":["M","?","M","M","?","E","R","M","T","M","R","T","$","M","R","B",null,"M","?","M","M","$","R","E","R","T","R","M","R","M","?","R","B",null,"M","?","?"],"character_chosen":"DEFECT","items_purchased":["Bag of Preparation","Madness"],"campfire_rested":3,"item_purchase_floors":[13,22],"current_hp_per_floor":[62,62,59,58,58,33,33,16,16,7,28,28,28,28,28,42,64,57,57,42,34,34,34,13,13,13,13,4,25,6,6,27,12,56,44,44,0],"gold":152,"neow_bonus":"THREE_RARE_CARDS","is_prod":false,"is_daily":false,"chose_seed":false,"campfire_upgraded":5,"win_rate":0,"timestamp":1552330980,"path_taken":["M","?","M","M","?","E","R","M","T","?","R","?","?","M","R","BOSS","M","?","M","M","?","R","E","R","T","R","M","R","M","?","R","BOSS","M","?","?"],"build_version":"2019-02-06","purchased_purges":0,"victory":false,"max_hp_per_floor":[71,71,71,71,71,71,71,71,71,71,71,71,71,71,71,71,71,71,71,71,71,71,71,71,71,71,71,71,71,71,71,71,71,71,71,71,71],"card_choices":[{"not_picked":["Meteor Strike","Fission"],"picked":"All For One","floor":0},{"not_picked":["Stack","Streamline"],"picked":"Go for the Eyes","floor":1},{"not_picked":["Consume","Static Discharge"],"picked":"Streamline","floor":3},{"not_picked":["Stack","Sunder","Darkness"],"picked":"SKIP","floor":4},{"not_picked":["Go for the Eyes","Capacitor"],"picked":"Hyperbeam","floor":6},{"not_picked":["Double Energy","Ball Lightning"],"picked":"Beam Cell","floor":8},{"not_picked":["Defragment","Leap","Redo"],"picked":"SKIP","floor":10},{"not_picked":["FTL","Barrage"],"picked":"Scrape","floor":14},{"not_picked":["Ball Lightning","Barrage","Sweeping Beam"],"picked":"SKIP","floor":18},{"not_picked":["Self Repair","Creative AI"],"picked":"Conserve Battery+1","floor":20},{"not_picked":["Beam Cell","Sweeping Beam","Heatsinks"],"picked":"SKIP","floor":21},{"not_picked":["Doom and Gloom","Blizzard"],"picked":"Seek","floor":24},{"not_picked":["Chaos","Coolheaded"],"picked":"Chill","floor":30},{"not_picked":["Hologram","Recycle"],"picked":"FTL","floor":35}],"player_experience":953563,"relics_obtained":[{"floor":6,"key":"Potion Belt"},{"floor":9,"key":"Ornamental Fan"},{"floor":12,"key":"Symbiotic Virus"},{"floor":24,"key":"Pantograph"},{"floor":26,"key":"Vajra"}],"event_choices":[{"damage_healed":0,"gold_gain":0,"player_choice":"Leave","damage_taken":0,"max_hp_gain":0,"max_hp_loss":0,"event_name":"The Cleric","floor":2,"gold_loss":0},{"damage_healed":0,"gold_gain":0,"player_choice":"Upgraded","damage_taken":0,"max_hp_gain":0,"max_hp_loss":0,"event_name":"Upgrade Shrine","floor":5,"gold_loss":0,"cards_upgraded":["Zap"]},{"damage_healed":0,"gold_gain":0,"player_choice":"Upgraded Two","damage_taken":0,"max_hp_gain":0,"max_hp_loss":0,"event_name":"Designer","floor":19,"gold_loss":50,"cards_upgraded":["Beam Cell","Go for the Eyes"]},{"damage_healed":0,"gold_gain":0,"player_choice":"Inject Mutagens","damage_taken":0,"relics_obtained":["MutagenicStrength"],"max_hp_gain":0,"max_hp_loss":0,"event_name":"Drug Dealer","floor":31,"gold_loss":0},{"cards_removed":["Scrape"],"damage_healed":0,"gold_gain":0,"player_choice":"Removed Attack","damage_taken":0,"max_hp_gain":0,"max_hp_loss":0,"event_name":"Falling","floor":36,"gold_loss":0},{"damage_healed":0,"gold_gain":0,"player_choice":"Fight","damage_taken":0,"max_hp_gain":0,"max_hp_loss":0,"event_name":"Mysterious Sphere","floor":37,"gold_loss":0}],"is_beta":true,"boss_relics":[{"not_picked":["Eternal Feather","Tiny House"],"picked":"White Beast Statue"},{"not_picked":["Orrery","Velvet Choker"],"picked":"Sozu"}],"items_purged_floors":[],"is_endless":false,"potions_floor_spawned":[3,6,14,18,20,21,24,28,30,33,35],"killed_by":"2 Orb Walkers","ascension_level":17}