{"gold_per_floor":[363,313,239,314,68,68,98,98,98,118,137,137,163,163,163,292,292,310,82,181,199,44,44,44,44,44,88,88,88,124,145,145,273,273,294,1293,1308,824,824,863,482,496,496,527,543,168,168,201,201,201],"floor_reached":51,"playtime":5793,"items_purged":["Strike_B","Normality","Normality","Thunder Strike"],"score":1135,"play_id":"288d3aa4-4ed8-41d2-9ef8-d25b2c7cb774","local_time":"20190311163020","is_ascension_mode":true,"campfire_choices":[{"data":"Zap","floor":6,"key":"SMITH"},{"floor":8,"key":"REST"},{"data":"Defragment","floor":12,"key":"SMITH"},{"data":"Loop","floor":15,"key":"SMITH"},{"data":"Capacitor","floor":23,"key":"SMITH"},{"data":"Electrodynamics","floor":25,"key":"SMITH"},{"data":"Chill","floor":29,"key":"SMITH"},{"data":"Coolheaded","floor":32,"key":"SMITH"},{"data":"Defragment","floor":47,"key":"SMITH"},{"data":"Seek","floor":49,"key":"SMITH"}],"neow_cost":"CURSE","seed_source_timestamp":10922968147538,"circlet_count":0,"master_deck":["Zap+1","Dualcast","Gash","Loop+1","Coolheaded+1","FTL","Rebound","Defragment+1","Coolheaded","Electrodynamics+1","Chill+1","Redo","Barrage","Reboot","Static Discharge","Rainbow","Capacitor+1","Coolheaded","Seek+1","Self Repair","Defragment+1","Barrage","Core Surge","Loop+1","Fusion+1"],"relics":["Cracked Core","Ornamental Fan","Dodecahedron","FossilizedHelix","Golden Idol","Pandora\u0027s Box","Membership Card","PreservedInsect","Orichalcum","Mummified Hand","Mercury Hourglass","Blue Candle","Question Card","Pantograph","Inserter","Bronze Scales","Thread and Needle","Toy Ornithopter","Frozen Egg 2","Blood Vial","Centennial Puzzle","Medical Kit","Cables","Shuriken","Strawberry","Chemical X","Bottled Lightning"],"potions_floor_usage":[21,50,50],"damage_taken":[{"damage":0,"enemies":"Small Slimes","floor":1,"turns":2},{"damage":35,"enemies":"Gremlin Nob","floor":7,"turns":5},{"damage":2,"enemies":"Jaw Worm","floor":10,"turns":3},{"damage":2,"enemies":"2 Louse","floor":11,"turns":2},{"damage":0,"enemies":"Lagavulin","floor":13,"turns":7},{"damage":0,"enemies":"The Guardian","floor":16,"turns":9},{"damage":4,"enemies":"Shell Parasite","floor":18,"turns":4},{"damage":0,"enemies":"Spheric Guardian","floor":21,"turns":3},{"damage":18,"enemies":"Book of Stabbing","floor":27,"turns":3},{"damage":6,"enemies":"Gremlin Leader","floor":30,"turns":6},{"damage":0,"enemies":"Shelled Parasite and Fungi","floor":31,"turns":4},{"damage":21,"enemies":"Automaton","floor":33,"turns":7},{"damage":0,"enemies":"Orb Walker","floor":35,"turns":3},{"damage":1,"enemies":"3 Darklings","floor":37,"turns":4},{"damage":0,"enemies":"Giant Head","floor":40,"turns":6},{"damage":0,"enemies":"4 Shapes","floor":42,"turns":3},{"damage":1,"enemies":"Nemesis","floor":44,"turns":5},{"damage":0,"enemies":"Writhing Mass","floor":45,"turns":6},{"damage":0,"enemies":"Giant Head","floor":48,"turns":5},{"damage":0,"enemies":"Time Eater","floor":50,"turns":5}],"seed_played":"-505881195813035391","potions_obtained":[{"floor":7,"key":"SneckoOil"},{"floor":10,"key":"FearPotion"},{"floor":18,"key":"Strength Potion"},{"floor":27,"key":"GamblersBrew"},{"floor":33,"key":"SkillPotion"},{"floor":37,"key":"Dexterity Potion"}],"is_trial":false,"path_per_floor":["M","?","$","?","$","R","E","R","T","M","M","R","E","?","R","B",null,"M","$","?","M","$","R","T","R","T","E","?","R","E","M","R","B",null,"M","?","M","$","?","E","$","M","T","E","M","$","R","E","R","B",null],"character_chosen":"DEFECT","items_purchased":["Loop","Coolheaded","FTL","Rebound","Membership Card","Capacitor","PreservedInsect","Orichalcum","Defragment","Bronze Scales","Thread and Needle","Toy Ornithopter","Energy Potion","Barrage","Weak Potion","Blood Vial","Centennial Puzzle","Medical Kit","FocusPotion","Loop+1","Shuriken","Strawberry","Chemical X"],"campfire_rested":1,"item_purchase_floors":[3,5,5,5,19,19,22,22,38,38,38,38,38,38,38,41,41,41,41,41,46,46,46],"current_hp_per_floor":[75,75,75,64,64,64,29,51,51,49,47,47,47,29,29,29,75,71,71,71,71,71,71,71,71,71,53,53,53,47,47,47,51,75,75,75,75,75,71,71,71,71,71,71,71,78,78,78,78,78],"gold":201,"neow_bonus":"TWO_FIFTY_GOLD","is_prod":false,"is_daily":false,"chose_seed":false,"campfire_upgraded":9,"win_rate":0,"timestamp":1552282220,"path_taken":["M","?","$","?","$","R","E","R","T","?","M","R","E","?","R","BOSS","M","$","?","M","$","R","?","R","T","E","?","R","E","M","R","BOSS","M","?","M","$","?","E","$","M","T","E","M","?","R","E","R","BOSS"],"build_version":"2019-01-23","purchased_purges":4,"victory":true,"max_hp_per_floor":[75,75,75,75,75,75,75,75,75,75,75,75,75,75,75,75,75,75,75,75,75,75,75,75,75,75,75,75,75,75,75,75,75,75,75,75,75,75,71,71,71,71,71,71,71,78,78,78,78,78],"card_choices":[{"not_picked":["Turbo","Rebound"],"picked":"Gash","floor":1},{"not_picked":["Reprogram","Turbo","Scrape"],"picked":"SKIP","floor":7},{"not_picked":["Barrage","Ball Lightning"],"picked":"Defragment","floor":10},{"not_picked":["Compile Driver","Beam Cell"],"picked":"Coolheaded","floor":11},{"not_picked":["Auto Shields","Blizzard","Hello World"],"picked":"SKIP","floor":13},{"not_picked":["Buffer","Reboot"],"picked":"Electrodynamics","floor":16},{"not_picked":["Streamline","Darkness+1","Steam"],"picked":"SKIP","floor":18},{"not_picked":["White Noise","Sweeping Beam","Stack"],"picked":"SKIP","floor":21},{"not_picked":["Double Energy","Hyperbeam","Coolheaded"],"picked":"SKIP","floor":27},{"not_picked":["FTL","Redo","Hyperbeam","Beam Cell+1"],"picked":"SKIP","floor":30},{"not_picked":["Barrage","Doom and Gloom","Lockon"],"picked":"Coolheaded","floor":31},{"not_picked":["Fission","All For One","Thunder Strike"],"picked":"Seek","floor":33},{"not_picked":["Hello World+1","Chaos+1","Sunder"],"picked":"Self Repair","floor":35},{"not_picked":["Redo+1","Reprogram+1","Leap+1","Conserve Battery"],"picked":"SKIP","floor":37},{"not_picked":["Coolheaded+1","Go for the Eyes","Machine Learning"],"picked":"Core Surge","floor":40},{"not_picked":["Beam Cell","Sweeping Beam+1","Heatsinks+1"],"picked":"Fusion+1","floor":42},{"not_picked":["Darkness","Compile Driver","Leap","Rebound+1"],"picked":"SKIP","floor":44},{"not_picked":["Redo","Hello World+1","Skim+1","Cold Snap+1"],"picked":"SKIP","floor":45},{"not_picked":["Compile Driver+1","Go for the Eyes+1","Lockon","Conserve Battery"],"picked":"SKIP","floor":48}],"player_experience":813419,"relics_obtained":[{"floor":7,"key":"Ornamental Fan"},{"floor":9,"key":"Dodecahedron"},{"floor":13,"key":"FossilizedHelix"},{"floor":24,"key":"Mummified Hand"},{"floor":26,"key":"Mercury Hourglass"},{"floor":27,"key":"Blue Candle"},{"floor":30,"key":"Pantograph"},{"floor":40,"key":"Frozen Egg 2"},{"floor":44,"key":"Cables"},{"floor":48,"key":"Bottled Lightning"}],"event_choices":[{"cards_removed":["Doubt"],"damage_healed":0,"gold_gain":0,"player_choice":"Card Removal","damage_taken":0,"max_hp_gain":0,"max_hp_loss":0,"event_name":"The Cleric","floor":2,"gold_loss":50},{"damage_healed":0,"gold_gain":75,"player_choice":"Gather Gold","damage_taken":11,"max_hp_gain":0,"max_hp_loss":0,"event_name":"World of Goop","floor":4,"gold_loss":0},{"damage_healed":0,"gold_gain":0,"player_choice":"Take Damage","damage_taken":18,"relics_obtained":["Golden Idol"],"max_hp_gain":0,"max_hp_loss":0,"event_name":"Golden Idol","floor":14,"gold_loss":0},{"damage_healed":0,"gold_gain":99,"player_choice":"Stole From Cult","damage_taken":0,"max_hp_gain":0,"max_hp_loss":0,"event_name":"Nest","floor":20,"gold_loss":0},{"damage_healed":0,"gold_gain":0,"player_choice":"Gave Potion","damage_taken":0,"relics_obtained":["Question Card"],"max_hp_gain":0,"max_hp_loss":0,"event_name":"WeMeetAgain","floor":28,"gold_loss":0},{"damage_healed":0,"gold_gain":999,"player_choice":"Gold","damage_taken":0,"max_hp_gain":0,"max_hp_loss":0,"event_name":"MindBloom","floor":36,"gold_loss":0,"cards_obtained":["Normality","Normality"]},{"damage_healed":0,"gold_gain":0,"player_choice":"Max HP","damage_taken":0,"max_hp_gain":0,"max_hp_loss":4,"event_name":"Winding Halls","floor":39,"gold_loss":0}],"is_beta":false,"boss_relics":[{"not_picked":["Busted Crown","Orrery"],"picked":"Pandora\u0027s Box"},{"not_picked":["Tiny House","Astrolabe"],"picked":"Inserter"}],"items_purged_floors":[5,38,41,46],"is_endless":false,"potions_floor_spawned":[7,10,18,27,33,37,42,44,48],"ascension_level":3}