{"gold_per_floor":[113,130,205,130,29,29,54,54,79,79,24,37,56,76,76,148,148,167,217,132,143,162,162,176,176],"floor_reached":25,"playtime":1249,"items_purged":["Defend_R"],"score":396,"play_id":"76f45b36-4cf8-4135-afb5-415d4611d6b0","local_time":"20190206092431","is_ascension_mode":true,"campfire_choices":[{"data":"Madness","floor":6,"key":"SMITH"},{"floor":15,"key":"REST"},{"data":"Anger","floor":23,"key":"SMITH"}],"neow_cost":"TEN_PERCENT_HP_LOSS","seed_source_timestamp":1546350739957017,"circlet_count":0,"master_deck":["AscendersBane","Strike_R","Strike_R","Strike_R","Strike_R","Defend_R","Defend_R","Defend_R","Bash","Swift Strike","Madness+1","Shrug It Off","Shrug It Off","Flex","Seeing Red","Anger+1","Shrug It Off","Flex","Reaper","Pommel Strike","Anger","Burning Pact"],"relics":["Burning Blood","Bag of Marbles","Red Skull","Mark of Pain","FossilizedHelix"],"potions_floor_usage":[16,16],"damage_taken":[{"damage":2,"enemies":"2 Louse","floor":1,"turns":3},{"damage":12,"enemies":"Jaw Worm","floor":2,"turns":3},{"damage":46,"enemies":"3 Sentries","floor":7,"turns":15},{"damage":4,"enemies":"Small Slimes","floor":12,"turns":3},{"damage":6,"enemies":"Looter","floor":13,"turns":2},{"damage":12,"enemies":"Gremlin Gang","floor":14,"turns":4},{"damage":13,"enemies":"Hexaghost","floor":16,"turns":8},{"damage":40,"enemies":"Spheric Guardian","floor":18,"turns":6},{"damage":17,"enemies":"Shell Parasite","floor":21,"turns":5},{"damage":8,"enemies":"Centurion and Healer","floor":22,"turns":5},{"damage":20,"enemies":"Snake Plant","floor":24,"turns":4},{"damage":31,"enemies":"Cultist and Chosen","floor":25,"turns":4}],"seed_played":"-4778748506178451423","potions_obtained":[{"floor":2,"key":"Dexterity Potion"},{"floor":18,"key":"Energy Potion"},{"floor":24,"key":"SpeedPotion"}],"is_trial":false,"path_per_floor":["M","M","?","?","$","R","E","$","T","?","$","M","M","M","R","B",null,"M","?","?","M","M","R","M","M"],"character_chosen":"IRONCLAD","items_purchased":["Flex","Strength Potion"],"campfire_rested":1,"item_purchase_floors":[5,11],"current_hp_per_floor":[68,62,51,51,51,51,11,11,11,11,11,13,13,7,27,20,56,22,22,22,18,25,25,21,0],"gold":176,"neow_bonus":"RANDOM_COLORLESS_2","is_prod":false,"is_daily":false,"chose_seed":false,"campfire_upgraded":2,"win_rate":0,"timestamp":1549441471,"path_taken":["M","M","?","?","?","R","E","?","T","?","$","?","?","M","R","BOSS","M","?","?","M","M","R","M","M"],"build_version":"2019-01-23","purchased_purges":1,"victory":false,"max_hp_per_floor":[68,68,68,68,68,68,68,68,68,68,68,68,68,68,68,68,68,68,68,68,68,68,68,68,68],"card_choices":[{"not_picked":["Rupture","Perfected Strike"],"picked":"Shrug It Off","floor":1},{"not_picked":["Havoc","Dual Wield"],"picked":"Shrug It Off","floor":2},{"not_picked":["Infernal Blade","Twin Strike"],"picked":"Seeing Red","floor":7},{"not_picked":["Battle Trance","Pommel Strike"],"picked":"Anger","floor":12},{"not_picked":["Body Slam","Ghostly Armor"],"picked":"Shrug It Off","floor":13},{"not_picked":["Iron Wave","Combust"],"picked":"Flex","floor":14},{"not_picked":["Exhume","Dark Embrace"],"picked":"Reaper","floor":16},{"not_picked":["Pummel","Cleave","Pommel Strike"],"picked":"SKIP","floor":18},{"not_picked":["Seeing Red","Reckless Charge"],"picked":"Pommel Strike","floor":21},{"not_picked":["Shockwave","Intimidate"],"picked":"Anger","floor":22},{"not_picked":["Thunderclap","Flex"],"picked":"Burning Pact","floor":24}],"player_experience":733399,"relics_obtained":[{"floor":7,"key":"Bag of Marbles"},{"floor":9,"key":"Red Skull"}],"event_choices":[{"damage_healed":0,"gold_gain":75,"player_choice":"Gather Gold","damage_taken":11,"max_hp_gain":0,"max_hp_loss":0,"event_name":"World of Goop","floor":3,"gold_loss":0},{"cards_removed":["Strike_R"],"damage_healed":0,"gold_gain":0,"player_choice":"Card Removal","damage_taken":0,"max_hp_gain":0,"max_hp_loss":0,"event_name":"The Cleric","floor":4,"gold_loss":75},{"damage_healed":0,"gold_gain":0,"player_choice":"Ignored","damage_taken":0,"max_hp_gain":0,"max_hp_loss":0,"event_name":"Golden Wing","floor":10,"gold_loss":0},{"damage_healed":0,"gold_gain":50,"player_choice":"Stole From Cult","damage_taken":0,"max_hp_gain":0,"max_hp_loss":0,"event_name":"Nest","floor":19,"gold_loss":0},{"damage_healed":0,"gold_gain":0,"player_choice":"Obtained Relic","damage_taken":0,"relics_obtained":["FossilizedHelix"],"max_hp_gain":0,"max_hp_loss":0,"event_name":"Addict","floor":20,"gold_loss":85}],"is_beta":true,"boss_relics":[{"not_picked":["Runic Cube","Runic Pyramid"],"picked":"Mark of Pain"}],"items_purged_floors":[5],"is_endless":false,"potions_floor_spawned":[2,13,18,24],"killed_by":"Cultist and Chosen","ascension_level":19}