{"gold_per_floor":[113,129,60,76,76,76,91,116,116,116,66,83,8,8,8,111,111,111,111,111,36,36,36,36,36,36,36,36,36,36,36,36,36,36,36,36,36,36,36,36,36],"floor_reached":41,"playtime":8393,"items_purged":["Strike_R"],"score":434,"play_id":"f6c68be2-6fc0-40ae-907c-be13da9b8f99","local_time":"20190309172815","is_ascension_mode":true,"campfire_choices":[{"data":"Inflame","floor":6.0,"key":"SMITH"},{"data":"Battle Trance","floor":10.0,"key":"SMITH"},{"floor":15.0,"key":"REST"},{"data":"Entrench","floor":23.0,"key":"SMITH"},{"data":"Double Tap","floor":25.0,"key":"SMITH"},{"floor":28.0,"key":"REST"},{"floor":32.0,"key":"REST"}],"neow_cost":"NONE","seed_source_timestamp":0,"circlet_count":0,"master_deck":["Strike_R","Defend_R","Defend_R","Defend_R","Defend_R","Bash","Inflame+1","Battle Trance+1","Headbutt","Uppercut","Entrench+1","Impervious","Cleave","Double Tap+1","Pommel Strike+1","Demon Form+1","Limit Break","Shrug It Off"],"special_seed":0,"relics":["Burning Blood","Bag of Marbles","Strawberry","Ectoplasm","Paper Frog","Frozen Egg 2","Sozu"],"potions_floor_usage":[],"damage_taken":[{"damage":2.0,"enemies":"2 Louse","floor":1.0,"turns":3.0},{"damage":2.0,"enemies":"Jaw Worm","floor":2.0,"turns":4.0},{"damage":6.0,"enemies":"Cultist","floor":4.0,"turns":3.0},{"damage":0.0,"enemies":"3 Louse","floor":7.0,"turns":4.0},{"damage":24.0,"enemies":"3 Sentries","floor":8.0,"turns":12.0},{"damage":11.0,"enemies":"Lots of Slimes","floor":12.0,"turns":3.0},{"damage":80.0,"enemies":"Hexaghost","floor":16.0,"turns":9.0},{"damage":0.0,"enemies":"Chosen","floor":18.0,"turns":3.0},{"damage":0.0,"enemies":"Spheric Guardian","floor":19.0,"turns":4.0},{"damage":12.0,"enemies":"Cultist and Chosen","floor":20.0,"turns":3.0},{"damage":6.0,"enemies":"Chosen and Byrds","floor":22.0,"turns":5.0},{"damage":25.0,"enemies":"Slavers","floor":24.0,"turns":6.0},{"damage":0.0,"enemies":"Snecko","floor":29.0,"turns":3.0},{"damage":10.0,"enemies":"Snake Plant","floor":30.0,"turns":3.0},{"damage":67.0,"enemies":"Champ","floor":33.0,"turns":7.0},{"damage":10.0,"enemies":"Orb Walker","floor":35.0,"turns":3.0},{"damage":47.0,"enemies":"3 Darklings","floor":37.0,"turns":6.0},{"damage":38.0,"enemies":"4 Shapes","floor":40.0,"turns":5.0},{"damage":21,"enemies":"Spire Growth","floor":41,"turns":3}],"seed_played":"-7951968172855696851","potions_obtained":[{"floor":1.0,"key":"SkillPotion"},{"floor":4.0,"key":"SpeedPotion"},{"floor":18.0,"key":"FearPotion"},{"floor":19.0,"key":"SteroidPotion"},{"floor":22.0,"key":"Energy Potion"},{"floor":29.0,"key":"GamblersBrew"}],"is_trial":false,"path_per_floor":["M","M","$","M","?","R","M","E","T","R","?","M","$","?","R","B",null,"M","M","M","$","M","R","E","R","T","?","R","M","M","?","R","B",null,"M","?","M","?","?","M","M"],"character_chosen":"IRONCLAD","items_purchased":["Inflame","Uppercut"],"campfire_rested":3,"item_purchase_floors":[3,13],"current_hp_per_floor":[80,80,80,80,80,80,80,62,69,69,69,64,64,64,87,13,87,87,87,81,81,81,81,62,62,62,54,80,86,82,82,87,26,87,83,83,42,42,42,10,0],"gold":36,"neow_bonus":"REMOVE_CARD","is_prod":false,"is_daily":false,"chose_seed":false,"campfire_upgraded":4,"win_rate":0,"timestamp":1552170495,"path_taken":["M","M","$","M","?","R","M","E","T","R","?","?","$","?","R","BOSS","M","M","M","?","M","R","E","R","T","?","R","?","M","?","R","BOSS","M","?","M","?","?","M","M"],"build_version":"2019-01-23","purchased_purges":1,"victory":false,"max_hp_per_floor":[80,80,80,80,80,80,80,80,87,87,87,87,87,87,87,87,87,87,87,87,87,87,87,87,87,87,87,87,87,87,87,87,87,87,87,87,87,87,83,83,83],"card_choices":[{"not_picked":["Reckless Charge","Second Wind","Armaments"],"picked":"SKIP","floor":1.0},{"not_picked":["Iron Wave","Armaments"],"picked":"Pommel Strike","floor":2.0},{"not_picked":["Wild Strike","Shrug It Off"],"picked":"Battle Trance","floor":4.0},{"not_picked":["Second Wind","Wild Strike","Flex"],"picked":"SKIP","floor":7.0},{"not_picked":["Sentinel","Uppercut"],"picked":"Headbutt","floor":8.0},{"not_picked":["Inflame","Second Wind","Wild Strike"],"picked":"SKIP","floor":12.0},{"not_picked":["Exhume","Juggernaut"],"picked":"Impervious","floor":16.0},{"not_picked":["Infernal Blade","Twin Strike","Sword Boomerang"],"picked":"SKIP","floor":18.0},{"not_picked":["Clothesline+1","Searing Blow","True Grit"],"picked":"SKIP","floor":19.0},{"not_picked":["Iron Wave","Bloodletting+1","Burning Pact"],"picked":"SKIP","floor":20.0},{"not_picked":["Headbutt+1","Clothesline"],"picked":"Cleave","floor":22.0},{"not_picked":["Warcry","Wild Strike"],"picked":"Double Tap","floor":24.0},{"not_picked":["Thunderclap","Flex+1"],"picked":"Pommel Strike+1","floor":29.0},{"not_picked":["Twin Strike","True Grit","Wild Strike+1"],"picked":"SKIP","floor":30.0},{"not_picked":["Impervious","Dark Embrace+1"],"picked":"Limit Break","floor":33.0},{"not_picked":["Twin Strike+1","Battle Trance","Pummel+1"],"picked":"SKIP","floor":35.0},{"not_picked":["Heavy Blade+1","Seeing Red","Headbutt+1"],"picked":"SKIP","floor":37.0},{"not_picked":["Pummel","Perfected Strike"],"picked":"Shrug It Off","floor":40.0}],"player_experience":286819,"relics_obtained":[{"floor":8.0,"key":"Bag of Marbles"},{"floor":9.0,"key":"Strawberry"},{"floor":24.0,"key":"Paper Frog"},{"floor":26.0,"key":"Frozen Egg 2"}],"event_choices":[{"damage_healed":0.0,"max_hp_gain":0.0,"max_hp_loss":0.0,"gold_gain":0.0,"event_name":"Shining Light","player_choice":"Ignored","floor":5.0,"gold_loss":0.0,"damage_taken":0.0},{"cards_removed":["Strike_R"],"damage_healed":0.0,"max_hp_gain":0.0,"max_hp_loss":0.0,"gold_gain":0.0,"event_name":"The Cleric","player_choice":"Card Removal","floor":11.0,"gold_loss":50.0,"damage_taken":0.0},{"damage_healed":0.0,"max_hp_gain":0.0,"max_hp_loss":0.0,"gold_gain":0.0,"cards_transformed":["Strike_R"],"event_name":"Transmorgrifier","player_choice":"Transformed","floor":14.0,"gold_loss":0.0,"damage_taken":0.0,"cards_obtained":["Entrench"]},{"damage_healed":0.0,"max_hp_gain":0.0,"max_hp_loss":0.0,"gold_gain":0.0,"event_name":"Knowing Skull","player_choice":"","floor":27.0,"potions_obtained":[],"gold_loss":0.0,"damage_taken":8.0,"cards_obtained":[]},{"damage_healed":0.0,"max_hp_gain":0.0,"max_hp_loss":0.0,"gold_gain":0.0,"event_name":"The Library","player_choice":"Read","floor":31.0,"gold_loss":0.0,"damage_taken":0.0,"cards_obtained":["Demon Form"]},{"cards_removed":["Pommel Strike"],"damage_healed":0.0,"max_hp_gain":0.0,"max_hp_loss":0.0,"gold_gain":0.0,"event_name":"Falling","player_choice":"Removed Attack","floor":36.0,"gold_loss":0.0,"damage_taken":0.0},{"damage_healed":0.0,"max_hp_gain":0.0,"max_hp_loss":0.0,"gold_gain":0.0,"event_name":"SensoryStone","player_choice":"Memory 1","floor":38.0,"gold_loss":0.0,"damage_taken":0.0},{"damage_healed":0.0,"max_hp_gain":0.0,"max_hp_loss":4.0,"gold_gain":0.0,"event_name":"Winding Halls","player_choice":"Max HP","floor":39.0,"gold_loss":0.0,"damage_taken":0.0}],"is_beta":false,"boss_relics":[{"not_picked":["Black Star","Coffee Dripper"],"picked":"Ectoplasm"},{"not_picked":["Velvet Choker","Philosopher\u0027s Stone"],"picked":"Sozu"}],"items_purged_floors":[21],"is_endless":false,"potions_floor_spawned":[1,4,18,19,22,29,35,37],"killed_by":"Spire Growth","ascension_level":1}