{"gold_per_floor":[114,124,136,136,53,53,79,79,103,166,166,183,203,235,247,336,348,377,406,13,32,32,32,32],"floor_reached":24,"playtime":1052,"items_purged":[],"score":400,"play_id":"7262d718-94dd-4ba5-bb79-b89948f33e75","local_time":"20190311102754","is_ascension_mode":true,"campfire_choices":[{"data":"Dualcast","floor":6.0,"key":"SMITH"},{"data":"Defragment","floor":8.0,"key":"SMITH"},{"floor":15.0,"key":"REST"},{"data":"Buffer","floor":23,"key":"SMITH"}],"neow_cost":"NONE","seed_source_timestamp":0,"circlet_count":0,"master_deck":["AscendersBane","Strike_B+1","Strike_B+1","Strike_B+1","Strike_B+1","Defend_B+1","Defend_B+1","Defend_B+1","Defend_B+1","Zap+1","Dualcast+1","Meteor Strike","Rip and Tear","Chill","Lockon","Defragment+1","Recycle","Tempest","Ball Lightning","Auto Shields","Buffer+1","Glacier","Defragment","Conserve Battery","Fusion"],"special_seed":0,"relics":["Cracked Core","Orichalcum","War Paint","Tiny Chest","Bronze Scales","MawBank","Coffee Dripper","Matryoshka"],"potions_floor_usage":[],"damage_taken":[{"damage":9.0,"enemies":"Jaw Worm","floor":1.0,"turns":3.0},{"damage":0.0,"enemies":"Small Slimes","floor":2.0,"turns":2.0},{"damage":1.0,"enemies":"Cultist","floor":3.0,"turns":3.0},{"damage":12.0,"enemies":"Lagavulin","floor":7.0,"turns":5.0},{"damage":7.0,"enemies":"3 Sentries","floor":10.0,"turns":8.0},{"damage":5.0,"enemies":"Looter","floor":12.0,"turns":2.0},{"damage":8.0,"enemies":"Exordium Wildlife","floor":13.0,"turns":3.0},{"damage":12.0,"enemies":"Lagavulin","floor":14.0,"turns":5.0},{"damage":26.0,"enemies":"Slime Boss","floor":16.0,"turns":6.0},{"damage":22,"enemies":"2 Thieves","floor":18,"turns":4},{"damage":7,"enemies":"3 Byrds","floor":19,"turns":3},{"damage":0,"enemies":"Snecko","floor":21,"turns":4},{"damage":41,"enemies":"Masked Bandits","floor":24,"turns":4}],"seed_played":"-6363359640619793825","potions_obtained":[{"floor":3.0,"key":"SkillPotion"},{"floor":7.0,"key":"FairyPotion"},{"floor":13.0,"key":"Dexterity Potion"}],"is_trial":false,"path_per_floor":["M","M","M","?","$","R","E","R","T","E","?","M","M","E","R","B",null,"M","M","$","M","?","R","?"],"character_chosen":"DEFECT","items_purchased":["Defragment","Defragment","Conserve Battery","Matryoshka"],"campfire_rested":1,"item_purchase_floors":[5,20,20,20],"current_hp_per_floor":[55,55,54,54,54,54,42,42,42,35,35,30,22,10,31,5,55,33,26,26,26,26,26,0],"gold":32,"neow_bonus":"ONE_RANDOM_RARE_CARD","is_prod":false,"is_daily":false,"chose_seed":false,"campfire_upgraded":3,"win_rate":0,"timestamp":1552296474,"path_taken":["M","M","M","?","$","R","E","R","T","E","?","M","M","E","R","BOSS","M","M","?","M","?","R","?"],"build_version":"2019-02-06","purchased_purges":0,"victory":false,"max_hp_per_floor":[71,71,71,71,71,71,71,71,71,71,71,71,71,71,71,71,71,71,71,71,71,71,71,71],"card_choices":[{"not_picked":["Hologram","Blizzard"],"picked":"Rip and Tear","floor":1.0},{"not_picked":["Redo","Doom and Gloom"],"picked":"Chill","floor":2.0},{"not_picked":["Steam","Coolheaded"],"picked":"Lockon","floor":3.0},{"not_picked":["All For One","Undo"],"picked":"Hologram","floor":7.0},{"not_picked":["Aggregate","Conserve Battery"],"picked":"Recycle","floor":10.0},{"not_picked":["Loop","Coolheaded"],"picked":"Tempest","floor":12.0},{"not_picked":["Stack","Conserve Battery"],"picked":"Ball Lightning","floor":13.0},{"not_picked":["Hyperbeam","Barrage"],"picked":"Auto Shields","floor":14.0},{"not_picked":["Creative AI","Hyperbeam"],"picked":"Buffer","floor":16.0},{"not_picked":["Gash","Heatsinks","Stack"],"picked":"SKIP","floor":18},{"not_picked":["Beam Cell+1","Hologram"],"picked":"Glacier","floor":19},{"not_picked":["Beam Cell","FTL"],"picked":"Fusion","floor":21}],"player_experience":940096,"relics_obtained":[{"floor":7.0,"key":"Orichalcum"},{"floor":9.0,"key":"War Paint"},{"floor":10.0,"key":"Tiny Chest"},{"floor":14.0,"key":"MawBank"}],"event_choices":[{"damage_healed":0.0,"max_hp_gain":0.0,"max_hp_loss":0.0,"gold_gain":0.0,"event_name":"Living Wall","player_choice":"Grow","floor":4.0,"gold_loss":0.0,"damage_taken":0.0,"cards_upgraded":["Zap"]},{"cards_removed":["Hologram"],"damage_healed":0.0,"max_hp_gain":0.0,"max_hp_loss":0.0,"gold_gain":0.0,"event_name":"WeMeetAgain","player_choice":"Gave Card","floor":11.0,"gold_loss":0.0,"damage_taken":0.0,"relics_obtained":["Bronze Scales"]},{"damage_healed":0,"gold_gain":0,"player_choice":"Simplicity","damage_taken":0,"max_hp_gain":0,"max_hp_loss":0,"event_name":"Back to Basics","floor":22,"gold_loss":0,"cards_upgraded":["Strike_B","Strike_B","Strike_B","Strike_B","Defend_B","Defend_B"]},{"damage_healed":0,"gold_gain":0,"player_choice":"Fought Bandits","damage_taken":0,"max_hp_gain":0,"max_hp_loss":0,"event_name":"Masked Bandits","floor":24,"gold_loss":0}],"is_beta":true,"boss_relics":[{"not_picked":["Runic Pyramid","Pandora\u0027s Box"],"picked":"Coffee Dripper"}],"items_purged_floors":[],"is_endless":false,"potions_floor_spawned":[3,7,13,14,16,18],"killed_by":"Masked Bandits","ascension_level":17}