{"gold_per_floor":[114,126,144,159,172,172,202,202,202,231,251,251,17,30,30,127,127,140,140,127,140,159,185,9,9,9,9,9,43,43,43,43,147,147,163,163,18,18,29,39,74,74,74,107,107,126,126,226,226,226],"floor_reached":51,"playtime":3512,"items_purged":[],"score":830,"play_id":"8bfcf8b9-e48f-4dc7-8f6f-de248cfb1b2a","local_time":"20190312071154","is_ascension_mode":false,"campfire_choices":[{"data":"Pommel Strike","floor":6,"key":"SMITH"},{"data":"Shrug It Off","floor":8,"key":"SMITH"},{"data":"Infernal Blade","floor":15,"key":"SMITH"},{"floor":27,"key":"REST"},{"floor":32,"key":"REST"},{"floor":42,"key":"REST"},{"floor":45,"key":"REST"},{"floor":49,"key":"REST"}],"neow_cost":"NONE","seed_source_timestamp":3184340833192,"circlet_count":0,"master_deck":["Strike_R","Strike_R","Strike_R","Strike_R","Defend_R","Defend_R","Defend_R","Defend_R","Bash+1","Shrug It Off","Body Slam","Shrug It Off+1","Twin Strike","Pommel Strike+1","Headbutt","Shrug It Off","Infernal Blade","Headbutt","Infernal Blade+1","Armaments","Burning Pact","Offering","Pommel Strike+1","Headbutt","Body Slam+1","Pommel Strike+1","Headbutt","Panache","Juggernaut","Spot Weakness+1","Madness","Madness","Fire Breathing","Twin Strike+1","Inflame+1"],"relics":["Burning Blood","Bronze Scales","Bottled Lightning","Omamori","Vajra","Fusion Hammer","Dodecahedron","Shuriken","Bottled Flame","MutagenicStrength","Busted Crown","Happy Flower","Strawberry","Blood Vial","Potion Belt","Ice Cream"],"potions_floor_usage":[7,7,16,21,23,23,33,50,50,50],"damage_taken":[{"damage":6,"enemies":"Cultist","floor":1,"turns":3},{"damage":7,"enemies":"2 Louse","floor":2,"turns":4},{"damage":5,"enemies":"Small Slimes","floor":3,"turns":4},{"damage":0,"enemies":"Looter","floor":4,"turns":4},{"damage":8,"enemies":"Gremlin Gang","floor":5,"turns":6},{"damage":1,"enemies":"Lagavulin","floor":7,"turns":6},{"damage":24,"enemies":"Gremlin Nob","floor":10,"turns":4},{"damage":0,"enemies":"Large Slime","floor":11,"turns":5},{"damage":0,"enemies":"2 Fungi Beasts","floor":14,"turns":2},{"damage":31,"enemies":"The Guardian","floor":16,"turns":10},{"damage":0,"enemies":"Chosen","floor":18,"turns":4},{"damage":11,"enemies":"2 Thieves","floor":20,"turns":4},{"damage":7,"enemies":"3 Cultists","floor":21,"turns":4},{"damage":0,"enemies":"Snecko","floor":22,"turns":4},{"damage":0,"enemies":"Slavers","floor":23,"turns":4},{"damage":4,"enemies":"Colosseum Slavers","floor":28,"turns":3},{"damage":6,"enemies":"Book of Stabbing","floor":29,"turns":3},{"damage":42,"enemies":"Collector","floor":33,"turns":6},{"damage":0,"enemies":"3 Shapes","floor":35,"turns":2},{"damage":28,"enemies":"3 Darklings","floor":39,"turns":3},{"damage":22,"enemies":"Sphere and 2 Shapes","floor":40,"turns":4},{"damage":26,"enemies":"Reptomancer","floor":41,"turns":4},{"damage":35,"enemies":"Nemesis","floor":44,"turns":3},{"damage":6,"enemies":"Transient","floor":46,"turns":5},{"damage":0,"enemies":"Mind Bloom Boss Battle","floor":48,"turns":4},{"damage":19,"enemies":"Donu and Deca","floor":50,"turns":7}],"seed_played":"3309195392633363758","potions_obtained":[{"floor":2,"key":"Dexterity Potion"},{"floor":3,"key":"Energy Potion"},{"floor":7,"key":"Dexterity Potion"},{"floor":14,"key":"LiquidBronze"},{"floor":16,"key":"FearPotion"},{"floor":18,"key":"Fire Potion"},{"floor":21,"key":"SteroidPotion"},{"floor":23,"key":"Weak Potion"},{"floor":29,"key":"SteroidPotion"},{"floor":39,"key":"EssenceOfSteel"},{"floor":40,"key":"Dexterity Potion"},{"floor":41,"key":"EssenceOfSteel"}],"is_trial":false,"path_per_floor":["M","M","M","M","M","R","E","R","T","E","M","?","$","M","R","B",null,"M","?","M","M","M","E","$","$","T","R","?","E","?","?","R","B",null,"M","?","$","?","M","M","E","R","T","E","R","M","?","?","R","B",null],"character_chosen":"IRONCLAD","items_purchased":["Vajra","Infernal Blade","Armaments","Panache","Happy Flower"],"campfire_rested":5,"item_purchase_floors":[13,13,13,24,37],"current_hp_per_floor":[80,79,80,80,78,78,80,80,80,62,68,68,68,74,74,49,80,80,80,75,74,80,80,80,80,80,80,80,80,65,65,85,49,85,85,74,74,85,63,47,34,61,61,34,61,63,63,71,92,79],"gold":226,"neow_bonus":"UPGRADE_CARD","is_prod":false,"is_daily":false,"chose_seed":false,"campfire_upgraded":3,"win_rate":0,"timestamp":1552389114,"path_taken":["M","M","?","M","M","R","E","R","T","E","M","?","$","M","R","BOSS","M","?","M","M","M","E","?","$","T","R","?","E","?","?","R","BOSS","M","?","$","?","M","M","E","R","T","E","R","?","?","?","R","BOSS"],"build_version":"2019-01-23","purchased_purges":0,"victory":true,"max_hp_per_floor":[80,80,80,80,80,80,80,80,80,80,80,80,80,80,80,80,80,80,80,80,80,80,80,80,80,80,80,80,80,85,85,85,85,85,85,85,85,85,85,85,92,92,92,92,92,92,92,92,92,92],"card_choices":[{"not_picked":["Clash","Sever Soul"],"picked":"Shrug It Off","floor":1},{"not_picked":["Combust","Sever Soul"],"picked":"Body Slam","floor":2},{"not_picked":["Pommel Strike","Iron Wave"],"picked":"Shrug It Off","floor":3},{"not_picked":["Rupture","Blood for Blood"],"picked":"Twin Strike","floor":4},{"not_picked":["Berserk","Clothesline"],"picked":"Pommel Strike","floor":5},{"not_picked":["True Grit","Flex"],"picked":"Headbutt","floor":7},{"not_picked":["Headbutt","Havoc"],"picked":"Shrug It Off","floor":10},{"not_picked":["Clash","Perfected Strike"],"picked":"Infernal Blade","floor":11},{"not_picked":["Searing Blow","Thunderclap"],"picked":"Burning Pact","floor":14},{"not_picked":["Bludgeon","Immolate"],"picked":"Offering","floor":16},{"not_picked":["Body Slam+1","Warcry"],"picked":"Pommel Strike+1","floor":18},{"not_picked":["Havoc","Second Wind"],"picked":"Headbutt","floor":20},{"not_picked":["Rage","Disarm+1"],"picked":"Body Slam+1","floor":21},{"not_picked":["Power Through+1","Juggernaut"],"picked":"Pommel Strike+1","floor":22},{"not_picked":["Double Tap","Thunderclap"],"picked":"Headbutt","floor":23},{"not_picked":["Flex","Shockwave+1","Burning Pact"],"picked":"SKIP","floor":29},{"not_picked":["Barricade","Reaper"],"picked":"Juggernaut","floor":33},{"not_picked":[],"picked":"Spot Weakness+1","floor":35},{"not_picked":["Clash"],"picked":"SKIP","floor":39},{"not_picked":[],"picked":"Fire Breathing","floor":40},{"not_picked":["Hemokinesis"],"picked":"SKIP","floor":41},{"not_picked":[],"picked":"Twin Strike+1","floor":44},{"not_picked":["Clothesline+1"],"picked":"SKIP","floor":46},{"not_picked":[],"picked":"Inflame+1","floor":48}],"player_experience":81287,"relics_obtained":[{"floor":7,"key":"Bronze Scales"},{"floor":9,"key":"Bottled Lightning"},{"floor":10,"key":"Omamori"},{"floor":23,"key":"Dodecahedron"},{"floor":26,"key":"Shuriken"},{"floor":29,"key":"Bottled Flame"},{"floor":41,"key":"Strawberry"},{"floor":43,"key":"Blood Vial"},{"floor":44,"key":"Potion Belt"},{"floor":48,"key":"Ice Cream"}],"event_choices":[{"damage_healed":0,"gold_gain":0,"cards_transformed":["Strike_R"],"player_choice":"Transformed","damage_taken":0,"max_hp_gain":0,"max_hp_loss":0,"event_name":"Transmorgrifier","floor":12,"gold_loss":0,"cards_obtained":["Headbutt"]},{"damage_healed":0,"gold_gain":0,"player_choice":"Bought 0 Potions","damage_taken":0,"max_hp_gain":0,"max_hp_loss":0,"event_name":"The Woman in Blue","floor":19,"gold_loss":0},{"damage_healed":0,"gold_gain":0,"player_choice":"Fight","damage_taken":0,"max_hp_gain":0,"max_hp_loss":0,"event_name":"Colosseum","floor":28,"gold_loss":0},{"damage_healed":0,"gold_gain":0,"player_choice":"Fled From Nobs","damage_taken":0,"max_hp_gain":0,"max_hp_loss":0,"event_name":"Colosseum","floor":28,"gold_loss":0},{"damage_healed":0,"gold_gain":0,"player_choice":"Shed Blood","damage_taken":20,"max_hp_gain":5,"max_hp_loss":0,"event_name":"Forgotten Altar","floor":30,"gold_loss":0},{"damage_healed":0,"gold_gain":0,"player_choice":"Inject Mutagens","damage_taken":0,"relics_obtained":["MutagenicStrength"],"max_hp_gain":0,"max_hp_loss":0,"event_name":"Drug Dealer","floor":31,"gold_loss":0},{"damage_healed":0,"gold_gain":0,"player_choice":"Embrace Madness","damage_taken":11,"max_hp_gain":0,"max_hp_loss":0,"event_name":"Winding Halls","floor":36,"gold_loss":0,"cards_obtained":["Madness","Madness"]},{"damage_healed":11,"gold_gain":0,"player_choice":"Full Heal","damage_taken":0,"max_hp_gain":0,"max_hp_loss":0,"event_name":"Wheel of Change","floor":38,"gold_loss":0},{"damage_healed":0,"gold_gain":0,"player_choice":"Ignored","damage_taken":0,"max_hp_gain":0,"max_hp_loss":0,"event_name":"Mysterious Sphere","floor":47,"gold_loss":0},{"damage_healed":0,"gold_gain":0,"player_choice":"Fight","damage_taken":0,"max_hp_gain":0,"max_hp_loss":0,"event_name":"MindBloom","floor":48,"gold_loss":0}],"is_beta":false,"boss_relics":[{"not_picked":["Philosopher\u0027s Stone","Lizard Tail"],"picked":"Fusion Hammer"},{"not_picked":["Sozu","Coffee Dripper"],"picked":"Busted Crown"}],"items_purged_floors":[],"is_endless":false,"potions_floor_spawned":[2,3,7,14,16,18,21,23,29,39,40,41],"ascension_level":0}