{"path_per_floor":["M","M","M","M","$","E","R","M","T","M","M","M","M","?","R","B",null,"M","?","$","?","?","E","M","M","T"],"character_chosen":"THE_SILENT","items_purchased":["Poisoned Stab","Poisoned Stab","Bouncing Flask"],"gold_per_floor":[10,28,47,67,21,49,49,65,89,104,116,136,147,147,147,242,242,257,257,53,53,53,78,89,109,155,155],"floor_reached":27,"campfire_rested":1,"playtime":1685,"current_hp_per_floor":[58,58,56,54,54,26,47,36,36,36,36,36,36,36,36,16,70,55,55,55,55,39,33,25,24,24,0],"items_purged":["Strike_G"],"gold":155,"score":265,"play_id":"493b3176-ceea-4d2c-85bb-361d70d4139a","local_time":"20180324140405","is_prod":false,"is_daily":false,"is_ascension_mode":false,"campfire_upgraded":1,"timestamp":1521914645,"path_taken":["M","M","M","?","?","E","R","M","T","M","M","?","M","?","R","BOSS","M","?","$","?","?","E","?","M","T","E"],"build_version":"2018-03-22v2","purchased_purges":1,"victory":false,"master_deck":["Defend_G","Defend_G","Defend_G","Defend_G","Defend_G","Strike_G","Strike_G","Strike_G","Strike_G","Survivor","Neutralize","Night Terror","Dagger Throw","Bouncing Flask","Bane","Dagger Throw","Poisoned Stab+1","Backflip","Bouncing Flask","Poisoned Stab+1","Deadly Poison","Die Die Die","Poisoned Stab","Bouncing Flask","Quick Slash+1","Heel Hook","Poisoned Stab"],"max_hp_per_floor":[70,70,70,70,70,70,70,70,70,70,70,70,70,70,70,70,70,70,70,70,70,70,70,70,70,70,70],"relics":["Ring of the Snake","Ninja Scroll","Pen Nib","Black Star","Enchiridion","Ice Cream","Thread and Needle","Bag of Preparation"],"card_choices":[{"not_picked":["Corpse Explosion","Storm of Steel"],"picked":"Night Terror","floor":0},{"not_picked":["Skewer","Cloak And Dagger"],"picked":"Dagger Throw","floor":1},{"not_picked":["Outmaneuver","Accuracy"],"picked":"Bouncing Flask","floor":2},{"not_picked":["Dodge and Roll","Dagger Throw"],"picked":"Bane","floor":3},{"not_picked":["Deflect","Well Laid Plans"],"picked":"Dagger Throw","floor":4},{"not_picked":["Predator","Dagger Spray"],"picked":"Backflip","floor":6},{"not_picked":["Slice","Dagger Spray"],"picked":"Bouncing Flask","floor":8},{"not_picked":["Corpse Explosion","Eviscerate"],"picked":"Poisoned Stab","floor":11},{"not_picked":["PiercingWail","Dagger Spray"],"picked":"Deadly Poison","floor":13},{"not_picked":["Corpse Explosion","Phantasmal Killer"],"picked":"Die Die Die","floor":16},{"not_picked":["Footwork","Deflect"],"picked":"Quick Slash","floor":23},{"not_picked":["Flechettes","Crippling Poison"],"picked":"Heel Hook","floor":24},{"not_picked":["Outmaneuver","Crippling Poison"],"picked":"Poisoned Stab","floor":25}],"player_experience":28365,"potions_floor_usage":[27,27,27],"damage_taken":[{"damage":12,"enemies":"Cultist","floor":1,"turns":5},{"damage":0,"enemies":"2 Louse","floor":2,"turns":2},{"damage":2,"enemies":"Small Slimes","floor":3,"turns":3},{"damage":2,"enemies":"Looter","floor":4,"turns":3},{"damage":28,"enemies":"Gremlin Nob","floor":6,"turns":5},{"damage":11,"enemies":"Lots of Slimes","floor":8,"turns":3},{"damage":0,"enemies":"Blue Slaver","floor":10,"turns":3},{"damage":0,"enemies":"2 Fungi Beasts","floor":11,"turns":2},{"damage":0,"enemies":"Exordium Wildlife","floor":12,"turns":2},{"damage":0,"enemies":"Blue Slaver","floor":13,"turns":2},{"damage":20,"enemies":"Hexaghost","floor":16,"turns":9},{"damage":15,"enemies":"2 Thieves","floor":18,"turns":5},{"damage":6,"enemies":"Gremlin Leader","floor":23,"turns":5},{"damage":8,"enemies":"Shell Parasite","floor":24,"turns":4},{"damage":1,"enemies":"3 Cultists","floor":25,"turns":3},{"damage":25,"enemies":"Book of Stabbing","floor":27,"turns":5}],"event_choices":[{"event_name":"Upgrade Shrine","player_choice":"Upgraded","floor":14,"damage_taken":0},{"event_name":"The Woman in Blue","player_choice":"Bought 0 Potions","floor":19,"damage_taken":0},{"event_name":"Addict","player_choice":"Ignored","floor":21,"damage_taken":0},{"event_name":"Cursed Tome","player_choice":"Obtained Book","floor":22,"damage_taken":0}],"boss_relics":[{"not_picked":["Tiny House","Runic Dome"],"picked":"Black Star"}],"potions_floor_spawned":[1,3,10,11,24],"seed_played":"1335517007334446134","killed_by":"Book of Stabbing","ascension_level":0,"is_trial":false}