{"gold_per_floor":[217,233,233,233,233,233,244,244,293,303,303,26,52,79,79,175,175,189,189,177,177],"floor_reached":21,"playtime":2618,"items_purged":["Strike_R"],"score":186,"play_id":"1a509ed3-a153-488c-aae4-07d6eb51240a","local_time":"20190309130645","is_ascension_mode":true,"campfire_choices":[{"data":"Clothesline","floor":6.0,"key":"SMITH"},{"data":"Bash","floor":8.0,"key":"SMITH"},{"floor":11.0,"key":"RECALL"},{"data":"True Grit","floor":15.0,"key":"SMITH"}],"neow_cost":"NONE","seed_source_timestamp":0,"circlet_count":0,"master_deck":["Strike_R","Strike_R","Strike_R","Strike_R","Defend_R","Defend_R+1","Defend_R+1","Bash+1","Clothesline+1","True Grit+1","Juggernaut","True Grit"],"special_seed":0,"relics":["Burning Blood","Boot","PreservedInsect","Unceasing Top","War Paint","Lizard Tail"],"potions_floor_usage":[20,20,20],"damage_taken":[{"damage":7.0,"enemies":"2 Louse","floor":1.0,"turns":3.0},{"damage":3.0,"enemies":"Small Slimes","floor":2.0,"turns":3.0},{"damage":6.0,"enemies":"Jaw Worm","floor":7.0,"turns":4.0},{"damage":2.0,"enemies":"Exordium Wildlife","floor":10.0,"turns":4.0},{"damage":5.0,"enemies":"3 Sentries","floor":13.0,"turns":7.0},{"damage":40.0,"enemies":"The Guardian","floor":16.0,"turns":15.0},{"damage":29.0,"enemies":"Spheric Guardian","floor":18.0,"turns":8.0},{"damage":15,"enemies":"2 Thieves","floor":20,"turns":4},{"damage":120,"enemies":"3 Cultists","floor":21,"turns":8}],"seed_played":"8811334137657591044","potions_obtained":[{"floor":10.0,"key":"Fire Potion"},{"floor":13.0,"key":"Explosive Potion"},{"floor":19.0,"key":"FearPotion"},{"floor":19.0,"key":"EssenceOfSteel"},{"floor":19.0,"key":"LiquidBronze"}],"is_trial":false,"path_per_floor":["M","M","?","?","?","R","M","R","T","M","R","$","E","T","R","B",null,"M","?","M","M"],"character_chosen":"IRONCLAD","items_purchased":["PreservedInsect","Block Potion"],"campfire_rested":0,"item_purchase_floors":[12,12],"current_hp_per_floor":[79,80,73,78,78,78,78,78,78,82,82,82,83,83,83,49,85,62,62,53,0],"gold":177,"neow_bonus":"HUNDRED_GOLD","is_prod":false,"is_daily":false,"chose_seed":false,"campfire_upgraded":3,"win_rate":0,"timestamp":1552154805,"path_taken":["M","M","?","?","?","R","?","R","T","M","R","$","E","?","R","BOSS","M","?","M","M"],"build_version":"2019-01-23","purchased_purges":1,"victory":false,"max_hp_per_floor":[80,80,80,85,85,85,85,85,85,85,85,85,85,85,85,85,85,85,85,85,85],"card_choices":[{"not_picked":["Thunderclap","Entrench"],"picked":"Clothesline","floor":1.0},{"not_picked":["Flex","Wild Strike","Burning Pact"],"picked":"SKIP","floor":2.0},{"not_picked":["Burning Pact","Searing Blow","Havoc"],"picked":"SKIP","floor":7.0},{"not_picked":["Burning Pact","Searing Blow","Havoc"],"picked":"SKIP","floor":7.0},{"not_picked":["Wild Strike","Sever Soul","Searing Blow"],"picked":"SKIP","floor":10.0},{"not_picked":["Wild Strike","Sever Soul","Searing Blow"],"picked":"SKIP","floor":10.0},{"not_picked":["Feel No Pain","Pummel"],"picked":"True Grit","floor":13.0},{"not_picked":["Feed","Brutality"],"picked":"Juggernaut","floor":16.0},{"not_picked":["Flame Barrier","Inflame"],"picked":"True Grit","floor":18.0},{"not_picked":["Burning Pact+1","Warcry","Armaments"],"picked":"SKIP","floor":20}],"player_experience":277699,"relics_obtained":[{"floor":9.0,"key":"Boot"},{"floor":13.0,"key":"Unceasing Top"},{"floor":14.0,"key":"War Paint"}],"event_choices":[{"cards_removed":["Defend_R"],"damage_healed":0.0,"max_hp_gain":0.0,"max_hp_loss":0.0,"gold_gain":0.0,"event_name":"Golden Wing","player_choice":"Card Removal","floor":3.0,"gold_loss":0.0,"damage_taken":7.0},{"damage_healed":0.0,"max_hp_gain":5.0,"max_hp_loss":0.0,"gold_gain":0.0,"event_name":"Big Fish","player_choice":"Donut","floor":4.0,"gold_loss":0.0,"damage_taken":0.0},{"damage_healed":0.0,"max_hp_gain":0.0,"max_hp_loss":0.0,"gold_gain":0.0,"event_name":"Golden Idol","player_choice":"Ignored","floor":5.0,"gold_loss":0.0,"damage_taken":0.0},{"damage_healed":0.0,"max_hp_gain":0.0,"max_hp_loss":0.0,"gold_gain":0.0,"event_name":"Lab","player_choice":"Got Potions","floor":19.0,"gold_loss":0.0,"damage_taken":0.0}],"is_beta":false,"boss_relics":[{"not_picked":["Black Blood","Black Star"],"picked":"Lizard Tail"}],"items_purged_floors":[12],"is_endless":false,"potions_floor_spawned":[10,13],"killed_by":"3 Cultists","ascension_level":1}