{"gold_per_floor":[116,0,0,12,43,55,87,110,172,184,231,243,290,312,324,413,425,456,388],"floor_reached":19,"playtime":1423,"items_purged":["Decay"],"score":327,"play_id":"1cdda2bc-9ab1-4150-9b17-8aa55f84f4ed","local_time":"20190225191828","is_ascension_mode":true,"campfire_choices":[{"data":"Deadly Poison","floor":6,"key":"SMITH"},{"data":"Noxious Fumes","floor":10,"key":"SMITH"},{"floor":12,"key":"REST"},{"floor":15,"key":"REST"}],"neow_cost":"CURSE","seed_source_timestamp":361082811023175,"circlet_count":0,"master_deck":["AscendersBane","Defend_G","Defend_G","Defend_G","Defend_G","Defend_G","Strike_G","Strike_G+1","Strike_G","Strike_G","Strike_G","Survivor","Neutralize+1","Deadly Poison+1","Well Laid Plans","Outmaneuver","Die Die Die","Dagger Spray","Noxious Fumes+1","Leg Sweep","Bane","Backstab","Deadly Poison","Malaise","Backflip","Deadly Poison"],"relics":["Ring of the Snake","Prayer Wheel","MawBank","Whetstone","Kunai","Singing Bowl","Cursed Key"],"potions_floor_usage":[11,16],"damage_taken":[{"damage":9,"enemies":"Jaw Worm","floor":1,"turns":9},{"damage":3,"enemies":"Cultist","floor":5,"turns":4},{"damage":4,"enemies":"Small Slimes","floor":7,"turns":4},{"damage":7,"enemies":"Blue Slaver","floor":8,"turns":4},{"damage":32,"enemies":"Gremlin Nob","floor":11,"turns":6},{"damage":6,"enemies":"Lagavulin","floor":13,"turns":6},{"damage":8,"enemies":"Gremlin Gang","floor":14,"turns":3},{"damage":5,"enemies":"Hexaghost","floor":16,"turns":8},{"damage":33,"enemies":"Spheric Guardian","floor":18,"turns":6},{"damage":25,"enemies":"2 Thieves","floor":19,"turns":2}],"seed_played":"1557299993124524097","potions_obtained":[{"floor":5,"key":"PowerPotion"},{"floor":8,"key":"Dexterity Potion"},{"floor":13,"key":"Dexterity Potion"}],"is_trial":false,"path_per_floor":["M","$","?","$","M","R","M","M","T","R","E","R","E","M","R","B",null,"M","M"],"character_chosen":"THE_SILENT","items_purchased":["Well Laid Plans"],"campfire_rested":2,"item_purchase_floors":[2],"current_hp_per_floor":[50,50,50,50,47,47,43,36,36,36,4,23,17,11,31,26,58,25,0],"gold":388,"neow_bonus":"ONE_RARE_RELIC","is_prod":false,"is_daily":false,"chose_seed":false,"campfire_upgraded":2,"win_rate":0,"timestamp":1551118708,"path_taken":["M","$","?","?","M","R","M","?","T","R","E","R","E","M","R","BOSS","M","M"],"build_version":"2019-02-06","purchased_purges":1,"victory":false,"max_hp_per_floor":[66,66,66,66,66,66,66,66,66,66,66,66,66,68,68,68,68,68,68],"card_choices":[{"not_picked":["Predator","Infinite Blades"],"picked":"Deadly Poison","floor":1},{"not_picked":["Slice","Reflex"],"picked":"Poisoned Stab","floor":1},{"not_picked":["Dagger Throw","Underhanded Strike"],"picked":"Outmaneuver","floor":5},{"not_picked":["Flying Knee","Sucker Punch","Well Laid Plans"],"picked":"SKIP","floor":5},{"not_picked":["Setup","Skewer"],"picked":"Die Die Die","floor":7},{"not_picked":["Tactician","Flying Knee"],"picked":"Dagger Spray","floor":7},{"not_picked":["Deflect","Heel Hook"],"picked":"Noxious Fumes","floor":8},{"not_picked":["Distraction","Underhanded Strike"],"picked":"Leg Sweep","floor":8},{"not_picked":["Grand Finale","Infinite Blades"],"picked":"Bane","floor":11},{"not_picked":["Backflip","Leg Sweep"],"picked":"Backstab","floor":13},{"not_picked":["Well Laid Plans","Sucker Punch"],"picked":"Deadly Poison","floor":14},{"not_picked":["Bane","Masterful Stab","Caltrops"],"picked":"Singing Bowl","floor":14},{"not_picked":["Die Die Die","Tools of the Trade"],"picked":"Malaise","floor":16},{"not_picked":["Dodge and Roll","Cloak And Dagger"],"picked":"Backflip","floor":18},{"not_picked":["Masterful Stab+1","Poisoned Stab"],"picked":"Deadly Poison","floor":18}],"player_experience":814153,"relics_obtained":[{"floor":9,"key":"Whetstone"},{"floor":11,"key":"Kunai"},{"floor":13,"key":"Singing Bowl"}],"event_choices":[{"cards_removed":["Poisoned Stab"],"damage_healed":0,"gold_gain":0,"player_choice":"Gave Card","damage_taken":0,"relics_obtained":["MawBank"],"max_hp_gain":0,"max_hp_loss":0,"event_name":"WeMeetAgain","floor":3,"gold_loss":0}],"is_beta":true,"boss_relics":[{"not_picked":["Lizard Tail","White Beast Statue"],"picked":"Cursed Key"}],"items_purged_floors":[2],"is_endless":false,"potions_floor_spawned":[5,8,13],"killed_by":"2 Thieves","ascension_level":17}