{"gold_per_floor":[119,119,45,145,162,162,172,198,198,230,180,194,194,205,205,306,306,317,317,330,330,69,69,79,98,98,112,132,132,132,148,148,253,253,273,273,288,129,129,129,154,171,171,171,184,184,201,236,236,236],"floor_reached":51,"playtime":6146,"items_purged":["Strike_G+1"],"score":972,"play_id":"32243847-1383-490b-8f81-c36b92ea748d","local_time":"20190223133949","is_ascension_mode":true,"campfire_choices":[{"data":"Neutralize","floor":6.0,"key":"SMITH"},{"data":"Footwork","floor":13.0,"key":"SMITH"},{"data":"Noxious Fumes","floor":15.0,"key":"SMITH"},{"data":"Catalyst","floor":23.0,"key":"SMITH"},{"data":"Burst","floor":32.0,"key":"SMITH"},{"data":"Noxious Fumes","floor":40,"key":"SMITH"},{"data":"Crippling Poison","floor":44,"key":"SMITH"},{"data":"Footwork","floor":49,"key":"SMITH"}],"neow_cost":"NONE","seed_source_timestamp":0,"circlet_count":0,"master_deck":["Defend_G+1","Defend_G+1","Defend_G+1","Defend_G+1","Defend_G+1","Strike_G+1","Strike_G+1","Survivor","Neutralize+1","Deadly Poison","Noxious Fumes+1","Catalyst+1","Quick Slash","Dagger Spray+1","Footwork+1","Deflect","After Image","Backflip+1","Dodge and Roll","Cloak And Dagger","Burst+1","Sucker Punch+1","Tools of the Trade","Caltrops+1","Noxious Fumes+1","Dodge and Roll","Crippling Poison+1","Footwork+1","Cloak And Dagger+1"],"special_seed":0,"relics":["Ring of the Snake","Molten Egg 2","Meat on the Bone","Ornamental Fan","Runic Pyramid","Nilry\u0027s Codex","Bottled Tornado","Mercury Hourglass","Sundial","Cursed Key","Kunai","FossilizedHelix"],"potions_floor_usage":[50,50],"damage_taken":[{"damage":0.0,"enemies":"Small Slimes","floor":1.0,"turns":6.0},{"damage":0.0,"enemies":"Cultist","floor":5.0,"turns":3.0},{"damage":2.0,"enemies":"Jaw Worm","floor":7.0,"turns":4.0},{"damage":9.0,"enemies":"Lagavulin","floor":8.0,"turns":5.0},{"damage":17.0,"enemies":"3 Sentries","floor":10.0,"turns":7.0},{"damage":0.0,"enemies":"Blue Slaver","floor":12.0,"turns":5.0},{"damage":1.0,"enemies":"3 Louse","floor":14.0,"turns":2.0},{"damage":15.0,"enemies":"The Guardian","floor":16.0,"turns":9.0},{"damage":4.0,"enemies":"2 Thieves","floor":18.0,"turns":5.0},{"damage":1.0,"enemies":"Chosen","floor":20.0,"turns":8.0},{"damage":28.0,"enemies":"3 Cultists","floor":24.0,"turns":6.0},{"damage":0.0,"enemies":"Snecko","floor":25.0,"turns":8.0},{"damage":0.0,"enemies":"Centurion and Healer","floor":27.0,"turns":8.0},{"damage":4.0,"enemies":"Sentry and Sphere","floor":28.0,"turns":8.0},{"damage":0.0,"enemies":"Snecko","floor":31.0,"turns":6.0},{"damage":8.0,"enemies":"Collector","floor":33.0,"turns":8.0},{"damage":9,"enemies":"3 Darklings","floor":35,"turns":6},{"damage":0,"enemies":"3 Shapes","floor":37,"turns":6},{"damage":6,"enemies":"Reptomancer","floor":41,"turns":6},{"damage":0,"enemies":"Writhing Mass","floor":42,"turns":6},{"damage":0,"enemies":"Jaw Worm Horde","floor":45,"turns":3},{"damage":18,"enemies":"Sphere and 2 Shapes","floor":47,"turns":6},{"damage":6,"enemies":"Giant Head","floor":48,"turns":6},{"damage":4,"enemies":"Donu and Deca","floor":50,"turns":8}],"seed_played":"-7641860294239536157","potions_obtained":[{"floor":0.0,"key":"Fire Potion"},{"floor":0.0,"key":"Swift Potion"},{"floor":0.0,"key":"SteroidPotion"},{"floor":8.0,"key":"Energy Potion"},{"floor":10.0,"key":"Block Potion"},{"floor":14.0,"key":"Poison Potion"},{"floor":31.0,"key":"Ancient Potion"},{"floor":33.0,"key":"Ancient Potion"},{"floor":35,"key":"Ancient Potion"},{"floor":48,"key":"Block Potion"}],"is_trial":false,"path_per_floor":["M","?","$","?","M","R","M","E","T","E","?","M","R","M","R","B",null,"M","?","M","?","$","R","M","M","T","M","M","T","?","M","R","B",null,"M","?","M","$","?","R","E","M","T","R","M","?","M","E","R","B",null],"character_chosen":"THE_SILENT","items_purchased":["Noxious Fumes","Bottled Tornado","Noxious Fumes","Dodge and Roll"],"campfire_rested":0,"item_purchase_floors":[3,22,38,38],"current_hp_per_floor":[63,49,49,49,49,49,47,38,38,33,33,45,45,44,44,41,63,59,43,42,42,42,42,26,38,38,38,46,46,46,46,46,38,62,53,53,53,53,53,53,47,47,47,47,47,47,41,47,47,43],"gold":236,"neow_bonus":"THREE_SMALL_POTIONS","is_prod":false,"is_daily":false,"chose_seed":false,"campfire_upgraded":8,"win_rate":0,"timestamp":1550889589,"path_taken":["M","?","$","?","?","R","M","E","T","E","?","M","R","M","R","BOSS","M","?","M","?","$","R","M","M","T","M","M","?","?","M","R","BOSS","M","?","M","$","?","R","E","M","T","R","M","?","?","E","R","BOSS"],"build_version":"2019-01-23","purchased_purges":1,"victory":true,"max_hp_per_floor":[70,70,70,70,70,70,70,70,70,70,70,70,70,70,70,70,70,70,70,70,70,70,70,70,70,70,70,70,70,70,70,70,70,70,70,70,70,70,70,70,70,70,70,70,70,70,70,70,70,70],"card_choices":[{"not_picked":["Poisoned Stab","Eviscerate"],"picked":"Deadly Poison","floor":1.0},{"not_picked":["Outmaneuver","Blur"],"picked":"Catalyst","floor":5.0},{"not_picked":["Cloak And Dagger","Outmaneuver"],"picked":"Quick Slash","floor":7.0},{"not_picked":["Slice","Sucker Punch"],"picked":"Dagger Spray","floor":8.0},{"not_picked":["Outmaneuver","Doppelganger"],"picked":"Footwork","floor":10.0},{"not_picked":["Outmaneuver","Bane+1"],"picked":"Deflect","floor":12.0},{"not_picked":["Acrobatics","Flying Knee+1","Bane+1"],"picked":"SKIP","floor":14.0},{"not_picked":["Night Terror","Malaise"],"picked":"After Image","floor":16.0},{"not_picked":["Poisoned Stab+1","Dagger Spray+1"],"picked":"Backflip+1","floor":18.0},{"not_picked":["Deflect+1","Bane+1"],"picked":"Dodge and Roll","floor":20.0},{"not_picked":["Deadly Poison","Acrobatics"],"picked":"Cloak And Dagger","floor":24.0},{"not_picked":["Flying Knee+1","Dagger Spray+1"],"picked":"Burst","floor":25.0},{"not_picked":["Bouncing Flask","Backstab+1"],"picked":"Sucker Punch+1","floor":27.0},{"not_picked":["Finisher+1","Outmaneuver","Deadly Poison+1"],"picked":"SKIP","floor":28.0},{"not_picked":["Flying Knee+1","Dagger Spray+1","Blade Dance"],"picked":"SKIP","floor":31.0},{"not_picked":["A Thousand Cuts","Envenom"],"picked":"Tools of the Trade","floor":33.0},{"not_picked":["Bane+1","Underhanded Strike+1","Quick Slash+1"],"picked":"SKIP","floor":35},{"not_picked":["Dagger Spray+1","Dagger Throw+1"],"picked":"Caltrops+1","floor":37},{"not_picked":["Concentrate","Eviscerate+1"],"picked":"Crippling Poison","floor":41},{"not_picked":["Cloak And Dagger+1","Acrobatics","Dagger Spray+1"],"picked":"SKIP","floor":42},{"not_picked":["Caltrops+1","Flying Knee+1"],"picked":"Footwork","floor":45},{"not_picked":["Backflip","Underhanded Strike+1","A Thousand Cuts"],"picked":"SKIP","floor":47},{"not_picked":["Sucker Punch+1","Acrobatics+1"],"picked":"Cloak And Dagger+1","floor":48}],"player_experience":752736,"relics_obtained":[{"floor":8.0,"key":"Molten Egg 2"},{"floor":9.0,"key":"Meat on the Bone"},{"floor":10.0,"key":"Ornamental Fan"},{"floor":19.0,"key":"Nilry\u0027s Codex"},{"floor":26.0,"key":"Mercury Hourglass"},{"floor":29.0,"key":"Sundial"},{"floor":41,"key":"Kunai"},{"floor":48,"key":"FossilizedHelix"}],"event_choices":[{"damage_healed":0.0,"max_hp_gain":0.0,"max_hp_loss":0.0,"gold_gain":0.0,"event_name":"Shining Light","player_choice":"Entered Light","floor":2.0,"gold_loss":0.0,"damage_taken":14.0,"cards_upgraded":["Defend_G","Defend_G"]},{"damage_healed":0.0,"max_hp_gain":0.0,"max_hp_loss":0.0,"gold_gain":100.0,"event_name":"Golden Shrine","player_choice":"Pray","floor":4.0,"gold_loss":0.0,"damage_taken":0.0},{"cards_removed":["Strike_G"],"damage_healed":0.0,"max_hp_gain":0.0,"max_hp_loss":0.0,"gold_gain":0.0,"event_name":"The Cleric","player_choice":"Card Removal","floor":11.0,"gold_loss":50.0,"damage_taken":0.0},{"damage_healed":0.0,"max_hp_gain":0.0,"max_hp_loss":0.0,"gold_gain":0.0,"event_name":"Cursed Tome","player_choice":"Obtained Book","floor":19.0,"gold_loss":0.0,"damage_taken":16.0},{"damage_healed":0.0,"max_hp_gain":0.0,"max_hp_loss":0.0,"gold_gain":0.0,"event_name":"Vampires","player_choice":"Ignored","floor":21.0,"gold_loss":0.0,"damage_taken":0.0},{"damage_healed":0.0,"max_hp_gain":0.0,"max_hp_loss":0.0,"gold_gain":0.0,"event_name":"Back to Basics","player_choice":"Simplicity","floor":30.0,"gold_loss":0.0,"damage_taken":0.0,"cards_upgraded":["Defend_G","Defend_G","Defend_G","Strike_G","Strike_G","Strike_G","Strike_G"]},{"damage_healed":0,"gold_gain":0,"player_choice":"Ignored","damage_taken":0,"max_hp_gain":0,"max_hp_loss":0,"event_name":"Tomb of Lord Red Mask","floor":36,"gold_loss":0},{"cards_removed":["Strike_G"],"damage_healed":0,"gold_gain":0,"player_choice":"Removed Attack","damage_taken":0,"max_hp_gain":0,"max_hp_loss":0,"event_name":"Falling","floor":39,"gold_loss":0},{"damage_healed":0,"gold_gain":0,"player_choice":"Ignored","damage_taken":0,"max_hp_gain":0,"max_hp_loss":0,"event_name":"SecretPortal","floor":46,"gold_loss":0}],"is_beta":false,"boss_relics":[{"not_picked":["Coffee Dripper","Velvet Choker"],"picked":"Runic Pyramid"},{"not_picked":["Eternal Feather","Orrery"],"picked":"Cursed Key"}],"items_purged_floors":[38],"is_endless":false,"potions_floor_spawned":[1,8,10,14,31,33,35,47,48],"ascension_level":8}