{"gold_per_floor":[113,132,144,219,233,233,233,243,243,257,257,257],"floor_reached":12,"playtime":493,"items_purged":[],"score":130,"play_id":"5a4f9e22-d0a8-4213-b4bd-a4b1af54d28e","local_time":"20190216214020","is_ascension_mode":true,"campfire_choices":[{"data":"Phantasmal Killer","floor":6,"key":"SMITH"}],"neow_cost":"NONE","seed_source_timestamp":46891827398046,"circlet_count":0,"master_deck":["AscendersBane","Defend_G","Defend_G","Defend_G","Defend_G","Defend_G","Strike_G","Strike_G","Strike_G","Strike_G","Strike_G","Survivor","Neutralize","Phantasmal Killer+1","Deflect","Slice","Deadly Poison","Endless Agony","Dash"],"relics":["Ring of the Snake","Dead Branch","Paper Crane"],"potions_floor_usage":[12],"damage_taken":[{"damage":0,"enemies":"Cultist","floor":1,"turns":5},{"damage":0,"enemies":"Jaw Worm","floor":2,"turns":6},{"damage":0,"enemies":"2 Louse","floor":3,"turns":7},{"damage":9,"enemies":"Large Slime","floor":5,"turns":6},{"damage":7,"enemies":"Blue Slaver","floor":8,"turns":4},{"damage":0,"enemies":"Looter","floor":10,"turns":3},{"damage":26,"enemies":"Gremlin Nob","floor":12,"turns":3}],"seed_played":"-9086132908840466759","potions_obtained":[{"floor":3,"key":"SkillPotion"}],"is_trial":false,"path_per_floor":["M","M","M","?","M","R","?","M","T","M","?","E"],"character_chosen":"THE_SILENT","items_purchased":[],"campfire_rested":0,"item_purchase_floors":[],"current_hp_per_floor":[59,59,59,48,39,39,39,32,32,32,14,0],"gold":257,"neow_bonus":"ONE_RANDOM_RARE_CARD","is_prod":false,"is_daily":false,"chose_seed":false,"campfire_upgraded":1,"win_rate":0,"timestamp":1550349620,"path_taken":["M","?","M","?","M","R","?","M","T","M","?","E"],"build_version":"2019-02-06","purchased_purges":0,"victory":false,"max_hp_per_floor":[66,66,66,66,66,66,66,66,66,66,66,66],"card_choices":[{"not_picked":["Dodge and Roll","All Out Attack"],"picked":"Deflect","floor":1},{"not_picked":["Crippling Poison","PiercingWail"],"picked":"Slice","floor":2},{"not_picked":["Dagger Throw","Bane"],"picked":"Deadly Poison","floor":3},{"not_picked":["Dagger Throw","Terror"],"picked":"Endless Agony","floor":5},{"not_picked":["Eviscerate","Prepared","Quick Slash"],"picked":"SKIP","floor":8},{"not_picked":["Underhanded Strike","Quick Slash"],"picked":"Dash","floor":10}],"player_experience":796861,"relics_obtained":[{"floor":9,"key":"Dead Branch"}],"event_choices":[{"damage_healed":0,"gold_gain":75,"player_choice":"Gather Gold","damage_taken":11,"max_hp_gain":0,"max_hp_loss":0,"event_name":"World of Goop","floor":4,"gold_loss":0},{"damage_healed":0,"gold_gain":0,"player_choice":"Ignored","damage_taken":0,"max_hp_gain":0,"max_hp_loss":0,"event_name":"Liars Game","floor":7,"gold_loss":0},{"damage_healed":0,"gold_gain":0,"player_choice":"Success","damage_taken":18,"relics_obtained":["Paper Crane"],"max_hp_gain":0,"max_hp_loss":0,"event_name":"Scrap Ooze","floor":11,"gold_loss":0}],"is_beta":true,"boss_relics":[],"items_purged_floors":[],"is_endless":false,"potions_floor_spawned":[3],"killed_by":"Gremlin Nob","ascension_level":16}