{"gold_per_floor":[109,124,124,124,143,143,155,190,190,203,203,221,221,13,13,87,87,105,89,14,34,34,34,46,46,99,99,127,127,127,142,142,214,214,231,231,16,16,16,16,29,55,55,55],"floor_reached":44,"playtime":2892,"items_purged":["Defend_B"],"score":752,"play_id":"a700c5fc-fbab-4a9e-9726-898e998c9b34","local_time":"20190125160218","is_ascension_mode":true,"campfire_choices":[{"data":"Zap","floor":6.0,"key":"SMITH"},{"floor":11.0,"key":"REST"},{"floor":15.0,"key":"REST"},{"data":"Seek","floor":23.0,"key":"SMITH"},{"data":"RitualDagger","floor":27.0,"key":"SMITH"},{"floor":29.0,"key":"REST"},{"data":"Coolheaded","floor":32.0,"key":"SMITH"},{"data":"Echo Form","floor":40,"key":"SMITH"}],"neow_cost":"NONE","seed_source_timestamp":0,"circlet_count":0,"master_deck":["AscendersBane","Strike_B","Strike_B+1","Defend_B","Defend_B+1","Zap+1","Dualcast","Hello World","Go for the Eyes","Coolheaded+1","Seek+1","Conserve Battery+1","Compile Driver","Conserve Battery+1","Self Repair","Coolheaded+1","Echo Form+1","Conserve Battery+1","Fusion+1","RitualDagger+1","Skim+1","Cold Snap","Rainbow+1","White Noise+1","Self Repair"],"special_seed":0,"relics":["Cracked Core","Regal Pillow","Toxic Egg 2","Calipers","White Beast Statue","Cables","Vajra","PreservedInsect","Eternal Feather","Art of War","Bag of Preparation"],"potions_floor_usage":[41,42,44],"damage_taken":[{"damage":7.0,"enemies":"Jaw Worm","floor":1.0,"turns":3.0},{"damage":1.0,"enemies":"Cultist","floor":2.0,"turns":3.0},{"damage":15.0,"enemies":"2 Louse","floor":5.0,"turns":2.0},{"damage":1.0,"enemies":"Looter","floor":7.0,"turns":3.0},{"damage":16.0,"enemies":"Gremlin Nob","floor":8.0,"turns":3.0},{"damage":6.0,"enemies":"Large Slime","floor":10.0,"turns":5.0},{"damage":3.0,"enemies":"2 Fungi Beasts","floor":12.0,"turns":3.0},{"damage":43.0,"enemies":"Slime Boss","floor":16.0,"turns":15.0},{"damage":22.0,"enemies":"3 Byrds","floor":18.0,"turns":6.0},{"damage":20.0,"enemies":"2 Thieves","floor":19.0,"turns":5.0},{"damage":3.0,"enemies":"Centurion and Healer","floor":21.0,"turns":10.0},{"damage":14.0,"enemies":"Snake Plant","floor":24.0,"turns":7.0},{"damage":31.0,"enemies":"Book of Stabbing","floor":28.0,"turns":8.0},{"damage":18.0,"enemies":"Snecko","floor":31.0,"turns":7.0},{"damage":41.0,"enemies":"Champ","floor":33.0,"turns":17.0},{"damage":43,"enemies":"3 Shapes","floor":35,"turns":5},{"damage":25,"enemies":"3 Darklings","floor":41,"turns":12},{"damage":21,"enemies":"Nemesis","floor":42,"turns":9},{"damage":44,"enemies":"Jaw Worm Horde","floor":44,"turns":3}],"seed_played":"-729370331103885010","potions_obtained":[{"floor":1.0,"key":"Explosive Potion"},{"floor":5.0,"key":"Dexterity Potion"},{"floor":10.0,"key":"Weak Potion"},{"floor":12.0,"key":"Fruit Juice"},{"floor":16.0,"key":"Dexterity Potion"},{"floor":28.0,"key":"SmokeBomb"},{"floor":35,"key":"Explosive Potion"},{"floor":41,"key":"Fruit Juice"},{"floor":42,"key":"EssenceOfSteel"}],"is_trial":false,"path_per_floor":["M","M","?","?","M","R","M","E","T","M","R","M","?","$","R","B",null,"M","M","?","M","?","R","M","?","T","R","E","R","?","M","R","B",null,"M","?","$","?","?","R","M","E","T","M"],"character_chosen":"DEFECT","items_purchased":["Conserve Battery+1","Self Repair","Coolheaded+1","White Noise+1","Art of War"],"campfire_rested":3,"item_purchase_floors":[14,14,14,37,37],"current_hp_per_floor":[61,60,45,45,30,30,29,13,13,7,44,46,28,28,67,31,68,53,47,47,58,58,58,58,52,52,52,28,67,67,56,56,22,66,30,30,30,30,30,42,36,29,29,0],"gold":55,"neow_bonus":"REMOVE_CARD","is_prod":false,"is_daily":false,"chose_seed":false,"campfire_upgraded":5,"win_rate":0,"timestamp":1548428538,"path_taken":["M","M","?","?","M","R","?","E","T","M","R","M","?","$","R","BOSS","M","M","?","M","?","R","M","?","T","R","E","R","?","M","R","BOSS","M","?","$","?","?","R","?","E","T","M"],"build_version":"2019-01-23","purchased_purges":1,"victory":false,"max_hp_per_floor":[75,75,75,75,75,75,75,75,75,75,75,80,80,80,80,80,80,80,80,80,80,80,80,80,80,80,80,80,80,80,80,80,80,80,80,80,80,76,76,76,81,81,81,81],"card_choices":[{"not_picked":["Reprogram","Steam Power","Melter"],"picked":"SKIP","floor":1.0},{"not_picked":["Turbo","Chaos","Compile Driver"],"picked":"SKIP","floor":2.0},{"not_picked":["Melter","Sweeping Beam"],"picked":"Go for the Eyes","floor":5.0},{"not_picked":["Hello World","Force Field"],"picked":"Coolheaded","floor":7.0},{"not_picked":["Loop","Compile Driver"],"picked":"Seek","floor":8.0},{"not_picked":["Streamline","Scrape"],"picked":"Conserve Battery+1","floor":10.0},{"not_picked":["Compile Driver","Barrage","Rebound"],"picked":"SKIP","floor":12.0},{"not_picked":["Barrage","Rebound"],"picked":"Compile Driver","floor":12.0},{"not_picked":["All For One","Electrodynamics"],"picked":"Echo Form","floor":16.0},{"not_picked":["Storm","Gash","Conserve Battery+1"],"picked":"SKIP","floor":18.0},{"not_picked":["BootSequence+1","Steam+1"],"picked":"Conserve Battery+1","floor":19.0},{"not_picked":["Reprogram+1","Leap+1"],"picked":"Fusion+1","floor":21.0},{"not_picked":["Stack+1","Auto Shields+1","Leap+1"],"picked":"SKIP","floor":24.0},{"not_picked":["Static Discharge","Go for the Eyes+1"],"picked":"Skim+1","floor":28.0},{"not_picked":["Storm","Leap+1","Biased Cognition"],"picked":"SKIP","floor":31.0},{"not_picked":["Hyperbeam","All For One"],"picked":"Rainbow+1","floor":33.0},{"not_picked":["Gash","Hologram+1","Undo+1"],"picked":"SKIP","floor":35},{"not_picked":["Ball Lightning+1","Rebound"],"picked":"Self Repair","floor":41},{"not_picked":["Redo+1","Self Repair","Steam+1"],"picked":"SKIP","floor":42}],"player_experience":629780,"relics_obtained":[{"floor":8.0,"key":"Regal Pillow"},{"floor":9.0,"key":"Toxic Egg 2"},{"floor":26.0,"key":"Vajra"},{"floor":28.0,"key":"PreservedInsect"},{"floor":42,"key":"Bag of Preparation"}],"event_choices":[{"damage_healed":0.0,"max_hp_gain":0.0,"max_hp_loss":0.0,"gold_gain":0.0,"event_name":"Shining Light","player_choice":"Entered Light","floor":3.0,"gold_loss":0.0,"damage_taken":15.0,"cards_upgraded":["Defend_B","Strike_B"]},{"damage_healed":0.0,"max_hp_gain":0.0,"max_hp_loss":0.0,"gold_gain":0.0,"cards_transformed":["Strike_B"],"event_name":"Transmorgrifier","player_choice":"Transformed","floor":4.0,"gold_loss":0.0,"damage_taken":0.0,"cards_obtained":["Hello World"]},{"damage_healed":0.0,"max_hp_gain":0.0,"max_hp_loss":0.0,"gold_gain":0.0,"event_name":"Scrap Ooze","player_choice":"Success","floor":13.0,"gold_loss":0.0,"damage_taken":18.0,"relics_obtained":["Calipers"]},{"cards_removed":["Strike_B"],"damage_healed":0.0,"max_hp_gain":0.0,"max_hp_loss":0.0,"gold_gain":0.0,"event_name":"Beggar","player_choice":"Gave Gold","floor":20.0,"gold_loss":75.0,"damage_taken":0.0},{"damage_healed":0.0,"max_hp_gain":0.0,"max_hp_loss":0.0,"gold_gain":0.0,"event_name":"The Mausoleum","player_choice":"Opened","floor":22.0,"gold_loss":0.0,"damage_taken":0.0,"relics_obtained":["Cables"]},{"damage_healed":0.0,"max_hp_gain":0.0,"max_hp_loss":0.0,"gold_gain":0.0,"event_name":"Nest","player_choice":"Joined the Cult","floor":25.0,"gold_loss":0.0,"damage_taken":6.0,"cards_obtained":["RitualDagger"]},{"damage_healed":0.0,"max_hp_gain":0.0,"max_hp_loss":0.0,"gold_gain":0.0,"event_name":"The Library","player_choice":"Read","floor":30.0,"gold_loss":0.0,"damage_taken":0.0,"cards_obtained":["Cold Snap"]},{"damage_healed":0,"gold_gain":0,"player_choice":"Ignored","damage_taken":0,"max_hp_gain":0,"max_hp_loss":0,"event_name":"Tomb of Lord Red Mask","floor":36,"gold_loss":0},{"damage_healed":0,"gold_gain":0,"player_choice":"Max HP","damage_taken":0,"max_hp_gain":0,"max_hp_loss":4,"event_name":"Winding Halls","floor":38,"gold_loss":0},{"damage_healed":0,"gold_gain":0,"player_choice":"Leave","damage_taken":0,"max_hp_gain":0,"max_hp_loss":0,"event_name":"FaceTrader","floor":39,"gold_loss":0}],"is_beta":true,"boss_relics":[{"not_picked":["Busted Crown","Calling Bell"],"picked":"White Beast Statue"},{"not_picked":["Runic Pyramid","Runic Dome"],"picked":"Eternal Feather"}],"items_purged_floors":[14],"is_endless":false,"potions_floor_spawned":[1,5,10,12,16,18,19,21,24,28,31,33,35,41,42],"killed_by":"Jaw Worm Horde","ascension_level":13}