{"gold_per_floor":[117,134,153,131,142,176,176,176,176,195,195,195,45,60,60,162,162,162,162,162,22,22,22,22,22,22,22,22,22,22,22,22,22],"floor_reached":33,"playtime":2424,"items_purged":["Strike_G","Strike_G"],"score":323,"play_id":"f86ad0c3-dad7-4f08-b4e8-326d8b919bda","local_time":"20190312192302","is_ascension_mode":true,"campfire_choices":[{"data":"Neutralize","floor":11,"key":"SMITH"},{"floor":15,"key":"REST"},{"floor":23,"key":"REST"},{"data":"Footwork","floor":25,"key":"SMITH"},{"floor":32,"key":"REST"}],"neow_cost":"NONE","seed_source_timestamp":262043849746825,"circlet_count":0,"master_deck":["Defend_G","Defend_G","Defend_G","Defend_G","Defend_G","Strike_G","Strike_G","Strike_G+1","Survivor+1","Neutralize+1","Noxious Fumes","Dagger Spray","PiercingWail","Infinite Blades","Deadly Poison","Footwork+1","Adrenaline","Noxious Fumes+1","Choke","Sucker Punch+1","A Thousand Cuts"],"relics":["Ring of the Snake","NeowsBlessing","Vajra","Regal Pillow","Ectoplasm","Meat on the Bone","Torii"],"potions_floor_usage":[6,19,33],"damage_taken":[{"damage":0,"enemies":"Jaw Worm","floor":1,"turns":1},{"damage":0,"enemies":"Small Slimes","floor":2,"turns":1},{"damage":0,"enemies":"2 Louse","floor":3,"turns":1},{"damage":1,"enemies":"Looter","floor":5,"turns":5},{"damage":47,"enemies":"Lagavulin","floor":6,"turns":11},{"damage":1,"enemies":"Lots of Slimes","floor":10,"turns":4},{"damage":1,"enemies":"Red Slaver","floor":14,"turns":5},{"damage":13,"enemies":"Hexaghost","floor":16,"turns":10},{"damage":5,"enemies":"Chosen","floor":18,"turns":4},{"damage":11,"enemies":"Spheric Guardian","floor":19,"turns":6},{"damage":21,"enemies":"Snecko","floor":20,"turns":7},{"damage":10,"enemies":"3 Cultists","floor":22,"turns":5},{"damage":38,"enemies":"Book of Stabbing","floor":24,"turns":6},{"damage":1,"enemies":"Shelled Parasite and Fungi","floor":28,"turns":7},{"damage":1,"enemies":"Snake Plant","floor":31,"turns":5},{"damage":88,"enemies":"Champ","floor":33,"turns":11}],"seed_played":"-2950793140148479897","potions_obtained":[{"floor":1,"key":"Block Potion"},{"floor":3,"key":"Ancient Potion"},{"floor":18,"key":"SteroidPotion"},{"floor":20,"key":"Ancient Potion"},{"floor":22,"key":"SmokeBomb"},{"floor":31,"key":"Regen Potion"}],"is_trial":false,"path_per_floor":["M","M","M","?","M","E","?","?","T","M","R","?","$","M","R","B",null,"M","M","M","$","M","R","E","R","T","?","M","?","$","M","R","B"],"character_chosen":"THE_SILENT","items_purchased":["Footwork","Choke"],"campfire_rested":3,"item_purchase_floors":[13,21],"current_hp_per_floor":[70,70,70,70,69,22,8,8,8,7,7,7,7,6,42,29,70,65,54,33,33,23,59,21,21,21,21,32,55,55,54,70,0],"gold":22,"neow_bonus":"THREE_ENEMY_KILL","is_prod":false,"is_daily":false,"chose_seed":false,"campfire_upgraded":2,"win_rate":0,"timestamp":1552414982,"path_taken":["M","M","M","?","M","E","?","?","T","M","R","?","?","M","R","BOSS","M","M","?","?","M","R","E","R","T","?","M","?","$","M","R","BOSS"],"build_version":"2019-01-23","purchased_purges":2,"victory":false,"max_hp_per_floor":[70,70,70,70,70,70,70,70,70,70,70,70,70,70,70,70,70,70,70,70,70,70,70,70,70,70,70,70,70,70,70,70,70],"card_choices":[{"not_picked":["Acrobatics","Underhanded Strike"],"picked":"Noxious Fumes","floor":1},{"not_picked":["Deflect","Poisoned Stab"],"picked":"Dagger Spray","floor":2},{"not_picked":["Escape Plan","Tactician"],"picked":"PiercingWail","floor":3},{"not_picked":["Acrobatics","Backflip","Night Terror"],"picked":"SKIP","floor":5},{"not_picked":["Prepared","Calculated Gamble"],"picked":"Infinite Blades","floor":6},{"not_picked":["Distraction","Poisoned Stab"],"picked":"Deadly Poison","floor":10},{"not_picked":["Flying Knee","Acrobatics","Deflect"],"picked":"SKIP","floor":14},{"not_picked":["Bullet Time","Unload"],"picked":"Adrenaline","floor":16},{"not_picked":["Quick Slash+1","Underhanded Strike","Poisoned Stab+1"],"picked":"SKIP","floor":18},{"not_picked":["Dagger Throw+1","Poisoned Stab","Outmaneuver+1"],"picked":"SKIP","floor":19},{"not_picked":["Choke+1","Expertise"],"picked":"Noxious Fumes+1","floor":20},{"not_picked":["Choke+1","Acrobatics","Underhanded Strike"],"picked":"SKIP","floor":22},{"not_picked":["Tactician","Eviscerate","Dodge and Roll+1"],"picked":"SKIP","floor":24},{"not_picked":["Bouncing Flask","Flying Knee"],"picked":"Sucker Punch+1","floor":28},{"not_picked":["Dagger Throw","Expertise+1"],"picked":"A Thousand Cuts","floor":31}],"player_experience":197717,"relics_obtained":[{"floor":6,"key":"Vajra"},{"floor":9,"key":"Regal Pillow"},{"floor":24,"key":"Meat on the Bone"},{"floor":26,"key":"Torii"}],"event_choices":[{"damage_healed":0,"gold_gain":0,"player_choice":"Left Gold","damage_taken":0,"max_hp_gain":0,"max_hp_loss":0,"event_name":"World of Goop","floor":4,"gold_loss":22},{"damage_healed":0,"gold_gain":0,"player_choice":"Entered Light","damage_taken":14,"max_hp_gain":0,"max_hp_loss":0,"event_name":"Shining Light","floor":7,"gold_loss":0,"cards_upgraded":["Strike_G","Survivor"]},{"damage_healed":0,"gold_gain":0,"player_choice":"Fled","damage_taken":0,"max_hp_gain":0,"max_hp_loss":0,"event_name":"Scrap Ooze","floor":8,"gold_loss":0},{"damage_healed":0,"gold_gain":0,"player_choice":"Ignored","damage_taken":0,"max_hp_gain":0,"max_hp_loss":0,"event_name":"Golden Idol","floor":12,"gold_loss":0},{"damage_healed":0,"gold_gain":99,"player_choice":"Stole From Cult","damage_taken":0,"max_hp_gain":0,"max_hp_loss":0,"event_name":"Nest","floor":27,"gold_loss":0},{"damage_healed":23,"gold_gain":0,"player_choice":"Heal","damage_taken":0,"max_hp_gain":0,"max_hp_loss":0,"event_name":"The Library","floor":29,"gold_loss":0}],"is_beta":false,"boss_relics":[{"not_picked":["HoveringKite","Sozu"],"picked":"Ectoplasm"}],"items_purged_floors":[13,21],"is_endless":false,"potions_floor_spawned":[1,3,18,20,22,31],"killed_by":"Champ","ascension_level":4}