{"gold_per_floor":[116,116,130,110,121,152,172,172,172,202,214,289,145,145,145,246,296,311,127,153,153,171,171,201,214,214,228,238,238,34,44,44,145,145,157,205,205,217,5,5,18,43,89,89,108,138,138,7,7,7],"floor_reached":51,"playtime":6271,"items_purged":["Strike_G","Decay","Strike_G+1"],"score":959,"play_id":"c43a9021-5085-4d2e-8958-6cf390364a92","local_time":"20190203003730","is_ascension_mode":true,"campfire_choices":[{"data":"Dash","floor":8.0,"key":"SMITH"},{"data":"Noxious Fumes","floor":15.0,"key":"SMITH"},{"data":"Noxious Fumes","floor":23.0,"key":"SMITH"},{"floor":32,"key":"REST"},{"data":"Footwork","floor":40,"key":"SMITH"},{"data":"Well Laid Plans","floor":44,"key":"SMITH"},{"floor":49,"key":"REST"}],"neow_cost":"NONE","seed_source_timestamp":1844481828861836,"circlet_count":0,"master_deck":["Defend_G+1","Defend_G+1","Defend_G+1","Defend_G+1","Defend_G+1","Strike_G+1","Strike_G+1","Strike_G+1","Survivor","Neutralize+1","Cloak And Dagger","Dagger Throw","Dash+1","Catalyst+1","PiercingWail","Backstab","Noxious Fumes+1","Escape Plan","Burst","Caltrops","Noxious Fumes+1","Bouncing Flask","Sucker Punch+1","After Image","Venomology","Dash+1","PiercingWail","Footwork+1","Well Laid Plans+1","Footwork","Leg Sweep+1","Wraith Form v2","Tools of the Trade"],"special_seed":0,"relics":["Ring of the Snake","Ancient Tea Set","Shuriken","Dead Branch","Tiny House","Happy Flower","Red Mask","The Courier","Molten Egg 2","Membership Card","Velvet Choker","Torii","PreservedInsect","Orichalcum","Snake Skull","Toxic Egg 2"],"potions_floor_usage":[27,27,33,33,36,36,41,42,45,46,46,50,50,50],"damage_taken":[{"damage":0.0,"enemies":"2 Louse","floor":1.0,"turns":3.0},{"damage":0.0,"enemies":"Cultist","floor":3.0,"turns":4.0},{"damage":0.0,"enemies":"Small Slimes","floor":5.0,"turns":2.0},{"damage":5.0,"enemies":"Lagavulin","floor":6.0,"turns":10.0},{"damage":1.0,"enemies":"3 Louse","floor":7.0,"turns":5.0},{"damage":5.0,"enemies":"3 Sentries","floor":10.0,"turns":5.0},{"damage":0.0,"enemies":"2 Fungi Beasts","floor":11.0,"turns":3.0},{"damage":1.0,"enemies":"The Guardian","floor":16.0,"turns":8.0},{"damage":0.0,"enemies":"Spheric Guardian","floor":18.0,"turns":3.0},{"damage":10.0,"enemies":"Masked Bandits","floor":20.0,"turns":4.0},{"damage":1.0,"enemies":"Shell Parasite","floor":22.0,"turns":4.0},{"damage":11.0,"enemies":"Gremlin Leader","floor":24.0,"turns":6.0},{"damage":12.0,"enemies":"Snake Plant","floor":25.0,"turns":4.0},{"damage":6,"enemies":"Cultist and Chosen","floor":27,"turns":6},{"damage":2,"enemies":"Chosen and Byrds","floor":28,"turns":6},{"damage":0,"enemies":"Centurion and Healer","floor":31,"turns":8},{"damage":16,"enemies":"Automaton","floor":33,"turns":8},{"damage":7,"enemies":"3 Darklings","floor":35,"turns":5},{"damage":37,"enemies":"2 Orb Walkers","floor":36,"turns":5},{"damage":1,"enemies":"Orb Walker","floor":38,"turns":4},{"damage":24,"enemies":"Spire Growth","floor":41,"turns":4},{"damage":7,"enemies":"Reptomancer","floor":42,"turns":8},{"damage":0,"enemies":"Sphere and 2 Shapes","floor":45,"turns":4},{"damage":1,"enemies":"Nemesis","floor":46,"turns":7},{"damage":3,"enemies":"Time Eater","floor":50,"turns":8}],"seed_played":"5702002241255126813","potions_obtained":[{"floor":1.0,"key":"SpeedPotion"},{"floor":4.0,"key":"EntropicBrew"},{"floor":5.0,"key":"EssenceOfSteel"},{"floor":6.0,"key":"Swift Potion"},{"floor":7.0,"key":"Fire Potion"},{"floor":17.0,"key":"SpeedPotion"},{"floor":20.0,"key":"Swift Potion"},{"floor":25.0,"key":"Ancient Potion"},{"floor":27,"key":"Dexterity Potion"},{"floor":28,"key":"SkillPotion"},{"floor":35,"key":"EssenceOfSteel"},{"floor":36,"key":"Dexterity Potion"},{"floor":42,"key":"Strength Potion"}],"is_trial":false,"path_per_floor":["M","?","M","?","M","E","M","R","T","E","M","?","$","?","R","B",null,"M","$","?","?","M","R","E","M","T","M","M","?","$","M","R","B",null,"M","?","?","M","$","R","M","E","T","R","M","E","?","$","R","B",null],"character_chosen":"THE_SILENT","items_purchased":["Escape Plan","Noxious Fumes","Happy Flower","Membership Card","Footwork","Well Laid Plans","Footwork","PreservedInsect","Wraith Form v2","Dexterity Potion","Tools of the Trade"],"campfire_rested":2,"item_purchase_floors":[13,19,19,30,39,39,39,39,48,48,48],"current_hp_per_floor":[63,49,49,49,49,44,43,43,43,38,38,27,27,27,27,26,64,64,64,54,54,53,53,42,30,30,24,22,22,22,22,44,28,63,56,19,66,65,65,65,41,34,34,34,34,33,33,33,52,49],"gold":7,"neow_bonus":"UPGRADE_CARD","is_prod":false,"is_daily":false,"chose_seed":false,"campfire_upgraded":5,"win_rate":0,"timestamp":1549114650,"path_taken":["M","?","M","?","M","E","M","R","T","E","?","?","$","?","R","BOSS","M","$","?","?","M","R","E","M","T","M","M","?","$","M","R","BOSS","M","?","?","M","$","R","M","E","T","R","?","E","?","$","R","BOSS"],"build_version":"2019-01-23","purchased_purges":3,"victory":true,"max_hp_per_floor":[70,70,70,70,70,70,70,70,70,70,70,70,70,70,70,70,75,75,75,75,75,75,75,75,75,75,75,75,75,75,75,75,75,75,75,75,66,66,66,66,66,66,66,66,66,66,66,66,66,66],"card_choices":[{"not_picked":["Expertise","PiercingWail"],"picked":"Cloak And Dagger","floor":1.0},{"not_picked":["Prepared","Choke"],"picked":"Dagger Throw","floor":3.0},{"not_picked":["Deflect","PiercingWail"],"picked":"Dash","floor":5.0},{"not_picked":["Dodge and Roll","Venomology"],"picked":"Catalyst","floor":6.0},{"not_picked":["Expertise","Cloak And Dagger"],"picked":"PiercingWail","floor":7.0},{"not_picked":["Sucker Punch","Blade Dance"],"picked":"Backstab","floor":10.0},{"not_picked":["Bane","Eviscerate"],"picked":"Noxious Fumes","floor":11.0},{"not_picked":["Night Terror","Venomology"],"picked":"Burst","floor":16.0},{"not_picked":["Quick Slash","Distraction"],"picked":"Caltrops","floor":17.0},{"not_picked":["Riddle With Holes","Dagger Throw","Escape Plan+1"],"picked":"SKIP","floor":18.0},{"not_picked":["Dagger Spray","Reflex"],"picked":"Bouncing Flask","floor":20.0},{"not_picked":["Skewer+1","Dagger Spray+1","Slice"],"picked":"SKIP","floor":22.0},{"not_picked":["Unload","Tactician","Bouncing Flask"],"picked":"SKIP","floor":24.0},{"not_picked":["Acrobatics","Slice","Poisoned Stab"],"picked":"SKIP","floor":25.0},{"not_picked":["Masterful Stab+1","Dagger Throw+1","Setup"],"picked":"SKIP","floor":27},{"not_picked":["Quick Slash+1","Cloak And Dagger+1"],"picked":"Sucker Punch+1","floor":28},{"not_picked":["PiercingWail","Acrobatics+1"],"picked":"After Image","floor":31},{"not_picked":["A Thousand Cuts","Night Terror"],"picked":"Venomology","floor":33},{"not_picked":["Dagger Spray+1","Blade Dance+1","Deflect"],"picked":"SKIP","floor":35},{"not_picked":["Dagger Throw+1","Quick Slash+1"],"picked":"Dash+1","floor":36},{"not_picked":["Slice+1","Quick Slash+1"],"picked":"PiercingWail","floor":38},{"not_picked":["Caltrops+1","Prepared"],"picked":"Leg Sweep+1","floor":41},{"not_picked":["Accuracy+1","Slice+1","Blade Dance"],"picked":"SKIP","floor":42},{"not_picked":["Acrobatics","Prepared","Outmaneuver+1"],"picked":"SKIP","floor":45},{"not_picked":["Poisoned Stab+1","Underhanded Strike+1","Expertise"],"picked":"SKIP","floor":46}],"player_experience":694684,"relics_obtained":[{"floor":6.0,"key":"Ancient Tea Set"},{"floor":9.0,"key":"Shuriken"},{"floor":10.0,"key":"Dead Branch"},{"floor":20.0,"key":"Red Mask"},{"floor":24.0,"key":"The Courier"},{"floor":26.0,"key":"Molten Egg 2"},{"floor":36,"key":"Torii"},{"floor":42,"key":"Orichalcum"},{"floor":43,"key":"Snake Skull"},{"floor":46,"key":"Toxic Egg 2"}],"event_choices":[{"damage_healed":0.0,"max_hp_gain":0.0,"max_hp_loss":0.0,"gold_gain":0.0,"event_name":"Shining Light","player_choice":"Entered Light","floor":2.0,"gold_loss":0.0,"damage_taken":14.0,"cards_upgraded":["Strike_G","Strike_G"]},{"damage_healed":0.0,"max_hp_gain":0.0,"max_hp_loss":0.0,"gold_gain":0.0,"event_name":"The Woman in Blue","player_choice":"Bought 1 Potion","floor":4.0,"gold_loss":0.0,"damage_taken":0.0},{"damage_healed":0.0,"max_hp_gain":0.0,"max_hp_loss":0.0,"gold_gain":75.0,"event_name":"World of Goop","player_choice":"Gather Gold","floor":12.0,"gold_loss":0.0,"damage_taken":11.0},{"damage_healed":0.0,"max_hp_gain":0.0,"max_hp_loss":0.0,"gold_gain":0.0,"event_name":"Liars Game","player_choice":"Ignored","floor":14.0,"gold_loss":0.0,"damage_taken":0.0},{"damage_healed":0.0,"max_hp_gain":0.0,"max_hp_loss":0.0,"gold_gain":0.0,"event_name":"Masked Bandits","player_choice":"Fought Bandits","floor":20.0,"gold_loss":0.0,"damage_taken":0.0},{"damage_healed":0.0,"max_hp_gain":0.0,"max_hp_loss":0.0,"gold_gain":0.0,"event_name":"Back to Basics","player_choice":"Simplicity","floor":21.0,"gold_loss":0.0,"damage_taken":0.0,"cards_upgraded":["Defend_G","Defend_G","Defend_G","Defend_G","Defend_G","Strike_G","Strike_G"]},{"damage_healed":0,"gold_gain":0,"player_choice":"Smashed Altar","damage_taken":0,"max_hp_gain":0,"max_hp_loss":0,"event_name":"Forgotten Altar","floor":29,"gold_loss":0,"cards_obtained":["Decay"]},{"damage_healed":0,"gold_gain":0,"player_choice":"Fight","damage_taken":0,"max_hp_gain":0,"max_hp_loss":0,"event_name":"Mysterious Sphere","floor":36,"gold_loss":0},{"damage_healed":66,"gold_gain":0,"player_choice":"Heal","damage_taken":0,"max_hp_gain":0,"max_hp_loss":9,"event_name":"The Moai Head","floor":37,"gold_loss":0},{"damage_healed":0,"gold_gain":0,"player_choice":"Memory 1","damage_taken":0,"max_hp_gain":0,"max_hp_loss":0,"event_name":"SensoryStone","floor":47,"gold_loss":0}],"is_beta":false,"boss_relics":[{"not_picked":["Calling Bell","Busted Crown"],"picked":"Tiny House"},{"not_picked":["Eternal Feather","Ring of the Serpent"],"picked":"Velvet Choker"}],"items_purged_floors":[13,30,39],"is_endless":false,"potions_floor_spawned":[1,5,6,7,20,25,27,28,35,36,42,45],"ascension_level":7}