{"gold_per_floor":[218,232,232,252,271,306,306,322,322,322,342,359,384,62,62,140,140,140,140,140,140,140,140,140,140,140,140,140,140,140],"floor_reached":30,"playtime":3363,"items_purged":["Strike_B"],"score":475,"play_id":"8f441920-ac5c-44ac-9711-a68dd3248cbe","local_time":"20190307171308","is_ascension_mode":true,"campfire_choices":[{"floor":7,"key":"REST"},{"data":"Zap","floor":10,"key":"SMITH"},{"floor":15,"key":"REST"},{"floor":24,"key":"REST"},{"data":"Capacitor","floor":27,"key":"SMITH"}],"neow_cost":"NONE","seed_source_timestamp":1215657997138777,"circlet_count":0,"master_deck":["AscendersBane","Strike_B","Strike_B","Strike_B","Defend_B","Defend_B","Defend_B","Defend_B","Zap+1","Dualcast","Coolheaded","Hologram","Cold Snap","Reinforced Body","Hologram","Genetic Algorithm","Ball Lightning","Glacier","Capacitor","Machine Learning","Coolheaded","Capacitor+1","Fusion+1"],"relics":["Cracked Core","DataDisk","Mummified Hand","Darkstone Periapt","Happy Flower","Ectoplasm","Matryoshka","MawBank","Dream Catcher"],"potions_floor_usage":[5,6],"damage_taken":[{"damage":7,"enemies":"Jaw Worm","floor":1,"turns":4},{"damage":0,"enemies":"Cultist","floor":2,"turns":3},{"damage":9,"enemies":"Small Slimes","floor":4,"turns":4},{"damage":28,"enemies":"Gremlin Gang","floor":5,"turns":11},{"damage":2,"enemies":"3 Sentries","floor":6,"turns":10},{"damage":0,"enemies":"Exordium Wildlife","floor":8,"turns":3},{"damage":3,"enemies":"2 Fungi Beasts","floor":11,"turns":3},{"damage":2,"enemies":"Looter","floor":12,"turns":3},{"damage":11,"enemies":"Lagavulin","floor":13,"turns":7},{"damage":19,"enemies":"Slime Boss","floor":16,"turns":12},{"damage":0,"enemies":"Chosen","floor":18,"turns":6},{"damage":1,"enemies":"Spheric Guardian","floor":19,"turns":6},{"damage":0,"enemies":"Centurion and Healer","floor":21,"turns":9},{"damage":10,"enemies":"Snecko","floor":22,"turns":6},{"damage":31,"enemies":"Book of Stabbing","floor":23,"turns":10},{"damage":8,"enemies":"Snake Plant","floor":25,"turns":6},{"damage":30,"enemies":"Masked Bandits","floor":30,"turns":3}],"seed_played":"-6994335997343187139","potions_obtained":[{"floor":2,"key":"Block Potion"},{"floor":5,"key":"EssenceOfSteel"},{"floor":11,"key":"Dexterity Potion"},{"floor":13,"key":"SteroidPotion"},{"floor":16,"key":"FocusPotion"}],"is_trial":false,"path_per_floor":["M","M","?","M","M","E","R","M","T","R","M","M","E","$","R","B",null,"M","M","?","M","M","E","R","M","T","R","$","?","?"],"character_chosen":"DEFECT","items_purchased":["Capacitor","Happy Flower"],"campfire_rested":3,"item_purchase_floors":[14,14],"current_hp_per_floor":[57,57,53,44,16,14,35,35,35,35,32,30,19,19,40,21,59,59,58,58,58,48,17,38,30,30,30,30,30,0],"gold":140,"neow_bonus":"HUNDRED_GOLD","is_prod":false,"is_daily":false,"chose_seed":false,"campfire_upgraded":2,"win_rate":0,"timestamp":1551975188,"path_taken":["M","M","?","?","M","E","R","M","T","R","?","M","E","$","R","BOSS","M","M","?","?","?","E","R","M","T","R","$","?","?"],"build_version":"2019-02-06","purchased_purges":1,"victory":false,"max_hp_per_floor":[71,71,71,71,71,71,71,71,71,71,71,71,71,71,71,71,71,71,71,71,71,71,71,71,71,71,71,71,71,71],"card_choices":[{"not_picked":["Redo","Rebound"],"picked":"Coolheaded","floor":1},{"not_picked":["Tempest","Undo"],"picked":"Hologram","floor":2},{"not_picked":["Meteor Strike","Barrage","Steam"],"picked":"SKIP","floor":4},{"not_picked":["Meteor Strike","Barrage","Steam"],"picked":"SKIP","floor":4},{"not_picked":["Sweeping Beam","Core Surge"],"picked":"Cold Snap","floor":5},{"not_picked":["Leap","Rip and Tear"],"picked":"Reinforced Body","floor":6},{"not_picked":["Steam","Rebound"],"picked":"Hologram","floor":8},{"not_picked":["Steam Power","Rebound"],"picked":"Genetic Algorithm","floor":11},{"not_picked":["Streamline","Leap"],"picked":"Ball Lightning","floor":12},{"not_picked":["Genetic Algorithm","Melter"],"picked":"Glacier","floor":13},{"not_picked":["Amplify","Thunder Strike"],"picked":"Machine Learning","floor":16},{"not_picked":["Compile Driver","Double Energy"],"picked":"Coolheaded","floor":18},{"not_picked":["Coolheaded","Go for the Eyes","Barrage"],"picked":"SKIP","floor":19},{"not_picked":["Scrape","Undo+1","Beam Cell"],"picked":"SKIP","floor":21},{"not_picked":["Hologram","Scrape+1","Compile Driver"],"picked":"SKIP","floor":22},{"not_picked":["Buffer","Streamline"],"picked":"Fusion+1","floor":23},{"not_picked":["Hologram","Genetic Algorithm+1","Stack"],"picked":"SKIP","floor":25}],"player_experience":901951,"relics_obtained":[{"floor":6,"key":"DataDisk"},{"floor":9,"key":"Mummified Hand"},{"floor":13,"key":"Darkstone Periapt"},{"floor":23,"key":"Matryoshka"},{"floor":26,"key":"MawBank"},{"floor":26,"key":"Dream Catcher"}],"event_choices":[{"damage_healed":0,"gold_gain":0,"player_choice":"Bought 0 Potions","damage_taken":0,"max_hp_gain":0,"max_hp_loss":0,"event_name":"The Woman in Blue","floor":3,"gold_loss":0},{"damage_healed":0,"gold_gain":0,"player_choice":"Copied","damage_taken":0,"max_hp_gain":0,"max_hp_loss":0,"event_name":"Duplicator","floor":20,"gold_loss":0,"cards_obtained":["Capacitor"]},{"damage_healed":0,"gold_gain":0,"player_choice":"Ignored","damage_taken":0,"max_hp_gain":0,"max_hp_loss":0,"event_name":"The Mausoleum","floor":29,"gold_loss":0},{"damage_healed":0,"gold_gain":0,"player_choice":"Fought Bandits","damage_taken":0,"max_hp_gain":0,"max_hp_loss":0,"event_name":"Masked Bandits","floor":30,"gold_loss":0}],"is_beta":true,"boss_relics":[{"not_picked":["Orrery","Runic Pyramid"],"picked":"Ectoplasm"}],"items_purged_floors":[14],"is_endless":false,"potions_floor_spawned":[2,5,11,13,16,22,23,25],"killed_by":"Masked Bandits","ascension_level":16}