{"gold_per_floor":[109,120,120,130,18,47,12,12,12,41,54,54,73,16,16,88,88,105,117,117,117,117],"floor_reached":22,"playtime":1100,"items_purged":[],"score":340,"play_id":"a4911d9c-5f02-425e-827e-823114c90f8a","local_time":"20190215141813","is_ascension_mode":true,"campfire_choices":[{"data":"Bouncing Flask","floor":8,"key":"SMITH"},{"floor":12,"key":"REST"},{"data":"Tactician","floor":15,"key":"SMITH"}],"neow_cost":"NONE","seed_source_timestamp":192356843998720,"circlet_count":0,"master_deck":["AscendersBane","Defend_G","Defend_G","Defend_G","Defend_G","Defend_G","Strike_G","Strike_G","Strike_G","Strike_G","Strike_G","Survivor","Neutralize","Cloak And Dagger","Footwork","Bouncing Flask+1","Footwork","Escape Plan","Tactician+1","Backstab","Deflect","Noxious Fumes","Deflect","Acrobatics","After Image","Concentrate","Bouncing Flask","Necronomicurse","Decay"],"relics":["Ring of the Snake","NeowsBlessing","Tingsha","The Courier","Gremlin Horn","Sozu","Necronomicon"],"potions_floor_usage":[13],"damage_taken":[{"damage":0,"enemies":"Small Slimes","floor":1,"turns":1},{"damage":0,"enemies":"Cultist","floor":2,"turns":1},{"damage":0,"enemies":"Jaw Worm","floor":4,"turns":1},{"damage":15,"enemies":"Lagavulin","floor":6,"turns":7},{"damage":44,"enemies":"Gremlin Nob","floor":10,"turns":5},{"damage":0,"enemies":"Blue Slaver","floor":11,"turns":4},{"damage":0,"enemies":"Looter","floor":13,"turns":1},{"damage":11,"enemies":"Hexaghost","floor":16,"turns":10},{"damage":15,"enemies":"Spheric Guardian","floor":18,"turns":6},{"damage":10,"enemies":"Shell Parasite","floor":19,"turns":6},{"damage":14,"enemies":"Snake Plant","floor":22,"turns":3}],"seed_played":"-6112355929137210084","potions_obtained":[{"floor":2,"key":"SpeedPotion"},{"floor":4,"key":"LiquidBronze"},{"floor":11,"key":"Fire Potion"}],"is_trial":false,"path_per_floor":["M","M","?","M","$","E","?","R","T","E","M","R","M","$","R","B",null,"M","M","?","?","M"],"character_chosen":"THE_SILENT","items_purchased":["Footwork","Escape Plan","Deflect","Acrobatics"],"campfire_rested":1,"item_purchase_floors":[5,5,14,14],"current_hp_per_floor":[59,59,55,55,55,40,56,56,56,12,12,31,31,31,31,20,55,40,30,9,9,0],"gold":117,"neow_bonus":"THREE_ENEMY_KILL","is_prod":false,"is_daily":false,"chose_seed":false,"campfire_upgraded":2,"win_rate":0,"timestamp":1550236693,"path_taken":["M","M","?","?","$","E","?","R","T","E","M","R","M","$","R","BOSS","M","M","?","?","M"],"build_version":"2019-02-06","purchased_purges":0,"victory":false,"max_hp_per_floor":[66,66,66,66,66,66,66,66,66,66,66,66,66,66,66,66,66,66,66,66,66,66],"card_choices":[{"not_picked":["Dodge and Roll","Choke"],"picked":"Cloak And Dagger","floor":1},{"not_picked":["Escape Plan","Dodge and Roll"],"picked":"Footwork","floor":2},{"not_picked":["Bane","Eviscerate"],"picked":"Bouncing Flask","floor":4},{"not_picked":["Acrobatics","Envenom"],"picked":"Tactician","floor":6},{"not_picked":["PiercingWail","Underhanded Strike"],"picked":"Backstab","floor":10},{"not_picked":["Setup","Terror"],"picked":"Deflect","floor":11},{"not_picked":["Riddle With Holes","Flechettes"],"picked":"Noxious Fumes","floor":13},{"not_picked":["Envenom","Glass Knife"],"picked":"After Image","floor":16},{"not_picked":["Acrobatics","Poisoned Stab"],"picked":"Concentrate","floor":18},{"not_picked":["Outmaneuver","Predator"],"picked":"Bouncing Flask","floor":19}],"player_experience":780037,"relics_obtained":[{"floor":6,"key":"Tingsha"},{"floor":9,"key":"The Courier"},{"floor":10,"key":"Gremlin Horn"},{"floor":20,"key":"Necronomicon"}],"event_choices":[{"damage_healed":0,"gold_gain":0,"player_choice":"Bought 0 Potions","damage_taken":0,"max_hp_gain":0,"max_hp_loss":0,"event_name":"The Woman in Blue","floor":3,"gold_loss":0},{"damage_healed":16,"gold_gain":0,"player_choice":"Healed","damage_taken":0,"max_hp_gain":0,"max_hp_loss":0,"event_name":"The Cleric","floor":7,"gold_loss":35},{"damage_healed":0,"gold_gain":0,"player_choice":"Obtained Book","damage_taken":21,"max_hp_gain":0,"max_hp_loss":0,"event_name":"Cursed Tome","floor":20,"gold_loss":0},{"damage_healed":0,"gold_gain":0,"player_choice":"Smashed Altar","damage_taken":0,"max_hp_gain":0,"max_hp_loss":0,"event_name":"Forgotten Altar","floor":21,"gold_loss":0,"cards_obtained":["Decay"]}],"is_beta":true,"boss_relics":[{"not_picked":["Astrolabe","Empty Cage"],"picked":"Sozu"}],"items_purged_floors":[],"is_endless":false,"potions_floor_spawned":[2,4,11,18],"killed_by":"Snake Plant","ascension_level":15}