{"gold_per_floor":[115,115,125,136,154,184,200,174,199,199,199,130,146,205,205,300,300,320,335,355,0,0,33,33,50,50,50,50,75,92,124,124,219,219,236,121,131,150,163,163,180,195,195,229,245,2,2,15,15,15],"floor_reached":51,"playtime":4949,"items_purged":["Normality"],"score":803,"play_id":"3a07331a-4848-41a9-a734-ee73600cd100","local_time":"20190310195833","is_ascension_mode":false,"campfire_choices":[{"data":"Redo","floor":11,"key":"SMITH"},{"floor":15,"key":"REST"},{"data":"Creative AI","floor":24,"key":"SMITH"},{"data":"Biased Cognition","floor":28,"key":"SMITH"},{"floor":32,"key":"REST"},{"data":"Storm","floor":40,"key":"SMITH"},{"floor":49,"key":"REST"}],"neow_cost":"NONE","seed_source_timestamp":38240988430147,"circlet_count":0,"master_deck":["Defend_B","Defend_B","Defend_B","Defend_B","Zap","Dualcast","Glacier","Redo+1","Rebound","Sweeping Beam","Cold Snap","Go for the Eyes","Conserve Battery","Go for the Eyes","Biased Cognition+1","Double Energy+1","Chill+1","Multi-Cast+1","Conserve Battery+1","Barrage","Creative AI+1","Conserve Battery","Capacitor","Barrage+1","Biased Cognition","Parasite","Decay","Barrage+1","Storm+1","Cold Snap+1","Cold Snap+1","Cold Snap+1","Defragment+1","Parasite","Hello World+1","Conserve Battery","Electrodynamics"],"relics":["Cracked Core","Happy Flower","Oddly Smooth Stone","Lantern","Tiny Chest","Astrolabe","Bag of Preparation","FossilizedHelix","Molten Egg 2","Torii","Du-Vu Doll","Girya","Calling Bell","Vajra","Meat on the Bone","Peace Pipe","Letter Opener","Blood Vial","Ornamental Fan"],"potions_floor_usage":[14,23,29,50,50],"damage_taken":[{"damage":1,"enemies":"Jaw Worm","floor":1,"turns":3},{"damage":0,"enemies":"Cultist","floor":3,"turns":4},{"damage":6,"enemies":"2 Louse","floor":4,"turns":2},{"damage":4,"enemies":"Exordium Thugs","floor":5,"turns":8},{"damage":47,"enemies":"Gremlin Nob","floor":6,"turns":5},{"damage":11,"enemies":"Large Slime","floor":7,"turns":5},{"damage":5,"enemies":"Exordium Wildlife","floor":13,"turns":3},{"damage":1,"enemies":"Lagavulin","floor":14,"turns":4},{"damage":36,"enemies":"The Guardian","floor":16,"turns":15},{"damage":5,"enemies":"3 Byrds","floor":18,"turns":6},{"damage":0,"enemies":"Chosen","floor":19,"turns":6},{"damage":5,"enemies":"Snake Plant","floor":20,"turns":4},{"damage":6,"enemies":"Slavers","floor":23,"turns":7},{"damage":0,"enemies":"Chosen and Byrds","floor":25,"turns":4},{"damage":17,"enemies":"Gremlin Leader","floor":29,"turns":8},{"damage":0,"enemies":"Sentry and Sphere","floor":30,"turns":8},{"damage":0,"enemies":"Book of Stabbing","floor":31,"turns":7},{"damage":55,"enemies":"Collector","floor":33,"turns":13},{"damage":9,"enemies":"3 Darklings","floor":35,"turns":4},{"damage":0,"enemies":"Orb Walker","floor":37,"turns":3},{"damage":0,"enemies":"Maw","floor":38,"turns":7},{"damage":9,"enemies":"Transient","floor":39,"turns":5},{"damage":39,"enemies":"4 Shapes","floor":41,"turns":4},{"damage":1,"enemies":"Writhing Mass","floor":42,"turns":6},{"damage":16,"enemies":"Giant Head","floor":44,"turns":7},{"damage":0,"enemies":"Maw","floor":45,"turns":5},{"damage":0,"enemies":"Sphere and 2 Shapes","floor":48,"turns":4},{"damage":42,"enemies":"Awakened One","floor":50,"turns":9}],"seed_played":"154919443864069360","potions_obtained":[{"floor":6,"key":"Poison Potion"},{"floor":14,"key":"Strength Potion"},{"floor":16,"key":"Fire Potion"},{"floor":18,"key":"FocusPotion"},{"floor":23,"key":"Explosive Potion"},{"floor":30,"key":"Poison Potion"}],"is_trial":false,"path_per_floor":["M","?","M","M","M","E","M","?","T","?","R","?","M","E","R","B",null,"M","M","M","?","T","E","R","M","T","T","R","E","M","E","R","B",null,"M","$","M","M","M","R","M","M","T","E","M","$","?","M","R","B",null],"character_chosen":"DEFECT","items_purchased":["Storm","Ornamental Fan"],"campfire_rested":3,"item_purchase_floors":[36,46],"current_hp_per_floor":[81,81,81,75,71,24,13,13,13,40,40,40,35,34,58,22,82,77,77,72,72,72,66,66,66,66,66,66,49,49,49,73,18,82,73,73,73,73,64,64,37,48,48,44,46,46,46,48,72,44],"gold":15,"neow_bonus":"TEN_PERCENT_HP_BONUS","is_prod":false,"is_daily":false,"chose_seed":false,"campfire_upgraded":4,"win_rate":0.0,"timestamp":1552262313,"path_taken":["M","?","?","M","M","E","M","?","T","?","R","?","?","E","R","BOSS","M","M","M","?","?","E","R","M","T","?","R","E","M","E","R","BOSS","M","$","M","?","M","R","M","M","T","E","M","$","?","?","R","BOSS"],"build_version":"2019-01-23","purchased_purges":1,"victory":true,"max_hp_per_floor":[82,82,82,82,82,82,82,82,82,82,82,82,82,82,82,82,82,82,82,82,82,82,82,82,82,82,82,82,82,82,82,82,82,82,82,82,82,82,82,82,82,82,82,82,82,82,82,82,82,82],"card_choices":[{"not_picked":["Compile Driver","Barrage"],"picked":"Glacier","floor":1},{"not_picked":["Stack","Force Field"],"picked":"Redo","floor":3},{"not_picked":["Redo","Conserve Battery"],"picked":"Rebound","floor":4},{"not_picked":["Leap","Gash"],"picked":"Sweeping Beam","floor":5},{"not_picked":["Fission","Sweeping Beam"],"picked":"Cold Snap","floor":6},{"not_picked":["Cold Snap","Rip and Tear"],"picked":"Go for the Eyes","floor":7},{"not_picked":["Streamline","Hello World"],"picked":"Conserve Battery","floor":13},{"not_picked":["Leap","Steam"],"picked":"Go for the Eyes","floor":14},{"not_picked":["Seek","Thunder Strike"],"picked":"Biased Cognition","floor":16},{"not_picked":["Reprogram+1","Aggregate","Turbo"],"picked":"SKIP","floor":18},{"not_picked":["Go for the Eyes","Auto Shields"],"picked":"Conserve Battery+1","floor":19},{"not_picked":["Self Repair","Rip and Tear"],"picked":"Barrage","floor":20},{"not_picked":["Cold Snap+1","Streamline+1"],"picked":"Creative AI","floor":23},{"not_picked":["Auto Shields","Static Discharge","Leap"],"picked":"SKIP","floor":25},{"not_picked":["Consume","Capacitor"],"picked":"Conserve Battery","floor":29},{"not_picked":["Hologram","Reinforced Body"],"picked":"Capacitor","floor":30},{"not_picked":["Streamline+1","Sunder+1"],"picked":"Barrage+1","floor":31},{"not_picked":["All For One+1","Machine Learning"],"picked":"Biased Cognition","floor":33},{"not_picked":["Go for the Eyes+1","BootSequence"],"picked":"Barrage+1","floor":35},{"not_picked":["Turbo","Aggregate+1"],"picked":"Cold Snap+1","floor":37},{"not_picked":["Compile Driver+1","Beam Cell+1"],"picked":"Cold Snap+1","floor":38},{"not_picked":["Chill+1","Beam Cell+1"],"picked":"Cold Snap+1","floor":39},{"not_picked":["Conserve Battery","Stack+1"],"picked":"Defragment+1","floor":41},{"not_picked":["BootSequence","Double Energy"],"picked":"Hello World+1","floor":42},{"not_picked":["Gash+1","Self Repair+1","All For One+1"],"picked":"SKIP","floor":44},{"not_picked":["Compile Driver+1","Gash+1"],"picked":"Conserve Battery","floor":45},{"not_picked":["Go for the Eyes+1","Consume"],"picked":"Electrodynamics","floor":48}],"player_experience":72664,"relics_obtained":[{"floor":6,"key":"Happy Flower"},{"floor":9,"key":"Oddly Smooth Stone"},{"floor":14,"key":"Tiny Chest"},{"floor":22,"key":"Bag of Preparation"},{"floor":23,"key":"FossilizedHelix"},{"floor":26,"key":"Molten Egg 2"},{"floor":27,"key":"Torii"},{"floor":29,"key":"Du-Vu Doll"},{"floor":31,"key":"Girya"},{"floor":34,"key":"Vajra"},{"floor":34,"key":"Meat on the Bone"},{"floor":34,"key":"Peace Pipe"},{"floor":43,"key":"Letter Opener"},{"floor":44,"key":"Blood Vial"}],"event_choices":[{"cards_removed":["Strike_B"],"damage_healed":0,"gold_gain":0,"player_choice":"Offered Basic","damage_taken":0,"max_hp_gain":0,"max_hp_loss":0,"event_name":"Bonfire Elementals","floor":2,"gold_loss":0},{"damage_healed":0,"gold_gain":0,"player_choice":"Left Gold","damage_taken":0,"max_hp_gain":0,"max_hp_loss":0,"event_name":"World of Goop","floor":8,"gold_loss":26},{"damage_healed":27,"gold_gain":0,"player_choice":"Banana","damage_taken":0,"max_hp_gain":0,"max_hp_loss":0,"event_name":"Big Fish","floor":10,"gold_loss":0},{"damage_healed":0,"gold_gain":0,"player_choice":"Paid Gold","damage_taken":0,"relics_obtained":["Lantern"],"max_hp_gain":0,"max_hp_loss":0,"event_name":"WeMeetAgain","floor":12,"gold_loss":69},{"damage_healed":0,"gold_gain":0,"player_choice":"Paid Fearfully","damage_taken":0,"max_hp_gain":0,"max_hp_loss":0,"event_name":"Masked Bandits","floor":21,"gold_loss":355},{"damage_healed":0,"gold_gain":0,"player_choice":"Ignored","damage_taken":0,"max_hp_gain":0,"max_hp_loss":0,"event_name":"Fountain of Cleansing","floor":47,"gold_loss":0}],"is_beta":false,"boss_relics":[{"not_picked":["Tiny House","Eternal Feather"],"picked":"Astrolabe"},{"not_picked":["Cursed Key","White Beast Statue"],"picked":"Calling Bell"}],"items_purged_floors":[36],"is_endless":false,"potions_floor_spawned":[6,14,16,18,23,25,30,35,39,41,48],"ascension_level":0}