{"gold_per_floor":[109,109,109,8,31,31,75,75,75,100,118,118,153,178,178,273,273,296,281,136,157,157,157,190,215,240,240,258,258,273,273,273,366,366,384,809,822,419,439,439,439,483,483,483,527,527,540,580,580,580],"floor_reached":51,"playtime":6780,"items_purged":["Defend_B","Defend_B"],"score":1415,"play_id":"c1ecb3b8-fb09-40a2-951f-610eb908be56","local_time":"20190306212723","is_ascension_mode":true,"campfire_choices":[{"data":"Dualcast","floor":6,"key":"SMITH"},{"data":"Go for the Eyes","floor":8,"key":"SMITH"},{"data":"Coolheaded","floor":12,"key":"SMITH"},{"data":"Hologram","floor":15,"key":"SMITH"},{"data":"Sunder","floor":23,"key":"SMITH"},{"floor":27,"key":"REST"},{"data":"Scrape","floor":29,"key":"SMITH"},{"floor":32,"key":"REST"},{"data":"Echo Form","floor":40,"key":"SMITH"},{"data":"Buffer","floor":44,"key":"SMITH"},{"data":"Defragment","floor":46,"key":"SMITH"},{"data":"White Noise","floor":49,"key":"SMITH"}],"neow_cost":"NONE","seed_source_timestamp":1141073341332896,"circlet_count":0,"master_deck":["AscendersBane","Strike_B","Strike_B","Defend_B","Defend_B","Zap+1","Dualcast+1","Self Repair","Go for the Eyes+1","BootSequence","Beam Cell","Coolheaded+1","Chill","Conserve Battery","Machine Learning","Hologram+1","Buffer+1","Steam","Conserve Battery","Sunder+1","White Noise+1","Gash","Gash","Scrape+1","Gash","Creative AI","Reinforced Body","Echo Form+1","Gash+1","FTL","Defragment+1","Double Energy","Loop","Gash"],"relics":["Cracked Core","NeowsBlessing","Golden Idol","Orichalcum","Dodecahedron","Odd Mushroom","Runic Pyramid","Question Card","PreservedInsect","Cursed Key","Old Coin","Calipers","Ancient Tea Set","Potion Belt","Meat on the Bone"],"potions_floor_usage":[13,16,19,33,36,48,50],"damage_taken":[{"damage":0,"enemies":"2 Louse","floor":1,"turns":1},{"damage":0,"enemies":"Small Slimes","floor":5,"turns":1},{"damage":0,"enemies":"3 Sentries","floor":7,"turns":1},{"damage":0,"enemies":"Jaw Worm","floor":10,"turns":3},{"damage":0,"enemies":"Looter","floor":11,"turns":3},{"damage":0,"enemies":"The Mushroom Lair","floor":13,"turns":4},{"damage":0,"enemies":"2 Fungi Beasts","floor":14,"turns":4},{"damage":7,"enemies":"Slime Boss","floor":16,"turns":8},{"damage":0,"enemies":"Shell Parasite","floor":18,"turns":7},{"damage":0,"enemies":"2 Thieves","floor":19,"turns":5},{"damage":0,"enemies":"Chosen and Byrds","floor":21,"turns":7},{"damage":51,"enemies":"Gremlin Leader","floor":24,"turns":11},{"damage":18,"enemies":"Snake Plant","floor":25,"turns":7},{"damage":8,"enemies":"Shelled Parasite and Fungi","floor":28,"turns":6},{"damage":9,"enemies":"Snecko","floor":30,"turns":5},{"damage":22,"enemies":"Champ","floor":33,"turns":12},{"damage":11,"enemies":"3 Darklings","floor":35,"turns":6},{"damage":0,"enemies":"Mind Bloom Boss Battle","floor":36,"turns":6},{"damage":4,"enemies":"Orb Walker","floor":37,"turns":4},{"damage":29,"enemies":"Writhing Mass","floor":39,"turns":8},{"damage":0,"enemies":"Nemesis","floor":42,"turns":6},{"damage":0,"enemies":"Giant Head","floor":45,"turns":6},{"damage":8,"enemies":"Spire Growth","floor":47,"turns":5},{"damage":11,"enemies":"Nemesis","floor":48,"turns":7},{"damage":35,"enemies":"Donu and Deca","floor":50,"turns":11}],"seed_played":"-1654524095471033568","potions_obtained":[{"floor":1,"key":"SteroidPotion"},{"floor":7,"key":"Explosive Potion"},{"floor":13,"key":"SteroidPotion"},{"floor":18,"key":"SkillPotion"},{"floor":28,"key":"GamblersBrew"},{"floor":30,"key":"Swift Potion"},{"floor":33,"key":"Fruit Juice"},{"floor":42,"key":"PowerPotion"},{"floor":48,"key":"LiquidBronze"}],"is_trial":false,"path_per_floor":["M","?","?","$","M","R","E","R","T","M","M","R","?","M","R","B",null,"M","M","$","M","?","R","E","M","T","R","M","R","M","?","R","B",null,"M","?","M","$","M","R","?","E","T","R","E","R","M","E","R","B",null],"character_chosen":"DEFECT","items_purchased":["Go for the Eyes","BootSequence","Sunder","Calipers"],"campfire_rested":2,"item_purchase_floors":[4,4,20,38],"current_hp_per_floor":[64,64,64,64,64,64,64,64,64,64,64,64,64,64,64,64,64,64,64,64,64,64,64,20,9,9,28,27,27,18,18,37,27,59,62,69,69,69,54,54,54,68,68,68,69,69,68,64,64,48],"gold":580,"neow_bonus":"THREE_ENEMY_KILL","is_prod":false,"is_daily":false,"chose_seed":false,"campfire_upgraded":10,"win_rate":0,"timestamp":1551904043,"path_taken":["M","?","?","$","M","R","E","R","T","M","M","R","?","M","R","BOSS","M","M","$","M","?","R","E","M","T","R","M","R","M","?","R","BOSS","M","?","M","$","M","R","?","E","T","R","E","R","M","E","R","BOSS"],"build_version":"2019-02-06","purchased_purges":2,"victory":true,"max_hp_per_floor":[71,71,64,64,64,64,64,64,64,64,64,64,64,64,64,64,64,64,64,64,64,64,64,64,64,64,64,64,64,64,64,64,69,69,69,69,69,69,69,69,69,69,69,69,69,69,69,69,69,69],"card_choices":[{"not_picked":["Steam Power","Redo"],"picked":"Self Repair","floor":1},{"not_picked":["Stack","Compile Driver"],"picked":"Beam Cell","floor":5},{"not_picked":["Rebound","Chill"],"picked":"Coolheaded","floor":7},{"not_picked":["Redo","Go for the Eyes"],"picked":"Chill","floor":10},{"not_picked":["Barrage","Sweeping Beam"],"picked":"Conserve Battery","floor":11},{"not_picked":["Rebound","Cold Snap"],"picked":"Machine Learning","floor":13},{"not_picked":["BootSequence","Ball Lightning"],"picked":"Hologram","floor":14},{"not_picked":["Creative AI","Thunder Strike"],"picked":"Buffer","floor":16},{"not_picked":["Coolheaded","Go for the Eyes"],"picked":"Steam","floor":18},{"not_picked":["Cold Snap","Ball Lightning"],"picked":"Conserve Battery","floor":19},{"not_picked":["Go for the Eyes","Stack"],"picked":"White Noise","floor":21},{"not_picked":["Stack","Seek"],"picked":"Gash","floor":24},{"not_picked":["Steam","Streamline","Conserve Battery"],"picked":"Gash","floor":25},{"not_picked":["Barrage","Beam Cell","Reprogram"],"picked":"Scrape","floor":28},{"not_picked":["Steam","Undo","Sweeping Beam"],"picked":"Gash","floor":30},{"not_picked":["Electrodynamics","Creative AI","Buffer"],"picked":"Echo Form","floor":33},{"not_picked":["Cold Snap+1","Barrage","Steam"],"picked":"Gash+1","floor":35},{"not_picked":["Glacier","Doom and Gloom+1","Compile Driver"],"picked":"FTL","floor":36},{"not_picked":["Coolheaded","Leap+1","Redo"],"picked":"Defragment","floor":37},{"not_picked":["Darkness","Redo","Amplify","Skim+1"],"picked":"SKIP","floor":39},{"not_picked":["Heatsinks","Coolheaded","Streamline","BootSequence+1"],"picked":"SKIP","floor":42},{"not_picked":["Undo+1","Aggregate","Turbo+1"],"picked":"Double Energy","floor":45},{"not_picked":["Coolheaded+1","BootSequence+1","Compile Driver"],"picked":"Loop","floor":47},{"not_picked":["Aggregate","Stack+1","White Noise"],"picked":"Gash","floor":48}],"player_experience":871464,"relics_obtained":[{"floor":7,"key":"Orichalcum"},{"floor":9,"key":"Dodecahedron"},{"floor":13,"key":"Odd Mushroom"},{"floor":24,"key":"Question Card"},{"floor":26,"key":"PreservedInsect"},{"floor":36,"key":"Old Coin"},{"floor":42,"key":"Ancient Tea Set"},{"floor":45,"key":"Potion Belt"},{"floor":48,"key":"Meat on the Bone"}],"event_choices":[{"damage_healed":0,"gold_gain":0,"player_choice":"Grow","damage_taken":0,"max_hp_gain":0,"max_hp_loss":0,"event_name":"Living Wall","floor":2,"gold_loss":0,"cards_upgraded":["Zap"]},{"damage_healed":0,"gold_gain":0,"player_choice":"Lose Max HP","damage_taken":0,"relics_obtained":["Golden Idol"],"max_hp_gain":0,"max_hp_loss":7,"event_name":"Golden Idol","floor":3,"gold_loss":0},{"damage_healed":0,"gold_gain":0,"player_choice":"Fought Mushrooms","damage_taken":0,"max_hp_gain":0,"max_hp_loss":0,"event_name":"Mushrooms","floor":13,"gold_loss":0},{"damage_healed":0,"gold_gain":0,"player_choice":"Ignored","damage_taken":0,"max_hp_gain":0,"max_hp_loss":0,"event_name":"The Mausoleum","floor":22,"gold_loss":0},{"damage_healed":0,"gold_gain":0,"cards_transformed":["Strike_B","Strike_B"],"player_choice":"Became Test Subject","damage_taken":0,"max_hp_gain":0,"max_hp_loss":0,"event_name":"Drug Dealer","floor":31,"gold_loss":0,"cards_obtained":["Creative AI","Reinforced Body"]},{"damage_healed":0,"gold_gain":0,"player_choice":"Fight","damage_taken":0,"max_hp_gain":0,"max_hp_loss":0,"event_name":"MindBloom","floor":36,"gold_loss":0},{"damage_healed":0,"gold_gain":0,"player_choice":"Ignored","damage_taken":0,"max_hp_gain":0,"max_hp_loss":0,"event_name":"Tomb of Lord Red Mask","floor":41,"gold_loss":0}],"is_beta":true,"boss_relics":[{"not_picked":["Pandora\u0027s Box","Tiny House"],"picked":"Runic Pyramid"},{"not_picked":["Nuclear Battery","Astrolabe"],"picked":"Cursed Key"}],"items_purged_floors":[20,38],"is_endless":false,"potions_floor_spawned":[1,7,13,18,28,30,33,42,48],"ascension_level":15}