{"gold_per_floor":[116,129,279,354,67,94,94,128,128,128,143,143,143,154,154,226,226,237,213,231,44,44,44],"floor_reached":23,"playtime":1664,"items_purged":["Doubt","Strike_G"],"score":378,"play_id":"966284f9-05c4-4d06-8a39-7bc5ac36c883","local_time":"20190304123120","is_ascension_mode":true,"campfire_choices":[{"floor":7,"key":"REST"},{"floor":10,"key":"REST"},{"data":"Neutralize","floor":12,"key":"SMITH"},{"data":"Sucker Punch","floor":15,"key":"SMITH"}],"neow_cost":"NONE","seed_source_timestamp":941229237914148,"circlet_count":0,"master_deck":["AscendersBane","Defend_G","Defend_G+1","Defend_G","Defend_G","Defend_G+1","Strike_G","Strike_G","Strike_G","Strike_G","Survivor","Neutralize+1","Sucker Punch+1","Terror","Infinite Blades","Leg Sweep","Dagger Spray","Heel Hook+1","Cloak And Dagger","Tools of the Trade","Heel Hook+1","Choke+1","Underhanded Strike+1","Flying Knee+1","Well Laid Plans","Footwork"],"relics":["Ring of the Snake","Boot","Paper Crane","Molten Egg 2","War Paint","Orrery"],"potions_floor_usage":[18,23],"damage_taken":[{"damage":0,"enemies":"Small Slimes","floor":1,"turns":5},{"damage":0,"enemies":"Jaw Worm","floor":2,"turns":4},{"damage":29,"enemies":"Lagavulin","floor":6,"turns":8},{"damage":33,"enemies":"Gremlin Nob","floor":8,"turns":5},{"damage":0,"enemies":"2 Louse","floor":11,"turns":3},{"damage":3,"enemies":"2 Fungi Beasts","floor":14,"turns":3},{"damage":33,"enemies":"Slime Boss","floor":16,"turns":13},{"damage":19,"enemies":"Shell Parasite","floor":18,"turns":5},{"damage":7,"enemies":"2 Thieves","floor":19,"turns":4},{"damage":8,"enemies":"Snake Plant","floor":20,"turns":5},{"damage":28,"enemies":"Gremlin Leader","floor":23,"turns":2}],"seed_played":"-5210729775762917689","potions_obtained":[{"floor":14,"key":"Ancient Potion"},{"floor":16,"key":"SkillPotion"},{"floor":18,"key":"EssenceOfSteel"}],"is_trial":false,"path_per_floor":["M","M","?","?","$","E","R","E","T","R","M","R","?","M","R","B",null,"M","M","M","$","?","E"],"character_chosen":"THE_SILENT","items_purchased":["Terror","Infinite Blades","Leg Sweep","Footwork"],"campfire_rested":2,"item_purchase_floors":[5,5,5,21],"current_hp_per_floor":[59,59,59,48,48,19,38,5,5,24,24,24,46,43,43,10,52,33,26,18,18,18,0],"gold":44,"neow_bonus":"RANDOM_COMMON_RELIC","is_prod":false,"is_daily":false,"chose_seed":false,"campfire_upgraded":2,"win_rate":0,"timestamp":1551699080,"path_taken":["M","M","?","?","$","E","R","E","T","R","M","R","?","M","R","BOSS","M","M","M","$","?","E"],"build_version":"2019-02-06","purchased_purges":2,"victory":false,"max_hp_per_floor":[66,66,66,66,66,66,66,66,66,66,66,66,66,66,66,66,66,66,66,66,66,66,66],"card_choices":[{"not_picked":["Dagger Throw","Underhanded Strike"],"picked":"Sucker Punch","floor":1},{"not_picked":["Distraction","Masterful Stab","Outmaneuver"],"picked":"SKIP","floor":2},{"not_picked":["PiercingWail","Dodge and Roll"],"picked":"Dagger Spray","floor":6},{"not_picked":["Outmaneuver","Catalyst"],"picked":"Heel Hook","floor":8},{"not_picked":["Deflect","Bane+1","Poisoned Stab+1"],"picked":"SKIP","floor":11},{"not_picked":["Outmaneuver","Prepared"],"picked":"Cloak And Dagger","floor":14},{"not_picked":["Adrenaline","Die Die Die+1"],"picked":"Tools of the Trade","floor":16},{"not_picked":["Deflect","Quick Slash+1"],"picked":"Heel Hook+1","floor":17},{"not_picked":["Catalyst","PiercingWail"],"picked":"Choke+1","floor":17},{"not_picked":["Cloak And Dagger","PiercingWail"],"picked":"Underhanded Strike+1","floor":17},{"not_picked":["Outmaneuver","Poisoned Stab+1"],"picked":"Flying Knee+1","floor":17},{"not_picked":["Poisoned Stab+1","Quick Slash+1","Blade Dance"],"picked":"SKIP","floor":18},{"not_picked":["Blade Dance","Dagger Spray+1"],"picked":"Well Laid Plans","floor":19},{"not_picked":["Dagger Spray+1","Distraction","All Out Attack+1"],"picked":"SKIP","floor":20}],"player_experience":836385,"relics_obtained":[{"floor":6,"key":"Paper Crane"},{"floor":8,"key":"Molten Egg 2"},{"floor":9,"key":"War Paint"}],"event_choices":[{"damage_healed":0,"gold_gain":150,"player_choice":"AGREE","damage_taken":0,"max_hp_gain":0,"max_hp_loss":0,"event_name":"Liars Game","floor":3,"gold_loss":0,"cards_obtained":["Doubt"]},{"damage_healed":0,"gold_gain":75,"player_choice":"Gather Gold","damage_taken":11,"max_hp_gain":0,"max_hp_loss":0,"event_name":"World of Goop","floor":4,"gold_loss":0},{"damage_healed":22,"gold_gain":0,"player_choice":"Banana","damage_taken":0,"max_hp_gain":0,"max_hp_loss":0,"event_name":"Big Fish","floor":13,"gold_loss":0},{"damage_healed":0,"gold_gain":0,"player_choice":"Ignored","damage_taken":0,"max_hp_gain":0,"max_hp_loss":0,"event_name":"Ghosts","floor":22,"gold_loss":0}],"is_beta":true,"boss_relics":[{"not_picked":["Busted Crown","WristBlade"],"picked":"Orrery"}],"items_purged_floors":[5,21],"is_endless":false,"potions_floor_spawned":[14,16,18],"killed_by":"Gremlin Leader","ascension_level":18}