{"gold_per_floor":[118,98,117,12,28,58,76,92,119,149,185,197,225,6,6,83,83,59,59,6,6,6],"floor_reached":22,"playtime":896,"items_purged":["Strike_R"],"score":460,"play_id":"d68fbbfe-4ee5-4a24-8b78-548a8e977e0a","local_time":"20190207131038","is_ascension_mode":true,"campfire_choices":[{"data":"Body Slam","floor":12,"key":"SMITH"},{"data":"Barricade","floor":15,"key":"SMITH"}],"neow_cost":"NONE","seed_source_timestamp":1646670132589170,"circlet_count":0,"master_deck":["AscendersBane","Strike_R","Strike_R","Defend_R","Defend_R","Defend_R","Defend_R","Bash","Juggernaut","Cleave","Ghostly Armor","Discovery","Iron Wave","Body Slam+1","Headbutt","Barricade+1","Impervious","Reaper","Armaments"],"relics":["Burning Blood","Centennial Puzzle","MawBank","Odd Mushroom","Empty Cage"],"potions_floor_usage":[6,16,22,22],"damage_taken":[{"damage":8,"enemies":"2 Louse","floor":1,"turns":3},{"damage":2,"enemies":"Cultist","floor":3,"turns":4},{"damage":12,"enemies":"Small Slimes","floor":5,"turns":4},{"damage":37,"enemies":"Lagavulin","floor":6,"turns":7},{"damage":16,"enemies":"Blue Slaver","floor":7,"turns":4},{"damage":0,"enemies":"2 Fungi Beasts","floor":8,"turns":4},{"damage":8,"enemies":"3 Louse","floor":10,"turns":3},{"damage":13,"enemies":"The Mushroom Lair","floor":11,"turns":4},{"damage":11,"enemies":"Looter","floor":13,"turns":2},{"damage":6,"enemies":"Hexaghost","floor":16,"turns":8},{"damage":18,"enemies":"2 Thieves","floor":18,"turns":4},{"damage":34,"enemies":"3 Byrds","floor":22,"turns":5}],"seed_played":"-9004566421591651039","potions_obtained":[{"floor":2,"key":"Fire Potion"},{"floor":6,"key":"SpeedPotion"},{"floor":8,"key":"GamblersBrew"},{"floor":11,"key":"EssenceOfSteel"},{"floor":18,"key":"Regen Potion"}],"is_trial":false,"path_per_floor":["M","?","M","$","M","E","M","M","T","M","?","R","M","$","R","B",null,"M","?","$","?","M"],"character_chosen":"IRONCLAD","items_purchased":["Discovery","Impervious","Armaments"],"campfire_rested":0,"item_purchase_floors":[4,14,20],"current_hp_per_floor":[66,66,70,70,64,33,23,29,29,27,20,20,15,15,15,15,60,48,48,48,27,0],"gold":6,"neow_bonus":"ONE_RANDOM_RARE_CARD","is_prod":false,"is_daily":false,"chose_seed":false,"campfire_upgraded":2,"win_rate":0,"timestamp":1549541438,"path_taken":["M","?","M","$","M","E","?","M","T","M","?","R","M","$","R","BOSS","M","?","$","?","M"],"build_version":"2019-02-06","purchased_purges":1,"victory":false,"max_hp_per_floor":[75,75,75,75,75,75,75,75,75,75,75,75,75,75,75,75,75,75,75,75,80,80],"card_choices":[{"not_picked":["Body Slam","Havoc"],"picked":"Cleave","floor":1},{"not_picked":["Thunderclap","Sever Soul"],"picked":"Ghostly Armor","floor":3},{"not_picked":["Infernal Blade","Evolve","Second Wind"],"picked":"SKIP","floor":5},{"not_picked":["Double Tap","Burning Pact"],"picked":"Iron Wave","floor":6},{"not_picked":["Flex","Sever Soul"],"picked":"Body Slam","floor":7},{"not_picked":["Flex","Dropkick","Carnage"],"picked":"SKIP","floor":8},{"not_picked":["Second Wind","Seeing Red"],"picked":"Headbutt","floor":10},{"not_picked":["Flame Barrier","Body Slam"],"picked":"Barricade","floor":13},{"not_picked":["Dark Embrace","Immolate"],"picked":"Reaper","floor":16},{"not_picked":["Cleave","Searing Blow+1","Pummel"],"picked":"SKIP","floor":18}],"player_experience":741935,"relics_obtained":[{"floor":6,"key":"Centennial Puzzle"},{"floor":9,"key":"MawBank"},{"floor":11,"key":"Odd Mushroom"}],"event_choices":[{"damage_healed":0,"gold_gain":0,"player_choice":"Bought 1 Potion","damage_taken":0,"max_hp_gain":0,"max_hp_loss":0,"event_name":"The Woman in Blue","floor":2,"gold_loss":0},{"damage_healed":0,"gold_gain":0,"player_choice":"Fought Mushrooms","damage_taken":0,"max_hp_gain":0,"max_hp_loss":0,"event_name":"Mushrooms","floor":11,"gold_loss":0},{"damage_healed":0,"gold_gain":0,"player_choice":"Ignored","damage_taken":0,"max_hp_gain":0,"max_hp_loss":0,"event_name":"Ghosts","floor":19,"gold_loss":0},{"damage_healed":0,"gold_gain":0,"player_choice":"Shed Blood","damage_taken":26,"max_hp_gain":5,"max_hp_loss":0,"event_name":"Forgotten Altar","floor":21,"gold_loss":0}],"is_beta":true,"boss_relics":[{"not_picked":["Runic Dome","Tiny House"],"picked":"Empty Cage"}],"items_purged_floors":[14],"is_endless":false,"potions_floor_spawned":[6,8,10,11,13,18],"killed_by":"3 Byrds","ascension_level":19}