{"gold_per_floor":[117,97,107,126,145,145,178,178,247,259,270,303,331,331,331,404,404,417,417,417,429,263,263,282,282,282,282],"floor_reached":27,"playtime":2308,"items_purged":[],"score":401,"play_id":"675f676f-e1f2-475f-9d8e-5d859396ec1d","local_time":"20190309010508","is_ascension_mode":true,"campfire_choices":[{"data":"Zap","floor":6.0,"key":"SMITH"},{"data":"Hologram","floor":8.0,"key":"SMITH"},{"floor":15.0,"key":"REST"},{"data":"Loop","floor":23,"key":"SMITH"},{"floor":25,"key":"REST"}],"neow_cost":"NONE","seed_source_timestamp":0,"circlet_count":0,"master_deck":["AscendersBane","Strike_B","Strike_B","Defend_B","Defend_B","Defend_B","Defend_B","Zap+1","Dualcast","Ball Lightning","Go for the Eyes","Glacier","Cold Snap","Hologram+1","Lockon","Hologram","Fission","Redo","Beam Cell","Blizzard","Loop+1","All For One","Ball Lightning"],"special_seed":0,"relics":["Cracked Core","NeowsBlessing","Pocketwatch","Sundial","Omamori","Odd Mushroom","Ginger","Sozu","Orichalcum","Bottled Lightning"],"potions_floor_usage":[],"damage_taken":[{"damage":0.0,"enemies":"2 Louse","floor":1.0,"turns":1.0},{"damage":0.0,"enemies":"Cultist","floor":3.0,"turns":1.0},{"damage":0.0,"enemies":"Small Slimes","floor":4.0,"turns":1.0},{"damage":14.0,"enemies":"Exordium Wildlife","floor":5.0,"turns":5.0},{"damage":12.0,"enemies":"Gremlin Nob","floor":7.0,"turns":4.0},{"damage":11.0,"enemies":"Looter","floor":10.0,"turns":3.0},{"damage":6.0,"enemies":"Lots of Slimes","floor":11.0,"turns":3.0},{"damage":16.0,"enemies":"3 Sentries","floor":12.0,"turns":9.0},{"damage":4.0,"enemies":"The Mushroom Lair","floor":13.0,"turns":3.0},{"damage":21.0,"enemies":"Slime Boss","floor":16.0,"turns":14.0},{"damage":4.0,"enemies":"Chosen","floor":18.0,"turns":5.0},{"damage":9,"enemies":"Shell Parasite","floor":21,"turns":5},{"damage":24,"enemies":"Centurion and Healer","floor":24,"turns":6},{"damage":41,"enemies":"Gremlin Leader","floor":27,"turns":6}],"seed_played":"-4911289642989665192","potions_obtained":[{"floor":1.0,"key":"FearPotion"},{"floor":2.0,"key":"FearPotion"},{"floor":3.0,"key":"Ancient Potion"},{"floor":7.0,"key":"Ancient Potion"},{"floor":11.0,"key":"Poison Potion"},{"floor":16.0,"key":"Swift Potion"}],"is_trial":false,"path_per_floor":["M","?","M","M","M","R","E","R","T","M","M","E","?","T","R","B",null,"M","?","?","M","$","R","M","R","T","E"],"character_chosen":"DEFECT","items_purchased":["Orichalcum"],"campfire_rested":2,"item_purchase_floors":[22],"current_hp_per_floor":[64,64,64,64,50,50,38,38,38,27,21,5,1,1,22,1,54,50,50,50,41,41,41,17,38,38,0],"gold":282,"neow_bonus":"THREE_ENEMY_KILL","is_prod":false,"is_daily":false,"chose_seed":false,"campfire_upgraded":3,"win_rate":0,"timestamp":1552089908,"path_taken":["M","?","M","?","M","R","E","R","T","M","M","E","?","?","R","BOSS","M","?","?","?","?","R","M","R","T","E"],"build_version":"2019-02-06","purchased_purges":0,"victory":false,"max_hp_per_floor":[71,71,71,71,71,71,71,71,71,71,71,71,71,71,71,71,71,71,71,71,71,71,71,71,71,71,71],"card_choices":[{"not_picked":["Heatsinks","Defragment"],"picked":"Ball Lightning","floor":1.0},{"not_picked":["Scrape","Steam"],"picked":"Go for the Eyes","floor":3.0},{"not_picked":["Streamline","Melter"],"picked":"Glacier","floor":4.0},{"not_picked":["Compile Driver","Lockon"],"picked":"Cold Snap","floor":5.0},{"not_picked":["Thunder Strike","Melter"],"picked":"Hologram","floor":7.0},{"not_picked":["Heatsinks","Stack","Barrage"],"picked":"SKIP","floor":10.0},{"not_picked":["Rebound","Leap","Steam"],"picked":"SKIP","floor":11.0},{"not_picked":["Doom and Gloom","Steam Power"],"picked":"Lockon","floor":12.0},{"not_picked":["Sunder","Go for the Eyes"],"picked":"Hologram","floor":13.0},{"not_picked":["All For One","Thunder Strike"],"picked":"Fission","floor":16.0},{"not_picked":["Beam Cell","Go for the Eyes"],"picked":"Redo","floor":18.0},{"not_picked":["Beam Cell","Turbo","Redo"],"picked":"SKIP","floor":21},{"not_picked":["Compile Driver","Streamline+1"],"picked":"Ball Lightning","floor":24}],"player_experience":916678,"relics_obtained":[{"floor":7.0,"key":"Pocketwatch"},{"floor":9.0,"key":"Sundial"},{"floor":12.0,"key":"Omamori"},{"floor":13.0,"key":"Odd Mushroom"},{"floor":14.0,"key":"Ginger"},{"floor":26,"key":"Bottled Lightning"}],"event_choices":[{"damage_healed":0.0,"max_hp_gain":0.0,"max_hp_loss":0.0,"gold_gain":0.0,"event_name":"The Woman in Blue","player_choice":"Bought 1 Potion","floor":2.0,"gold_loss":0.0,"damage_taken":0.0},{"damage_healed":0.0,"max_hp_gain":0.0,"max_hp_loss":0.0,"gold_gain":0.0,"event_name":"Mushrooms","player_choice":"Fought Mushrooms","floor":13.0,"gold_loss":0.0,"damage_taken":0.0},{"damage_healed":0.0,"max_hp_gain":0.0,"max_hp_loss":0.0,"gold_gain":0.0,"cards_transformed":["Strike_B","Strike_B"],"event_name":"Drug Dealer","player_choice":"Became Test Subject","floor":19.0,"gold_loss":0.0,"damage_taken":0.0,"cards_obtained":["Beam Cell","Blizzard"]},{"damage_healed":0,"gold_gain":0,"player_choice":"2 cards matched","damage_taken":0,"max_hp_gain":0,"max_hp_loss":0,"event_name":"Match and Keep!","floor":20,"gold_loss":0,"cards_obtained":["Loop","All For One"]}],"is_beta":true,"boss_relics":[{"not_picked":["Velvet Choker","Runic Pyramid"],"picked":"Sozu"}],"items_purged_floors":[],"is_endless":false,"potions_floor_spawned":[1,3,7,11,16,21],"killed_by":"Gremlin Leader","ascension_level":16}