{"gold_per_floor":[216,233,233,75,75,75,95,110,133,146,159,159,173,73,73,175,175,191,209,308,308,183,183,209,226,226,226,236,90,90,105,105,204,204,214,214,231,231,249,249,8,42,66,66,84,97,97,111,111,111,111,111,11,36,36],"floor_reached":55,"playtime":12957,"items_purged":["Strike_R","Strike_R","Strike_R","Strike_R","Bash","Defend_R"],"score":720,"play_id":"02019eab-c1bd-41e5-8fcd-7722750d9b57","local_time":"20190312201705","is_ascension_mode":true,"campfire_choices":[{"data":"True Grit","floor":6.0,"key":"SMITH"},{"data":"Body Slam","floor":12.0,"key":"SMITH"},{"data":"Evolve","floor":15.0,"key":"SMITH"},{"floor":23.0,"key":"REST"},{"floor":27.0,"key":"REST"},{"floor":32.0,"key":"REST"},{"floor":40.0,"key":"REST"},{"floor":44.0,"key":"RECALL"},{"floor":47.0,"key":"REST"},{"floor":49.0,"key":"REST"},{"data":"Apotheosis","floor":52.0,"key":"SMITH"}],"neow_cost":"NONE","seed_source_timestamp":0,"circlet_count":0,"master_deck":["Defend_R","Defend_R","Defend_R","Iron Wave+1","Rampage","Uppercut","True Grit+1","Body Slam+1","Shockwave+1","Evolve+1","Pommel Strike+1","Impervious","Headbutt","Feel No Pain","Pommel Strike+1","Inflame","Thunderclap","Disarm","Body Slam+1","Apotheosis+1","Shrug It Off+1","Parasite"],"special_seed":0,"relics":["Burning Blood","Pen Nib","Mark of Pain","Smiling Mask","Philosopher\u0027s Stone","Lee\u0027s Waffle","Thread and Needle","Dream Catcher","Whetstone"],"potions_floor_usage":[54],"damage_taken":[{"damage":0.0,"enemies":"Small Slimes","floor":1.0,"turns":4.0},{"damage":0.0,"enemies":"2 Louse","floor":2.0,"turns":2.0},{"damage":0.0,"enemies":"Cultist","floor":7.0,"turns":3.0},{"damage":7.0,"enemies":"Gremlin Gang","floor":8.0,"turns":7.0},{"damage":4.0,"enemies":"Looter","floor":10.0,"turns":3.0},{"damage":3.0,"enemies":"Large Slime","floor":11.0,"turns":6.0},{"damage":1.0,"enemies":"Red Slaver","floor":13.0,"turns":3.0},{"damage":41.0,"enemies":"Slime Boss","floor":16.0,"turns":10.0},{"damage":2.0,"enemies":"2 Thieves","floor":18.0,"turns":3.0},{"damage":22.0,"enemies":"Spheric Guardian","floor":19.0,"turns":6.0},{"damage":47.0,"enemies":"Book of Stabbing","floor":24.0,"turns":7.0},{"damage":27.0,"enemies":"Snake Plant","floor":25.0,"turns":5.0},{"damage":10.0,"enemies":"Centurion and Healer","floor":28.0,"turns":6.0},{"damage":17.0,"enemies":"Snecko","floor":31.0,"turns":4.0},{"damage":55.0,"enemies":"Automaton","floor":33.0,"turns":8.0},{"damage":5.0,"enemies":"Orb Walker","floor":35.0,"turns":4.0},{"damage":24.0,"enemies":"3 Darklings","floor":37.0,"turns":6.0},{"damage":12.0,"enemies":"Spire Growth","floor":39.0,"turns":5.0},{"damage":20.0,"enemies":"Nemesis","floor":42.0,"turns":5.0},{"damage":7.0,"enemies":"4 Shapes","floor":45.0,"turns":4.0},{"damage":15.0,"enemies":"Transient","floor":46.0,"turns":5.0},{"damage":39.0,"enemies":"Writhing Mass","floor":48.0,"turns":6.0},{"damage":27.0,"enemies":"Donu and Deca","floor":50.0,"turns":9.0},{"damage":57,"enemies":"Shield and Spear","floor":54,"turns":5},{"damage":55,"enemies":"The Heart","floor":55,"turns":5}],"seed_played":"-3418953874001425080","potions_obtained":[{"floor":10.0,"key":"Regen Potion"},{"floor":16.0,"key":"PowerPotion"},{"floor":24.0,"key":"BloodPotion"},{"floor":25.0,"key":"PowerPotion"},{"floor":31.0,"key":"SkillPotion"},{"floor":39.0,"key":"Poison Potion"},{"floor":48.0,"key":"Dexterity Potion"}],"is_trial":false,"path_per_floor":["M","M","?","$","?","R","M","M","T","M","M","R","M","$","R","B",null,"M","M","?","?","$","R","E","M","T","R","M","$","?","M","R","B",null,"M","?","M","?","M","R","$","E","T","R","M","M","R","M","R","B",null,"R","$","E","B"],"character_chosen":"IRONCLAD","items_purchased":["Uppercut","True Grit","Thunderclap","Dexterity Potion","Lee\u0027s Waffle","SkillPotion"],"campfire_rested":6,"item_purchase_floors":[4,4,29,29,41,53],"current_hp_per_floor":[80,80,80,80,80,80,80,79,79,80,80,80,80,80,80,45,80,80,64,64,64,64,80,54,41,41,65,61,61,46,35,60,11,85,85,85,67,67,61,85,92,78,78,78,77,68,92,59,86,65,92,92,92,41,0],"gold":36,"neow_bonus":"HUNDRED_GOLD","is_prod":false,"is_daily":false,"chose_seed":false,"campfire_upgraded":4,"win_rate":0,"timestamp":1552436225,"path_taken":["M","M","?","$","?","R","M","?","T","M","?","R","M","$","R","BOSS","M","M","?","?","$","R","E","?","T","R","M","$","?","M","R","BOSS","M","?","M","?","M","R","$","E","T","R","?","M","R","M","R","BOSS","R","$","E","BOSS"],"build_version":"2019-01-23","purchased_purges":6,"victory":false,"max_hp_per_floor":[80,80,80,80,80,80,80,80,80,80,80,80,80,80,80,80,80,80,80,80,80,80,80,80,80,80,80,80,80,85,85,85,85,85,85,85,85,85,85,85,92,92,92,92,92,92,92,92,92,92,92,92,92,92,92],"card_choices":[{"not_picked":["Dropkick","Carnage"],"picked":"Iron Wave","floor":1.0},{"not_picked":["Ghostly Armor","Havoc"],"picked":"Rampage","floor":2.0},{"not_picked":["Seeing Red","Thunderclap"],"picked":"Body Slam","floor":7.0},{"not_picked":["Rampage","Headbutt"],"picked":"Shockwave","floor":8.0},{"not_picked":["Dropkick","Headbutt","Perfected Strike"],"picked":"SKIP","floor":10.0},{"not_picked":["Clash","Whirlwind"],"picked":"Evolve","floor":11.0},{"not_picked":["True Grit","Dropkick"],"picked":"Pommel Strike","floor":13.0},{"not_picked":["Dark Embrace","Feed"],"picked":"Impervious","floor":16.0},{"not_picked":["Evolve","Heavy Blade"],"picked":"Headbutt","floor":18.0},{"not_picked":["Wild Strike+1","Metallicize"],"picked":"Feel No Pain","floor":19.0},{"not_picked":["Heavy Blade","Headbutt"],"picked":"Pommel Strike+1","floor":24.0},{"not_picked":["Pummel","Dropkick"],"picked":"Inflame","floor":25.0},{"not_picked":["Evolve+1","Wild Strike","Armaments"],"picked":"SKIP","floor":28.0},{"not_picked":["Dropkick+1","Body Slam"],"picked":"Disarm","floor":31.0},{"not_picked":["Thunderclap","Second Wind+1"],"picked":"Body Slam+1","floor":35.0},{"not_picked":["Blind","The Bomb"],"picked":"Apotheosis","floor":36.0},{"not_picked":["Rampage+1","Flame Barrier+1"],"picked":"Shrug It Off+1","floor":37.0},{"not_picked":["Thunderclap+1","Pommel Strike","Headbutt+1"],"picked":"SKIP","floor":39.0},{"not_picked":["Havoc","Blood for Blood","Evolve"],"picked":"SKIP","floor":42.0},{"not_picked":["Sword Boomerang","Pommel Strike+1","Flex+1"],"picked":"SKIP","floor":45.0},{"not_picked":["Power Through+1","Thunderclap","Shrug It Off+1"],"picked":"SKIP","floor":46.0},{"not_picked":["Warcry","Twin Strike+1","Seeing Red"],"picked":"SKIP","floor":48.0},{"not_picked":["Anger","Seeing Red","Clothesline"],"picked":"SKIP","floor":54}],"player_experience":307661,"relics_obtained":[{"floor":9.0,"key":"Pen Nib"},{"floor":24.0,"key":"Smiling Mask"},{"floor":42.0,"key":"Thread and Needle"},{"floor":43.0,"key":"Dream Catcher"},{"floor":54,"key":"Whetstone"}],"event_choices":[{"damage_healed":0.0,"max_hp_gain":0.0,"max_hp_loss":0.0,"gold_gain":0.0,"event_name":"Scrap Ooze","player_choice":"Fled","floor":3.0,"gold_loss":0.0,"damage_taken":0.0},{"cards_removed":["Strike_R"],"damage_healed":0.0,"max_hp_gain":0.0,"max_hp_loss":0.0,"gold_gain":0.0,"event_name":"Bonfire Elementals","player_choice":"Offered Basic","floor":5.0,"gold_loss":0.0,"damage_taken":0.0},{"damage_healed":0.0,"max_hp_gain":0.0,"max_hp_loss":0.0,"gold_gain":99.0,"event_name":"Nest","player_choice":"Stole From Cult","floor":20.0,"gold_loss":0.0,"damage_taken":0.0},{"damage_healed":0.0,"max_hp_gain":0.0,"max_hp_loss":0.0,"gold_gain":0.0,"event_name":"Accursed Blacksmith","player_choice":"Forge","floor":21.0,"gold_loss":0.0,"damage_taken":0.0,"cards_upgraded":["Shockwave"]},{"damage_healed":0.0,"max_hp_gain":5.0,"max_hp_loss":0.0,"gold_gain":0.0,"event_name":"Forgotten Altar","player_choice":"Shed Blood","floor":30.0,"gold_loss":0.0,"damage_taken":20.0},{"damage_healed":0.0,"max_hp_gain":0.0,"max_hp_loss":0.0,"gold_gain":0.0,"event_name":"SensoryStone","player_choice":"Memory 1","floor":36.0,"gold_loss":0.0,"damage_taken":0.0},{"damage_healed":0.0,"max_hp_gain":0.0,"max_hp_loss":0.0,"gold_gain":0.0,"event_name":"Mysterious Sphere","player_choice":"Ignored","floor":38.0,"gold_loss":0.0,"damage_taken":0.0}],"is_beta":false,"boss_relics":[{"not_picked":["Calling Bell","Runic Pyramid"],"picked":"Mark of Pain"},{"not_picked":["Pandora\u0027s Box","Black Star"],"picked":"Philosopher\u0027s Stone"}],"items_purged_floors":[4,14,22,29,41,53],"is_endless":false,"potions_floor_spawned":[10,16,24,25,31,39,48],"killed_by":"The Heart","ascension_level":1}