{"gold_per_floor":[119,131,141,20,20,20,37,2,28,62,76,158,158,183,183,183],"floor_reached":16,"playtime":589,"items_purged":[],"score":185,"play_id":"c755c08c-f886-4036-a7b3-be9d3918cf0e","local_time":"20190311201305","is_ascension_mode":true,"campfire_choices":[{"data":"Zap","floor":6,"key":"SMITH"},{"data":"Dualcast","floor":13,"key":"SMITH"},{"data":"Tempest","floor":15,"key":"SMITH"}],"neow_cost":"PERCENT_DAMAGE","seed_source_timestamp":1574845934455550,"circlet_count":0,"master_deck":["AscendersBane","Strike_B","Strike_B","Strike_B","Defend_B","Defend_B","Defend_B","Defend_B","Zap+1","Dualcast+1","FTL","Scrape","BootSequence","Tempest+1","Gash","Go for the Eyes","Reinforced Body"],"relics":["Cracked Core","Ice Cream","Art of War","Lantern","Matryoshka","Odd Mushroom"],"potions_floor_usage":[10,11,14],"damage_taken":[{"damage":1,"enemies":"Cultist","floor":1,"turns":3},{"damage":6,"enemies":"Jaw Worm","floor":2,"turns":4},{"damage":8,"enemies":"2 Louse","floor":3,"turns":3},{"damage":8,"enemies":"Exordium Wildlife","floor":7,"turns":2},{"damage":13,"enemies":"3 Sentries","floor":10,"turns":6},{"damage":0,"enemies":"Large Slime","floor":11,"turns":3},{"damage":0,"enemies":"The Mushroom Lair","floor":14,"turns":3},{"damage":29,"enemies":"Hexaghost","floor":16,"turns":8}],"seed_played":"-8774356349938115267","potions_obtained":[{"floor":1,"key":"Swift Potion"},{"floor":3,"key":"SpeedPotion"},{"floor":7,"key":"Block Potion"},{"floor":11,"key":"Fire Potion"}],"is_trial":false,"path_per_floor":["M","M","M","$","?","R","M","?","T","E","M","T","R","?","R","B"],"character_chosen":"DEFECT","items_purchased":["Scrape","BootSequence"],"campfire_rested":0,"item_purchase_floors":[4,4],"current_hp_per_floor":[45,39,31,31,31,31,23,40,40,27,27,27,27,27,27,0],"gold":183,"neow_bonus":"ONE_RARE_RELIC","is_prod":false,"is_daily":false,"chose_seed":false,"campfire_upgraded":3,"win_rate":0,"timestamp":1552331585,"path_taken":["M","?","M","$","?","R","M","?","T","E","M","?","R","?","R","BOSS"],"build_version":"2019-02-06","purchased_purges":0,"victory":false,"max_hp_per_floor":[71,71,71,71,71,71,71,71,71,71,71,71,71,71,71,71],"card_choices":[{"not_picked":["Lockon","Stack","Heatsinks"],"picked":"SKIP","floor":1},{"not_picked":["Steam","Turbo","Redo"],"picked":"SKIP","floor":2},{"not_picked":["Aggregate","Ball Lightning"],"picked":"FTL","floor":3},{"not_picked":["Streamline","Hologram"],"picked":"Tempest","floor":7},{"not_picked":["Amplify","Redo"],"picked":"Gash","floor":10},{"not_picked":["Barrage","Streamline"],"picked":"Go for the Eyes","floor":11},{"not_picked":["Genetic Algorithm","Ball Lightning"],"picked":"Reinforced Body","floor":14}],"player_experience":954980,"relics_obtained":[{"floor":9,"key":"Art of War"},{"floor":10,"key":"Lantern"},{"floor":12,"key":"Matryoshka"},{"floor":14,"key":"Odd Mushroom"}],"event_choices":[{"cards_removed":["Strike_B"],"damage_healed":0,"gold_gain":0,"player_choice":"Forget","damage_taken":0,"max_hp_gain":0,"max_hp_loss":0,"event_name":"Living Wall","floor":5,"gold_loss":0},{"damage_healed":17,"gold_gain":0,"player_choice":"Healed","damage_taken":0,"max_hp_gain":0,"max_hp_loss":0,"event_name":"The Cleric","floor":8,"gold_loss":35},{"damage_healed":0,"gold_gain":0,"player_choice":"Fought Mushrooms","damage_taken":0,"max_hp_gain":0,"max_hp_loss":0,"event_name":"Mushrooms","floor":14,"gold_loss":0}],"is_beta":true,"boss_relics":[],"items_purged_floors":[],"is_endless":false,"potions_floor_spawned":[1,3,7,11],"killed_by":"Hexaghost","ascension_level":17}