{"gold_per_floor":[117,192,192,215,12,12,52,71,71,94,94,129,152,152,152,245,308,326,1,22,22,22],"floor_reached":22,"playtime":1041,"items_purged":["Strike_B"],"score":359,"play_id":"c2079df3-f2c9-41df-a265-408cdfd45e37","local_time":"20190311115615","is_ascension_mode":true,"campfire_choices":[{"data":"Zap","floor":6,"key":"SMITH"},{"floor":11,"key":"REST"},{"floor":15,"key":"REST"}],"neow_cost":"NONE","seed_source_timestamp":1544580290962400,"circlet_count":0,"master_deck":["AscendersBane","Strike_B+1","Strike_B","Strike_B+1","Defend_B","Defend_B","Defend_B+1","Defend_B","Zap+1","Dualcast","Conserve Battery","Gash","Beam Cell","Recycle","Steam","Sweeping Beam","Gash","Steam","Skim","Coolheaded","Genetic Algorithm","Steam+1","Chill"],"relics":["Cracked Core","Whetstone","Golden Idol","Torii","Symbiotic Virus","Pen Nib","Tiny House","Runic Capacitor"],"potions_floor_usage":[10,12,16,20],"damage_taken":[{"damage":4,"enemies":"Small Slimes","floor":1,"turns":4},{"damage":1,"enemies":"2 Louse","floor":4,"turns":2},{"damage":22,"enemies":"3 Sentries","floor":7,"turns":6},{"damage":1,"enemies":"Jaw Worm","floor":8,"turns":2},{"damage":2,"enemies":"Gremlin Gang","floor":10,"turns":4},{"damage":22,"enemies":"Gremlin Nob","floor":12,"turns":4},{"damage":12,"enemies":"Large Slime","floor":13,"turns":5},{"damage":12,"enemies":"Hexaghost","floor":16,"turns":7},{"damage":2,"enemies":"Shell Parasite","floor":18,"turns":4},{"damage":32,"enemies":"3 Byrds","floor":20,"turns":6},{"damage":20,"enemies":"Colosseum Slavers","floor":21,"turns":5},{"damage":11,"enemies":"Cultist and Chosen","floor":22,"turns":3}],"seed_played":"7019892933203755849","potions_obtained":[{"floor":1,"key":"FearPotion"},{"floor":8,"key":"Fire Potion"},{"floor":10,"key":"AttackPotion"},{"floor":13,"key":"FocusPotion"},{"floor":16,"key":"EssenceOfSteel"},{"floor":17,"key":"Strength Potion"}],"is_trial":false,"path_per_floor":["M","?","?","M","$","R","E","M","T","M","R","E","M","?","R","B",null,"M","$","M","?","M"],"character_chosen":"DEFECT","items_purchased":["Beam Cell","Recycle","Steam","Sweeping Beam","Chill","Runic Capacitor"],"campfire_rested":2,"item_purchase_floors":[5,5,5,5,19,19],"current_hp_per_floor":[60,49,49,48,48,48,26,25,25,23,42,20,8,8,27,15,57,55,55,23,3,0],"gold":22,"neow_bonus":"RANDOM_COMMON_RELIC","is_prod":false,"is_daily":false,"chose_seed":false,"campfire_upgraded":1,"win_rate":0,"timestamp":1552301775,"path_taken":["M","?","?","M","?","R","E","M","T","M","R","E","?","?","R","BOSS","M","$","M","?","M"],"build_version":"2019-02-06","purchased_purges":1,"victory":false,"max_hp_per_floor":[71,71,64,64,64,64,64,64,64,64,64,64,64,64,64,64,69,69,69,69,69,69],"card_choices":[{"not_picked":["Turbo","Tempest"],"picked":"Conserve Battery","floor":1},{"not_picked":["Aggregate","Beam Cell"],"picked":"Gash","floor":4},{"not_picked":["Defragment","Biased Cognition"],"picked":"Gash","floor":7},{"not_picked":["Ball Lightning","Rebound"],"picked":"Steam","floor":8},{"not_picked":["Beam Cell","Stack","Defragment"],"picked":"SKIP","floor":10},{"not_picked":["Sweeping Beam","Aggregate"],"picked":"Skim","floor":12},{"not_picked":["Blizzard","Barrage"],"picked":"Coolheaded","floor":13},{"not_picked":["Chaos","Aggregate"],"picked":"Genetic Algorithm","floor":17},{"not_picked":["Leap","Turbo"],"picked":"Steam+1","floor":18},{"not_picked":["Barrage+1","Rebound","Cold Snap"],"picked":"SKIP","floor":20}],"player_experience":945256,"relics_obtained":[{"floor":7,"key":"Torii"},{"floor":9,"key":"Symbiotic Virus"},{"floor":12,"key":"Pen Nib"}],"event_choices":[{"damage_healed":0,"gold_gain":75,"player_choice":"Gather Gold","damage_taken":11,"max_hp_gain":0,"max_hp_loss":0,"event_name":"World of Goop","floor":2,"gold_loss":0},{"damage_healed":0,"gold_gain":0,"player_choice":"Lose Max HP","damage_taken":0,"relics_obtained":["Golden Idol"],"max_hp_gain":0,"max_hp_loss":7,"event_name":"Golden Idol","floor":3,"gold_loss":0},{"damage_healed":0,"gold_gain":0,"player_choice":"Ignored","damage_taken":0,"max_hp_gain":0,"max_hp_loss":0,"event_name":"Shining Light","floor":14,"gold_loss":0},{"damage_healed":0,"gold_gain":0,"player_choice":"Fight","damage_taken":0,"max_hp_gain":0,"max_hp_loss":0,"event_name":"Colosseum","floor":21,"gold_loss":0},{"damage_healed":0,"gold_gain":0,"player_choice":"Fled From Nobs","damage_taken":0,"max_hp_gain":0,"max_hp_loss":0,"event_name":"Colosseum","floor":21,"gold_loss":0}],"is_beta":true,"boss_relics":[{"not_picked":["Snecko Eye","Coffee Dripper"],"picked":"Tiny House"}],"items_purged_floors":[19],"is_endless":false,"potions_floor_spawned":[1,8,10,13,16],"killed_by":"Cultist and Chosen","ascension_level":17}