{"path_per_floor":["M","M","?","?","?","R","E","M","T","E","?","R","M","M","R","B",null,"M","$","M","?","?","R","?","E","T","M","R","E","M","E","R","B",null,"M","M"],"character_chosen":"IRONCLAD","items_purchased":["Infernal Blade"],"gold_per_floor":[113,133,133,83,183,183,214,229,229,257,257,257,271,282,282,380,380,399,286,301,333,248,248,173,200,200,213,213,272,291,325,325,426,426,443,463],"floor_reached":37,"campfire_rested":0,"playtime":3645,"current_hp_per_floor":[80,80,80,80,80,80,78,80,80,72,56,56,62,68,68,23,80,80,80,80,80,87,87,87,87,87,87,87,68,65,57,57,32,87,75,50],"items_purged":["Strike_R"],"gold":463,"score":412,"play_id":"136a8bee-9e02-4ff9-94d1-99641c1b5b1b","is_prod":false,"is_daily":false,"is_ascension_mode":false,"campfire_upgraded":6,"path_taken":["M","M","?","?","?","R","E","?","T","E","?","R","M","M","R","BOSS","M","$","M","?","?","R","?","E","T","?","R","E","M","E","R","BOSS","M","?","M"],"build_version":"2018-02-08-BETA1","purchased_purges":1,"victory":false,"master_deck":["Strike_R+1","Strike_R","Defend_R+1","Defend_R","Defend_R","Defend_R","Bash","Heavy Blade+1","Pommel Strike+1","Thunderclap+1","Iron Wave","Warcry+1","Power Through","Body Slam+1","Immolate+1","Feel No Pain","Infernal Blade","Flame Barrier","Shrug It Off","Parasite","Evolve+1","Demon Form+1","Havoc","Armaments+1"],"max_hp_per_floor":[80,80,80,80,80,80,80,80,80,80,80,80,80,80,80,80,80,80,80,80,80,87,87,87,87,87,87,87,87,87,87,87,87,87,87,87],"relics":["Burning Blood","Toolbox","Whetstone","Charon\u0027s Ashes","Bag of Preparation","Cursed Key","Red Mask","Strawberry","Molten Egg 2","Bottled Lightning","Tiny Chest","Darkstone Periapt","Sozu"],"card_choices":[{"not_picked":["Flex","Wild Strike"],"picked":"Pommel Strike"},{"not_picked":["Wild Strike","Clash"],"picked":"Thunderclap"},{"not_picked":["Thunderclap","Uppercut"],"picked":"Iron Wave"},{"not_picked":["Juggernaut","Iron Wave"],"picked":"Warcry"},{"not_picked":["True Grit","Wild Strike"],"picked":"Power Through"},{"not_picked":["Pummel","Corruption"],"picked":"Body Slam"},{"not_picked":["Offering","Feed"],"picked":"Immolate"},{"not_picked":["Thunderclap","Wild Strike"],"picked":"Feel No Pain"},{"not_picked":["Fire Breathing","Clash"],"picked":"Flame Barrier"},{"not_picked":["Hemokinesis","Spot Weakness"],"picked":"Shrug It Off"},{"not_picked":["Pommel Strike","Perfected Strike"],"picked":"Evolve"},{"not_picked":["Headbutt","Sword Boomerang"],"picked":"Demon Form"},{"not_picked":["Sword Boomerang","Infernal Blade"],"picked":"Havoc"},{"not_picked":["Bloodletting","Wild Strike"],"picked":"Armaments"}],"player_experience":60271,"potions_floor_usage":[],"damage_taken":[{"damage":0.0,"enemies":"2 Louse","floor":1.0,"turns":4.0},{"damage":0.0,"enemies":"Small Slimes","floor":2.0,"turns":3.0},{"damage":8.0,"enemies":"3 Sentries","floor":7.0,"turns":6.0},{"damage":4.0,"enemies":"Blue Slaver","floor":8.0,"turns":3.0},{"damage":14.0,"enemies":"Gremlin Nob","floor":10.0,"turns":3.0},{"damage":0.0,"enemies":"2 Fungi Beasts","floor":13.0,"turns":3.0},{"damage":0.0,"enemies":"Red Slaver","floor":14.0,"turns":4.0},{"damage":51.0,"enemies":"Slime Boss","floor":16.0,"turns":14.0},{"damage":4.0,"enemies":"3 Byrds","floor":18.0,"turns":5.0},{"damage":0.0,"enemies":"Shell Parasite","floor":20.0,"turns":4.0},{"damage":6.0,"enemies":"Masked Bandits","floor":21.0,"turns":3.0},{"damage":0.0,"enemies":"Slavers","floor":25.0,"turns":2.0},{"damage":0.0,"enemies":"Snecko","floor":27.0,"turns":3.0},{"damage":25.0,"enemies":"Gremlin Leader","floor":29.0,"turns":5.0},{"damage":9.0,"enemies":"Cultist and Chosen","floor":30.0,"turns":8.0},{"damage":14.0,"enemies":"Slavers","floor":31.0,"turns":4.0},{"damage":31.0,"enemies":"Champ","floor":33.0,"turns":11.0},{"damage":18,"enemies":"Orb Walker","floor":35,"turns":4},{"damage":31,"enemies":"3 Darklings","floor":36,"turns":4},{"damage":64,"enemies":"Flame Bruiser 2 Orb","floor":37,"turns":2}],"event_choices":[{"event_name":"Big Fish","player_choice":"Box","floor":3.0,"damage_taken":0.0},{"event_name":"The Cleric","player_choice":"Card Removal","floor":4.0,"damage_taken":0.0},{"event_name":"Golden Shrine","player_choice":"Pray","floor":5.0,"damage_taken":0.0},{"event_name":"Shining Light","player_choice":"Entered Light","floor":11.0,"damage_taken":0.0},{"event_name":"Masked Bandits","player_choice":"Fought over 301 gold","floor":21.0,"damage_taken":0.0},{"event_name":"Addict","player_choice":"Obtained Relic","floor":22.0,"damage_taken":0.0},{"event_name":"Beggar","player_choice":"Gave Gold","floor":24.0,"damage_taken":0.0}],"boss_relics":[{"not_picked":["Astrolabe","Runic Pyramid"],"picked":"Sozu"}],"potions_floor_spawned":[8,14,16,21,25,27,30,35,36],"seed_played":"7338996693958525101","killed_by":"Flame Bruiser 2 Orb","ascension_level":0,"is_trial":false}