{"gold_per_floor":[368,368,368,382,407,407,436,476,556,556,556,243,243],"floor_reached":13,"playtime":423,"items_purged":["Strike_R"],"score":158,"play_id":"d7dc6f28-0020-4cba-b051-1db7107e3a7a","local_time":"20190206084246","is_ascension_mode":true,"campfire_choices":[{"data":"Inflame","floor":6,"key":"SMITH"},{"floor":10,"key":"REST"}],"neow_cost":"TEN_PERCENT_HP_LOSS","seed_source_timestamp":1544673086342363,"circlet_count":0,"master_deck":["AscendersBane","Strike_R","Strike_R","Strike_R","Strike_R","Defend_R","Defend_R","Defend_R","Defend_R","Bash+1","Shrug It Off","Cleave","Inflame+1","Pummel","Feed","Spot Weakness+1","Heavy Blade","Shrug It Off+1","Blind+1"],"relics":["Burning Blood","Golden Idol","Odd Mushroom","Smiling Mask","Toxic Egg 2","Dream Catcher"],"potions_floor_usage":[8,13],"damage_taken":[{"damage":1,"enemies":"Cultist","floor":1,"turns":3},{"damage":2,"enemies":"2 Louse","floor":4,"turns":3},{"damage":7,"enemies":"Small Slimes","floor":5,"turns":3},{"damage":23,"enemies":"The Mushroom Lair","floor":7,"turns":4},{"damage":46,"enemies":"Lagavulin","floor":8,"turns":7},{"damage":26,"enemies":"Gremlin Nob","floor":13,"turns":3}],"seed_played":"740033023456913172","potions_obtained":[{"floor":7,"key":"Fruit Juice"},{"floor":8,"key":"SkillPotion"}],"is_trial":false,"path_per_floor":["M","?","?","M","M","R","?","E","T","R","?","$","?"],"character_chosen":"IRONCLAD","items_purchased":["Spot Weakness+1","Heavy Blade","Shrug It Off+1","Blind+1"],"campfire_rested":1,"item_purchase_floors":[12,12,12,12],"current_hp_per_floor":[68,62,62,62,61,61,44,9,9,29,11,11,0],"gold":243,"neow_bonus":"TWO_FIFTY_GOLD","is_prod":false,"is_daily":false,"chose_seed":false,"campfire_upgraded":1,"win_rate":0,"timestamp":1549438966,"path_taken":["M","?","?","?","M","R","?","E","T","R","?","$","?"],"build_version":"2019-01-23","purchased_purges":1,"victory":false,"max_hp_per_floor":[68,62,62,62,62,62,62,67,67,67,67,67,67],"card_choices":[{"not_picked":["Sword Boomerang","Clash"],"picked":"Shrug It Off","floor":1},{"not_picked":["Headbutt","Clothesline"],"picked":"Cleave","floor":4},{"not_picked":["Spot Weakness","Heavy Blade"],"picked":"Inflame","floor":5},{"not_picked":["Headbutt","Intimidate"],"picked":"Pummel","floor":7},{"not_picked":["Anger","Flex"],"picked":"Feed","floor":8}],"player_experience":731756,"relics_obtained":[{"floor":7,"key":"Odd Mushroom"},{"floor":8,"key":"Smiling Mask"},{"floor":9,"key":"Toxic Egg 2"}],"event_choices":[{"damage_healed":0,"gold_gain":0,"player_choice":"Lose Max HP","damage_taken":0,"relics_obtained":["Golden Idol"],"max_hp_gain":0,"max_hp_loss":6,"event_name":"Golden Idol","floor":2,"gold_loss":0},{"damage_healed":0,"gold_gain":0,"player_choice":"Upgraded","damage_taken":0,"max_hp_gain":0,"max_hp_loss":0,"event_name":"Upgrade Shrine","floor":3,"gold_loss":0,"cards_upgraded":["Bash"]},{"damage_healed":0,"gold_gain":0,"player_choice":"Fought Mushrooms","damage_taken":0,"max_hp_gain":0,"max_hp_loss":0,"event_name":"Mushrooms","floor":7,"gold_loss":0},{"damage_healed":0,"gold_gain":0,"player_choice":"Success","damage_taken":18,"relics_obtained":["Dream Catcher"],"max_hp_gain":0,"max_hp_loss":0,"event_name":"Scrap Ooze","floor":11,"gold_loss":0},{"damage_healed":0,"gold_gain":0,"player_choice":"Searched \u00271\u0027 times","damage_taken":0,"max_hp_gain":0,"max_hp_loss":0,"event_name":"Dead Adventurer","floor":13,"gold_loss":0}],"is_beta":true,"boss_relics":[],"items_purged_floors":[12],"is_endless":false,"potions_floor_spawned":[7,8],"killed_by":"Gremlin Nob","ascension_level":19}