{"gold_per_floor":[111,122,122,140,155,155,155,180,180,205,76,76,146,146,146,239,239,258,308,46,69,84,84,64,89,114,158,158,192,218,230],"floor_reached":31,"playtime":1356,"items_purged":["Strike_B","Strike_B"],"score":509,"play_id":"b4694792-4261-4a61-9e7a-2a45a0177085","local_time":"20190307160925","is_ascension_mode":true,"campfire_choices":[{"data":"Dualcast","floor":6,"key":"SMITH"},{"data":"Defragment","floor":12,"key":"SMITH"},{"data":"Reinforced Body","floor":15,"key":"SMITH"},{"floor":23,"key":"REST"},{"floor":28,"key":"REST"}],"neow_cost":"NONE","seed_source_timestamp":1213843592013748,"circlet_count":0,"master_deck":["AscendersBane","Strike_B","Strike_B","Defend_B","Defend_B","Defend_B","Defend_B","Zap+1","Dualcast+1","Ball Lightning","Reinforced Body+1","Self Repair","Defragment+1","Ball Lightning","Electrodynamics","FTL","Auto Shields","Lockon","Electrodynamics"],"relics":["Cracked Core","Ice Cream","Letter Opener","Dodecahedron","Darkstone Periapt","Pear","Golden Idol","White Beast Statue","Potion Belt","Smiling Mask","Prayer Wheel","MawBank"],"potions_floor_usage":[10,16,25,27,29,29,30,31,31],"damage_taken":[{"damage":3,"enemies":"Jaw Worm","floor":1,"turns":4},{"damage":0,"enemies":"Cultist","floor":2,"turns":3},{"damage":0,"enemies":"2 Louse","floor":4,"turns":3},{"damage":4,"enemies":"2 Fungi Beasts","floor":5,"turns":3},{"damage":11,"enemies":"3 Sentries","floor":8,"turns":7},{"damage":27,"enemies":"Gremlin Nob","floor":10,"turns":4},{"damage":39,"enemies":"Hexaghost","floor":16,"turns":8},{"damage":9,"enemies":"Chosen","floor":18,"turns":4},{"damage":39,"enemies":"2 Thieves","floor":21,"turns":3},{"damage":4,"enemies":"Snecko","floor":22,"turns":4},{"damage":17,"enemies":"Centurion and Healer","floor":25,"turns":5},{"damage":20,"enemies":"Gremlin Leader","floor":27,"turns":4},{"damage":34,"enemies":"Book of Stabbing","floor":29,"turns":5},{"damage":19,"enemies":"Snake Plant","floor":30,"turns":4},{"damage":16,"enemies":"Sentry and Sphere","floor":31,"turns":3}],"seed_played":"-3522016398968710504","potions_obtained":[{"floor":5,"key":"EssenceOfSteel"},{"floor":10,"key":"Weak Potion"},{"floor":18,"key":"Swift Potion"},{"floor":21,"key":"SneckoOil"},{"floor":22,"key":"LiquidBronze"},{"floor":24,"key":"Strength Potion"},{"floor":25,"key":"SkillPotion"},{"floor":27,"key":"Energy Potion"},{"floor":29,"key":"SteroidPotion"},{"floor":30,"key":"Poison Potion"}],"is_trial":false,"path_per_floor":["M","M","?","M","M","R","?","E","T","E","$","R","T","?","R","B",null,"M","?","$","M","M","R","?","M","T","E","R","E","M","M"],"character_chosen":"DEFECT","items_purchased":["Ball Lightning","Potion Belt"],"campfire_rested":2,"item_purchase_floors":[11,20],"current_hp_per_floor":[61,61,61,61,57,57,62,51,51,31,31,31,41,41,41,9,61,59,59,59,27,30,53,53,43,43,30,53,26,7,0],"gold":230,"neow_bonus":"UPGRADE_CARD","is_prod":false,"is_daily":false,"chose_seed":false,"campfire_upgraded":3,"win_rate":0,"timestamp":1551971365,"path_taken":["M","M","?","M","?","R","?","E","T","E","?","R","?","?","R","BOSS","M","?","$","M","M","R","?","M","T","E","R","E","?","M"],"build_version":"2019-02-06","purchased_purges":2,"victory":false,"max_hp_per_floor":[71,71,71,71,71,71,76,76,76,76,76,76,86,78,78,78,78,78,78,78,78,78,78,78,78,78,78,78,78,78,78],"card_choices":[{"not_picked":["Turbo","Rebound"],"picked":"Ball Lightning","floor":1},{"not_picked":["Coolheaded","Steam"],"picked":"Sweeping Beam","floor":2},{"not_picked":["Undo","Sweeping Beam"],"picked":"Reinforced Body","floor":4},{"not_picked":["Cold Snap","Scrape","Heatsinks"],"picked":"SKIP","floor":5},{"not_picked":["Reprogram","BootSequence"],"picked":"Self Repair","floor":8},{"not_picked":["Sweeping Beam","Static Discharge"],"picked":"Defragment","floor":10},{"not_picked":["Rainbow","Creative AI"],"picked":"Electrodynamics","floor":16},{"not_picked":["Streamline","Beam Cell"],"picked":"FTL","floor":18},{"not_picked":["Fusion","Go for the Eyes+1","Rebound+1"],"picked":"SKIP","floor":21},{"not_picked":["Barrage","Go for the Eyes"],"picked":"Auto Shields","floor":22},{"not_picked":["Turbo","Coolheaded"],"picked":"Lockon","floor":25},{"not_picked":["Aggregate","Amplify"],"picked":"Electrodynamics","floor":27},{"not_picked":["Undo+1","Reinforced Body","Cold Snap"],"picked":"SKIP","floor":29},{"not_picked":["Coolheaded","Steam","Streamline"],"picked":"SKIP","floor":30},{"not_picked":["Beam Cell","Rebound","Cold Snap+1"],"picked":"SKIP","floor":30}],"player_experience":900595,"relics_obtained":[{"floor":8,"key":"Letter Opener"},{"floor":9,"key":"Dodecahedron"},{"floor":10,"key":"Darkstone Periapt"},{"floor":13,"key":"Pear"},{"floor":26,"key":"Smiling Mask"},{"floor":27,"key":"Prayer Wheel"},{"floor":29,"key":"MawBank"}],"event_choices":[{"cards_removed":["Sweeping Beam"],"damage_healed":0,"gold_gain":0,"player_choice":"Gave Card","damage_taken":0,"relics_obtained":["Ice Cream"],"max_hp_gain":0,"max_hp_loss":0,"event_name":"WeMeetAgain","floor":3,"gold_loss":0},{"damage_healed":0,"gold_gain":0,"player_choice":"Donut","damage_taken":0,"max_hp_gain":5,"max_hp_loss":0,"event_name":"Big Fish","floor":7,"gold_loss":0},{"damage_healed":0,"gold_gain":0,"player_choice":"Lose Max HP","damage_taken":0,"relics_obtained":["Golden Idol"],"max_hp_gain":0,"max_hp_loss":8,"event_name":"Golden Idol","floor":14,"gold_loss":0},{"damage_healed":0,"gold_gain":50,"player_choice":"Stole From Cult","damage_taken":0,"max_hp_gain":0,"max_hp_loss":0,"event_name":"Nest","floor":19,"gold_loss":0},{"damage_healed":0,"gold_gain":0,"player_choice":"Bought 1 Potion","damage_taken":0,"max_hp_gain":0,"max_hp_loss":0,"event_name":"The Woman in Blue","floor":24,"gold_loss":0}],"is_beta":true,"boss_relics":[{"not_picked":["Empty Cage","Coffee Dripper"],"picked":"White Beast Statue"}],"items_purged_floors":[11,20],"is_endless":false,"potions_floor_spawned":[5,10,18,21,22,25,27,29,30],"killed_by":"Sentry and Sphere","ascension_level":16}