{"gold_per_floor":[118,118,43,57,57,57,86,86,86,86,100,115,147,147,147,219,219,231,247,247,266,93,93,111,130,130,157,157,171,171,184,184,184],"floor_reached":33,"playtime":1659,"items_purged":["Strike_R"],"score":540,"play_id":"f8ce01cf-0642-4d67-b7bf-595ddea3ef70","local_time":"20190205153456","is_ascension_mode":true,"campfire_choices":[{"data":"Bash","floor":6,"key":"SMITH"},{"data":"Warcry","floor":10,"key":"SMITH"},{"data":"Ghostly Armor","floor":15,"key":"SMITH"},{"data":"Double Tap","floor":23,"key":"SMITH"},{"data":"Seeing Red","floor":28,"key":"SMITH"},{"floor":32,"key":"REST"}],"neow_cost":"NONE","seed_source_timestamp":1481759730758088,"circlet_count":0,"master_deck":["AscendersBane","Strike_R","Strike_R","Strike_R","Defend_R","Defend_R","Defend_R","Defend_R","Bash+1","Bludgeon+1","Iron Wave","Warcry+1","Ghostly Armor+1","Shrug It Off","Offering","Flame Barrier+1","Iron Wave+1","Double Tap+1","Seeing Red+1"],"relics":["Burning Blood","PreservedInsect","Dodecahedron","Bag of Preparation","Sozu","Kunai","Ice Cream"],"potions_floor_usage":[],"damage_taken":[{"damage":0,"enemies":"Small Slimes","floor":1,"turns":2},{"damage":12,"enemies":"Jaw Worm","floor":4,"turns":2},{"damage":20,"enemies":"3 Sentries","floor":7,"turns":7},{"damage":0,"enemies":"Cultist","floor":11,"turns":2},{"damage":1,"enemies":"2 Fungi Beasts","floor":12,"turns":4},{"damage":27,"enemies":"Gremlin Nob","floor":13,"turns":4},{"damage":39,"enemies":"The Guardian","floor":16,"turns":12},{"damage":13,"enemies":"2 Thieves","floor":18,"turns":4},{"damage":13,"enemies":"Chosen","floor":19,"turns":5},{"damage":6,"enemies":"Centurion and Healer","floor":21,"turns":6},{"damage":37,"enemies":"Snecko","floor":24,"turns":8},{"damage":6,"enemies":"Snake Plant","floor":25,"turns":2},{"damage":18,"enemies":"Slavers","floor":27,"turns":6},{"damage":6,"enemies":"Centurion and Healer","floor":29,"turns":7},{"damage":32,"enemies":"Shelled Parasite and Fungi","floor":31,"turns":3},{"damage":55,"enemies":"Champ","floor":33,"turns":12}],"seed_played":"4136443054918326520","potions_obtained":[{"floor":13,"key":"FairyPotion"},{"floor":14,"key":"FairyPotion"}],"is_trial":false,"path_per_floor":["M","?","$","M","?","R","E","?","T","R","M","M","E","?","R","B",null,"M","M","?","M","$","R","M","M","T","E","R","M","?","M","R","B"],"character_chosen":"IRONCLAD","items_purchased":["Double Tap"],"campfire_rested":1,"item_purchase_floors":[22],"current_hp_per_floor":[74,79,79,73,73,73,59,59,59,59,65,70,49,49,49,16,64,57,50,50,50,50,50,19,19,19,7,7,7,7,8,32,0],"gold":184,"neow_bonus":"ONE_RANDOM_RARE_CARD","is_prod":false,"is_daily":false,"chose_seed":false,"campfire_upgraded":5,"win_rate":0,"timestamp":1549377296,"path_taken":["M","?","$","M","?","R","E","?","T","R","M","?","E","?","R","BOSS","M","?","?","M","$","R","?","M","T","E","R","M","?","M","R","BOSS"],"build_version":"2019-01-23","purchased_purges":1,"victory":false,"max_hp_per_floor":[75,80,80,80,80,80,80,80,80,80,80,80,80,80,80,80,80,80,80,80,80,80,80,80,80,80,80,80,80,80,80,80,80],"card_choices":[{"not_picked":["Body Slam","Heavy Blade"],"picked":"Iron Wave","floor":1},{"not_picked":["Cleave","Pommel Strike"],"picked":"Warcry","floor":4},{"not_picked":["Perfected Strike","Sever Soul","Anger"],"picked":"SKIP","floor":7},{"not_picked":["Disarm","Headbutt"],"picked":"Ghostly Armor","floor":11},{"not_picked":["Perfected Strike","True Grit"],"picked":"Shrug It Off","floor":12},{"not_picked":["Rampage","Rage","Twin Strike"],"picked":"SKIP","floor":13},{"not_picked":["Feed","Berserk"],"picked":"Offering","floor":16},{"not_picked":["Havoc+1","Shrug It Off"],"picked":"Flame Barrier","floor":18},{"not_picked":["Combust","Thunderclap"],"picked":"Iron Wave+1","floor":19},{"not_picked":["Burning Pact","Perfected Strike","Armaments+1"],"picked":"SKIP","floor":21},{"not_picked":["Inflame","Exhume"],"picked":"Seeing Red","floor":24},{"not_picked":["Blood for Blood+1","True Grit","Feel No Pain"],"picked":"SKIP","floor":25},{"not_picked":["Power Through+1","Rupture+1","True Grit"],"picked":"SKIP","floor":27},{"not_picked":["Power Through+1","Rupture+1","True Grit"],"picked":"SKIP","floor":27},{"not_picked":["Cleave","Dropkick","Clothesline"],"picked":"SKIP","floor":29},{"not_picked":["Body Slam","Reckless Charge","Anger+1"],"picked":"SKIP","floor":31}],"player_experience":713480,"relics_obtained":[{"floor":7,"key":"PreservedInsect"},{"floor":9,"key":"Dodecahedron"},{"floor":13,"key":"Bag of Preparation"},{"floor":26,"key":"Kunai"},{"floor":27,"key":"Ice Cream"}],"event_choices":[{"damage_healed":0,"gold_gain":0,"player_choice":"Donut","damage_taken":0,"max_hp_gain":5,"max_hp_loss":0,"event_name":"Big Fish","floor":2,"gold_loss":0},{"damage_healed":0,"gold_gain":0,"player_choice":"Grow","damage_taken":0,"max_hp_gain":0,"max_hp_loss":0,"event_name":"Living Wall","floor":5,"gold_loss":0,"cards_upgraded":["Bludgeon"]},{"damage_healed":0,"gold_gain":0,"player_choice":"Ignored","damage_taken":0,"max_hp_gain":0,"max_hp_loss":0,"event_name":"Liars Game","floor":8,"gold_loss":0},{"damage_healed":0,"gold_gain":0,"player_choice":"Got Potions","damage_taken":0,"max_hp_gain":0,"max_hp_loss":0,"event_name":"Lab","floor":14,"gold_loss":0},{"damage_healed":0,"gold_gain":0,"player_choice":"Upgraded","damage_taken":0,"max_hp_gain":0,"max_hp_loss":0,"event_name":"Upgrade Shrine","floor":20,"gold_loss":0,"cards_upgraded":["Flame Barrier"]},{"cards_removed":["Strike_R"],"damage_healed":0,"gold_gain":0,"player_choice":"Offered Basic","damage_taken":0,"max_hp_gain":0,"max_hp_loss":0,"event_name":"Bonfire Elementals","floor":30,"gold_loss":0}],"is_beta":true,"boss_relics":[{"not_picked":["Runic Dome","Orrery"],"picked":"Sozu"}],"items_purged_floors":[3],"is_endless":false,"potions_floor_spawned":[13,16,18,25,31],"killed_by":"Champ","ascension_level":19}