{"gold_per_floor":[114,114,214,62,76,76,86,99,99,130,146,166,186,205,205,205],"floor_reached":16,"playtime":682,"items_purged":["Strike_R"],"score":207,"play_id":"3cc7efe0-91b4-4d1f-8583-c931c1c90a22","local_time":"20190212091732","is_ascension_mode":true,"campfire_choices":[{"data":"Heavy Blade","floor":6,"key":"SMITH"},{"data":"Sword Boomerang","floor":15,"key":"SMITH"}],"neow_cost":"NONE","seed_source_timestamp":133845066807040,"circlet_count":0,"master_deck":["AscendersBane","Strike_R","Strike_R","Strike_R","Strike_R","Defend_R","Defend_R","Defend_R","Defend_R","Bash","Cleave","Spot Weakness","Heavy Blade+1","Sword Boomerang+1","Sword Boomerang","Headbutt+1","True Grit","Feed+1","Shockwave"],"relics":["Burning Blood","Blood Vial","PreservedInsect","Molten Egg 2","Letter Opener"],"potions_floor_usage":[10,16],"damage_taken":[{"damage":3,"enemies":"Small Slimes","floor":1,"turns":4},{"damage":1,"enemies":"2 Louse","floor":5,"turns":3},{"damage":1,"enemies":"Cultist","floor":7,"turns":3},{"damage":7,"enemies":"Lots of Slimes","floor":8,"turns":2},{"damage":20,"enemies":"3 Sentries","floor":10,"turns":4},{"damage":16,"enemies":"Blue Slaver","floor":11,"turns":3},{"damage":24,"enemies":"Exordium Wildlife","floor":12,"turns":3},{"damage":2,"enemies":"Looter","floor":13,"turns":3},{"damage":9,"enemies":"Large Slime","floor":14,"turns":6},{"damage":48,"enemies":"The Guardian","floor":16,"turns":11}],"seed_played":"-9140936087247003447","potions_obtained":[{"floor":5,"key":"SkillPotion"},{"floor":7,"key":"SpeedPotion"},{"floor":8,"key":"Swift Potion"},{"floor":14,"key":"Swift Potion"}],"is_trial":false,"path_per_floor":["M","?","?","$","M","R","M","M","T","E","M","M","M","M","R","B"],"character_chosen":"IRONCLAD","items_purchased":["Spot Weakness"],"campfire_rested":0,"item_purchase_floors":[4],"current_hp_per_floor":[73,68,68,68,75,75,75,74,74,61,53,37,43,42,42,0],"gold":205,"neow_bonus":"RANDOM_COMMON_RELIC","is_prod":false,"is_daily":false,"chose_seed":false,"campfire_upgraded":2,"win_rate":0,"timestamp":1549959452,"path_taken":["M","?","?","$","?","R","M","M","T","E","?","M","M","M","R","BOSS"],"build_version":"2019-02-06","purchased_purges":1,"victory":false,"max_hp_per_floor":[75,75,75,75,75,75,75,75,75,75,75,75,75,75,75,75],"card_choices":[{"not_picked":["Twin Strike","True Grit"],"picked":"Cleave","floor":1},{"not_picked":["Anger","Perfected Strike"],"picked":"Heavy Blade","floor":5},{"not_picked":["Clothesline","Infernal Blade"],"picked":"Sword Boomerang","floor":7},{"not_picked":["Body Slam","Rupture"],"picked":"Sword Boomerang","floor":8},{"not_picked":["Barricade","Iron Wave+1"],"picked":"Headbutt+1","floor":10},{"not_picked":["Body Slam+1","Wild Strike+1","Reckless Charge+1"],"picked":"SKIP","floor":11},{"not_picked":["Warcry","Body Slam+1"],"picked":"True Grit","floor":12},{"not_picked":["Power Through","Infernal Blade"],"picked":"Feed+1","floor":13},{"not_picked":["Perfected Strike+1","Fire Breathing"],"picked":"Shockwave","floor":14}],"player_experience":750746,"relics_obtained":[{"floor":9,"key":"Molten Egg 2"},{"floor":10,"key":"Letter Opener"}],"event_choices":[{"damage_healed":0,"gold_gain":0,"player_choice":"Success","damage_taken":5,"relics_obtained":["PreservedInsect"],"max_hp_gain":0,"max_hp_loss":0,"event_name":"Scrap Ooze","floor":2,"gold_loss":0},{"damage_healed":0,"gold_gain":100,"player_choice":"Gold","damage_taken":0,"max_hp_gain":0,"max_hp_loss":0,"event_name":"Wheel of Change","floor":3,"gold_loss":0}],"is_beta":true,"boss_relics":[],"items_purged_floors":[4],"is_endless":false,"potions_floor_spawned":[5,7,8,14],"killed_by":"The Guardian","ascension_level":19}