{"gold_per_floor":[109,109,209,228,238,293,293,81,135,154,154,104,2,15,15,117,117,131,131,144,157,157,183,106,106,185,202,202,231,250,270,270,371,371,390,390,64,64,1063,1063,1090,167,167,187,200,0,31,43,43,43],"floor_reached":51,"playtime":4672,"items_purged":["Strike_G","Strike_G"],"score":870,"play_id":"7515c8a8-b2ce-4fce-ac0c-1e5551e8dd23","local_time":"20180814122808","is_ascension_mode":false,"campfire_choices":[{"data":"Quick Slash","floor":7,"key":"SMITH"},{"data":"Apotheosis","floor":11,"key":"SMITH"},{"floor":15,"key":"REST"},{"floor":28,"key":"DIG"},{"floor":32,"key":"REST"},{"floor":40,"key":"DIG"},{"floor":49,"key":"REST"}],"neow_cost":"NONE","seed_source_timestamp":262265627238288,"circlet_count":0,"master_deck":["Defend_G","Defend_G","Defend_G","Defend_G","Defend_G","Strike_G","Survivor","Neutralize+1","Unload","Acrobatics","Cloak And Dagger","Blur","Quick Slash+1","Apotheosis+1","Deadly Poison","Prepared","Underhanded Strike","After Image","Escape Plan","Calculated Gamble+1","Noxious Fumes","Flechettes","J.A.X.","Poisoned Stab","Deadly Poison","Distraction","Deflect+1","Finesse","Transmutation","Blind","Transmutation","Escape Plan","Backstab","Sucker Punch","Dash","Poisoned Stab","Flash of Steel","Distraction+1","Noxious Fumes+1","Backflip","Prepared"],"relics":["Ring of the Snake","Tiny Chest","Omamori","Runic Pyramid","Shovel","The Courier","Letter Opener","Orichalcum","Bottled Flame","Sozu","Kunai","Gambling Chip","Toolbox","Ninja Scroll","Paper Crane","Lantern","Mango","Red Mask","Tough Bandages"],"potions_floor_usage":[27,29,30,31,31],"damage_taken":[{"damage":0,"enemies":"Small Slimes","floor":1,"turns":3},{"damage":0,"enemies":"2 Louse","floor":4,"turns":3},{"damage":0,"enemies":"Jaw Worm","floor":5,"turns":4},{"damage":16,"enemies":"3 Sentries","floor":6,"turns":16},{"damage":0,"enemies":"Looter","floor":10,"turns":3},{"damage":10,"enemies":"Exordium Thugs","floor":14,"turns":4},{"damage":7,"enemies":"Hexaghost","floor":16,"turns":11},{"damage":4,"enemies":"Spheric Guardian","floor":18,"turns":5},{"damage":14,"enemies":"2 Thieves","floor":20,"turns":5},{"damage":1,"enemies":"Snake Plant","floor":21,"turns":5},{"damage":3,"enemies":"Book of Stabbing","floor":23,"turns":7},{"damage":4,"enemies":"Centurion and Healer","floor":27,"turns":5},{"damage":40,"enemies":"Gremlin Leader","floor":29,"turns":5},{"damage":1,"enemies":"Snecko","floor":30,"turns":3},{"damage":1,"enemies":"Snake Plant","floor":31,"turns":5},{"damage":14,"enemies":"Champ","floor":33,"turns":12},{"damage":7,"enemies":"Orb Walker","floor":35,"turns":4},{"damage":0,"enemies":"Nemesis","floor":41,"turns":9},{"damage":0,"enemies":"3 Darklings","floor":44,"turns":3},{"damage":0,"enemies":"4 Shapes","floor":45,"turns":3},{"damage":0,"enemies":"2 Orb Walkers","floor":47,"turns":3},{"damage":6,"enemies":"Flame Bruiser 2 Orb","floor":48,"turns":3},{"damage":3,"enemies":"Awakened One","floor":50,"turns":13}],"seed_played":"-2414411372436908647","potions_obtained":[{"floor":1,"key":"Energy Potion"},{"floor":4,"key":"SteroidPotion"},{"floor":5,"key":"GamblersBrew"},{"floor":23,"key":"AttackPotion"},{"floor":29,"key":"FearPotion"},{"floor":30,"key":"GhostInAJar"},{"floor":31,"key":"Ancient Potion"},{"floor":33,"key":"Block Potion"}],"is_trial":false,"path_per_floor":["M","?","?","M","M","E","R","$","T","M","R","?","$","M","R","B",null,"M","?","M","M","?","E","?","T","T","M","R","E","M","M","R","B",null,"M","?","$","?","?","R","E","$","T","M","M","?","E","M","R","B"],"character_chosen":"THE_SILENT","items_purchased":["Apotheosis","Prepared","Transmutation","Escape Plan","Backstab","Sucker Punch","Dash","Flash of Steel","Toolbox","Ninja Scroll","Paper Crane","Lantern"],"campfire_rested":3,"item_purchase_floors":[8,13,37,37,37,37,37,42,42,42,42,42],"current_hp_per_floor":[70,70,70,70,70,54,54,54,54,54,54,54,54,44,65,58,70,66,66,52,51,51,48,48,48,48,44,44,4,3,2,23,9,70,63,53,53,53,53,53,53,53,67,67,67,67,67,61,84,81],"gold":43,"neow_bonus":"ONE_RANDOM_RARE_CARD","is_prod":false,"is_daily":false,"chose_seed":false,"campfire_upgraded":2,"win_rate":0,"timestamp":1534264088,"path_taken":["M","?","?","M","M","E","R","$","T","M","R","?","$","?","R","BOSS","M","?","?","M","?","E","?","?","T","?","R","E","M","M","R","BOSS","M","?","$","?","?","R","E","$","T","?","M","?","E","?","R","BOSS"],"build_version":"2018-08-09","purchased_purges":2,"victory":true,"max_hp_per_floor":[70,70,70,70,70,70,70,70,70,70,70,70,70,70,70,70,70,70,70,70,70,70,70,70,70,70,70,70,70,70,70,70,70,70,70,70,70,70,70,70,70,70,84,84,84,84,84,84,84,84],"card_choices":[{"not_picked":["Choke","Eviscerate"],"picked":"Acrobatics","floor":1},{"not_picked":["Bane","Reflex"],"picked":"Cloak And Dagger","floor":4},{"not_picked":["Slice","Dagger Spray"],"picked":"Blur","floor":5},{"not_picked":["Prepared","Phantasmal Killer"],"picked":"Quick Slash","floor":6},{"not_picked":["Sucker Punch","Accuracy"],"picked":"Deadly Poison","floor":10},{"not_picked":["Outmaneuver","Expertise"],"picked":"Underhanded Strike","floor":14},{"not_picked":["Night Terror","Corpse Explosion"],"picked":"After Image","floor":16},{"not_picked":["Well Laid Plans+1","Blur"],"picked":"Escape Plan","floor":18},{"not_picked":["Choke","Quick Slash+1"],"picked":"Calculated Gamble+1","floor":20},{"not_picked":["Dash+1","Deflect+1"],"picked":"Noxious Fumes","floor":21},{"not_picked":["Quick Slash","Dodge and Roll"],"picked":"Flechettes","floor":23},{"not_picked":["Blade Dance","Acrobatics"],"picked":"Poisoned Stab","floor":27},{"not_picked":["Terror","Masterful Stab+1","Skewer"],"picked":"SKIP","floor":29},{"not_picked":["Backstab+1","Crippling Poison+1"],"picked":"Deadly Poison","floor":30},{"not_picked":["Dodge and Roll+1","All Out Attack"],"picked":"Distraction","floor":31},{"not_picked":["Night Terror","Burst"],"picked":"Tools of the Trade","floor":33},{"not_picked":["Dodge and Roll","Riddle With Holes"],"picked":"Deflect+1","floor":35},{"not_picked":["Enlightenment","Transmutation"],"picked":"Finesse","floor":36},{"not_picked":["Madness","Sadistic Nature"],"picked":"Transmutation","floor":36},{"not_picked":["Dramatic Entrance","Purity"],"picked":"Blind","floor":36},{"not_picked":["Catalyst+1","Flying Knee"],"picked":"Poisoned Stab","floor":41},{"not_picked":["Blade Dance","Dodge and Roll+1"],"picked":"Distraction+1","floor":44},{"not_picked":["Eviscerate+1","Deflect"],"picked":"Noxious Fumes+1","floor":45},{"not_picked":["Backstab","Eviscerate+1"],"picked":"Backflip","floor":47},{"not_picked":["Acrobatics+1","Quick Slash+1"],"picked":"Prepared","floor":48}],"player_experience":52456,"relics_obtained":[{"floor":6,"key":"Tiny Chest"},{"floor":9,"key":"Omamori"},{"floor":23,"key":"Shovel"},{"floor":25,"key":"The Courier"},{"floor":26,"key":"Letter Opener"},{"floor":28,"key":"Orichalcum"},{"floor":29,"key":"Bottled Flame"},{"floor":40,"key":"Kunai"},{"floor":41,"key":"Gambling Chip"},{"floor":43,"key":"Mango"},{"floor":47,"key":"Tough Bandages"}],"event_choices":[{"event_name":"Living Wall","player_choice":"Grow","floor":2,"damage_taken":0},{"event_name":"Wheel of Change","player_choice":"Gold","floor":3,"damage_taken":0},{"event_name":"The Cleric","player_choice":"Card Removal","floor":12,"damage_taken":0},{"event_name":"Ghosts","player_choice":"Ignored","floor":19,"damage_taken":0},{"event_name":"Purifier","player_choice":"One Purge","floor":22,"damage_taken":0},{"event_name":"Drug Dealer","player_choice":"Got JAXXED","floor":24,"damage_taken":0},{"event_name":"SensoryStone","player_choice":"Memory 3","floor":36,"damage_taken":0},{"event_name":"Falling","player_choice":"Removed Power","floor":38,"damage_taken":0},{"event_name":"MindBloom","player_choice":"Gold","floor":39,"damage_taken":0},{"event_name":"Tomb of Lord Red Mask","player_choice":"Paid","floor":46,"damage_taken":0}],"is_beta":false,"boss_relics":[{"not_picked":["Coffee Dripper","Runic Dome"],"picked":"Runic Pyramid"},{"not_picked":["White Beast Statue","Philosopher\u0027s Stone"],"picked":"Sozu"}],"items_purged_floors":[13,42],"is_endless":false,"potions_floor_spawned":[1,4,5,23,29,30,31,33,41,44,45],"ascension_level":0}