{"gold_per_floor":[112,187,187,44,60,60,79,79,79,79,139,139,156,169,169,169],"floor_reached":16,"playtime":271,"items_purged":["Regret"],"score":92,"play_id":"54f04d1e-5f4e-4418-9556-9ffa9ba7f4b5","local_time":"20190310203351","is_ascension_mode":false,"campfire_choices":[{"data":"Zap","floor":6,"key":"SMITH"},{"data":"Hologram","floor":8,"key":"SMITH"},{"data":"Dualcast","floor":12,"key":"SMITH"},{"data":"Defragment","floor":15,"key":"SMITH"}],"neow_cost":"NONE","seed_source_timestamp":8166778363427,"circlet_count":0,"master_deck":["Strike_B","Strike_B","Strike_B","Strike_B","Defend_B","Defend_B","Defend_B","Defend_B","Zap+1","Dualcast+1","Hologram+1","Tempest","Coolheaded","Blizzard","Defragment+1","Cold Snap"],"relics":["Cracked Core","Oddly Smooth Stone","Bronze Scales","Du-Vu Doll","SsserpentHead"],"potions_floor_usage":[16],"damage_taken":[{"damage":4,"enemies":"Small Slimes","floor":1,"turns":3},{"damage":1,"enemies":"Jaw Worm","floor":5,"turns":3},{"damage":0,"enemies":"Cultist","floor":7,"turns":3},{"damage":8,"enemies":"Lots of Slimes","floor":11,"turns":3},{"damage":6,"enemies":"2 Fungi Beasts","floor":13,"turns":3},{"damage":0,"enemies":"Exordium Wildlife","floor":14,"turns":2},{"damage":45,"enemies":"Slime Boss","floor":16,"turns":7}],"seed_played":"-6487765551434872030","potions_obtained":[{"floor":13,"key":"Dexterity Potion"},{"floor":14,"key":"Swift Potion"}],"is_trial":false,"path_per_floor":["M","?","?","$","M","R","M","R","T","?","M","R","M","M","R","B"],"character_chosen":"DEFECT","items_purchased":["Tempest"],"campfire_rested":0,"item_purchase_floors":[4],"current_hp_per_floor":[71,60,60,60,59,59,59,59,59,59,51,51,45,45,45,0],"gold":169,"neow_bonus":"RANDOM_COMMON_RELIC","is_prod":false,"is_daily":false,"chose_seed":false,"campfire_upgraded":4,"win_rate":0,"timestamp":1552271631,"path_taken":["M","?","?","$","M","R","M","R","T","?","?","R","M","M","R","BOSS"],"build_version":"2019-01-23","purchased_purges":1,"victory":false,"max_hp_per_floor":[75,75,75,75,75,75,75,75,75,75,75,75,75,75,75,75],"card_choices":[{"not_picked":["Double Energy","Rebound"],"picked":"Hologram","floor":1},{"not_picked":["Compile Driver","Beam Cell","Turbo"],"picked":"SKIP","floor":5},{"not_picked":["Force Field","Static Discharge"],"picked":"Coolheaded","floor":7},{"not_picked":["Heatsinks","Stack"],"picked":"Blizzard","floor":11},{"not_picked":["Loop","Self Repair"],"picked":"Defragment","floor":13},{"not_picked":["Lockon","Turbo"],"picked":"Cold Snap","floor":14}],"player_experience":1019354,"relics_obtained":[{"floor":9,"key":"Du-Vu Doll"}],"event_choices":[{"damage_healed":0,"gold_gain":75,"player_choice":"Gather Gold","damage_taken":11,"max_hp_gain":0,"max_hp_loss":0,"event_name":"World of Goop","floor":2,"gold_loss":0},{"damage_healed":0,"gold_gain":0,"player_choice":"Box","damage_taken":0,"relics_obtained":["Bronze Scales"],"max_hp_gain":0,"max_hp_loss":0,"event_name":"Big Fish","floor":3,"gold_loss":0,"cards_obtained":["Regret"]},{"damage_healed":0,"gold_gain":0,"player_choice":"Trade","damage_taken":0,"relics_obtained":["SsserpentHead"],"max_hp_gain":0,"max_hp_loss":0,"event_name":"FaceTrader","floor":10,"gold_loss":0}],"is_beta":false,"boss_relics":[],"items_purged_floors":[4],"is_endless":false,"potions_floor_spawned":[13,14],"killed_by":"Slime Boss","ascension_level":0}