{"gold_per_floor":[210,210,158,169,188,188,220,237,237,272,272,272,287,303,303,376,376,386,405,162,174,7,7,18,18,88,88,107,107,107,119,119,196,196,206,206,206,206,106,106,124,124,149,149],"floor_reached":44,"playtime":2371,"items_purged":["Strike_B","Strike_B"],"score":777,"play_id":"bf8b6a57-a486-4f6a-855c-fa286749935e","local_time":"20190308104201","is_ascension_mode":true,"campfire_choices":[{"data":"Sunder","floor":6.0,"key":"SMITH"},{"data":"Blizzard","floor":12.0,"key":"SMITH"},{"floor":15.0,"key":"REST"},{"floor":23.0,"key":"REST"},{"floor":29.0,"key":"REST"},{"data":"Zap","floor":30.0,"key":"SMITH"},{"floor":32.0,"key":"REST"},{"data":"Blizzard","floor":40.0,"key":"SMITH"}],"neow_cost":"NONE","seed_source_timestamp":1279390710727197,"circlet_count":0,"master_deck":["AscendersBane","Strike_B","Defend_B","Defend_B","Defend_B","Zap+1","Dualcast","Sweeping Beam","Cold Snap","Sunder+1","Conserve Battery","Blizzard+1","Chill","Blizzard+1","Go for the Eyes","Chill","Reboot","Coolheaded+1","Loop+1"],"special_seed":0,"relics":["Cracked Core","Bag of Marbles","WingedGreaves","Cables","Mango","Empty Cage","DataDisk","Anchor","Sundial","Sozu","Pear","Kunai","Vajra"],"potions_floor_usage":[],"damage_taken":[{"damage":1.0,"enemies":"Cultist","floor":1.0,"turns":3.0},{"damage":2.0,"enemies":"Jaw Worm","floor":4.0,"turns":3.0},{"damage":1.0,"enemies":"2 Louse","floor":5.0,"turns":2.0},{"damage":16.0,"enemies":"Gremlin Nob","floor":7.0,"turns":3.0},{"damage":8.0,"enemies":"Large Slime","floor":8.0,"turns":4.0},{"damage":11.0,"enemies":"Lagavulin","floor":10.0,"turns":4.0},{"damage":0.0,"enemies":"Blue Slaver","floor":13.0,"turns":1.0},{"damage":0.0,"enemies":"Looter","floor":14.0,"turns":1.0},{"damage":63.0,"enemies":"The Guardian","floor":16.0,"turns":15.0},{"damage":27.0,"enemies":"2 Thieves","floor":18.0,"turns":4.0},{"damage":24.0,"enemies":"Shell Parasite","floor":19.0,"turns":7.0},{"damage":10.0,"enemies":"Snecko","floor":21.0,"turns":5.0},{"damage":0.0,"enemies":"3 Cultists","floor":24.0,"turns":5.0},{"damage":13.0,"enemies":"Shelled Parasite and Fungi","floor":28.0,"turns":7.0},{"damage":4.0,"enemies":"Centurion and Healer","floor":31.0,"turns":6.0},{"damage":48.0,"enemies":"Collector","floor":33.0,"turns":9.0},{"damage":8.0,"enemies":"3 Darklings","floor":35.0,"turns":5.0},{"damage":0.0,"enemies":"Orb Walker","floor":41.0,"turns":3.0},{"damage":81,"enemies":"Giant Head","floor":44,"turns":10}],"seed_played":"-5301187544594237751","potions_obtained":[{"floor":1.0,"key":"SteroidPotion"},{"floor":4.0,"key":"FearPotion"},{"floor":10.0,"key":"Energy Potion"},{"floor":11.0,"key":"FairyPotion"},{"floor":14.0,"key":"Block Potion"},{"floor":18.0,"key":"GamblersBrew"},{"floor":19.0,"key":"SteroidPotion"}],"is_trial":false,"path_per_floor":["M","?","$","M","M","R","E","M","T","E","?","R","M","M","R","B",null,"M","M","$","M","$","R","M","?","T","?","M","R","R","M","R","B",null,"M","?","?","T","$","R","M","T","T","E"],"character_chosen":"DEFECT","items_purchased":["Cold Snap","DataDisk","Anchor"],"campfire_rested":4,"item_purchase_floors":[3,20,22],"current_hp_per_floor":[63,52,52,50,49,49,33,25,25,28,28,28,28,28,53,5,65,38,14,14,4,4,29,29,29,29,29,16,41,41,37,62,14,67,59,59,59,69,69,69,69,69,69,0],"gold":149,"neow_bonus":"HUNDRED_GOLD","is_prod":false,"is_daily":false,"chose_seed":false,"campfire_upgraded":4,"win_rate":0,"timestamp":1552038121,"path_taken":["M","?","$","M","M","R","E","M","T","E","?","R","M","M","R","BOSS","M","?","$","M","$","R","M","?","T","?","M","R","R","M","R","BOSS","M","?","?","?","$","R","M","?","T","E"],"build_version":"2019-02-06","purchased_purges":2,"victory":false,"max_hp_per_floor":[71,71,71,71,71,71,71,71,71,85,85,85,85,85,85,85,85,85,85,85,85,85,85,85,85,85,85,85,85,85,85,85,85,85,85,85,81,91,91,91,91,91,91,91],"card_choices":[{"not_picked":["Heatsinks","Leap"],"picked":"Sweeping Beam","floor":1.0},{"not_picked":["Barrage","Loop"],"picked":"Sunder","floor":4.0},{"not_picked":["Undo","FTL"],"picked":"Conserve Battery","floor":5.0},{"not_picked":["Rebound","Cold Snap"],"picked":"Blizzard","floor":7.0},{"not_picked":["Stack","Turbo","Gash"],"picked":"SKIP","floor":8.0},{"not_picked":["Streamline","Doom and Gloom"],"picked":"Chill","floor":10.0},{"not_picked":["Stack","Turbo","Beam Cell"],"picked":"SKIP","floor":13.0},{"not_picked":["Hologram","Consume"],"picked":"Blizzard","floor":14.0},{"not_picked":["Biased Cognition","Hyperbeam"],"picked":"Machine Learning","floor":16.0},{"not_picked":["Barrage","Darkness","Redo"],"picked":"SKIP","floor":18.0},{"not_picked":["Rebound","Ball Lightning"],"picked":"Go for the Eyes","floor":19.0},{"not_picked":["Buffer","Rip and Tear","Heatsinks"],"picked":"SKIP","floor":21.0},{"not_picked":["Stack","Compile Driver","Rebound"],"picked":"SKIP","floor":24.0},{"not_picked":["Steam+1","Redo"],"picked":"Chill","floor":28.0},{"not_picked":["Turbo","Barrage","Recycle+1"],"picked":"SKIP","floor":31.0},{"not_picked":["Hyperbeam","Biased Cognition"],"picked":"Reboot","floor":33.0},{"not_picked":["Chaos","Streamline"],"picked":"Coolheaded+1","floor":35.0},{"not_picked":["Ball Lightning","Conserve Battery"],"picked":"Loop+1","floor":41.0}],"player_experience":909238,"relics_obtained":[{"floor":7.0,"key":"WingedGreaves"},{"floor":9.0,"key":"Cables"},{"floor":10.0,"key":"Mango"},{"floor":26.0,"key":"Sundial"},{"floor":38.0,"key":"Pear"},{"floor":42.0,"key":"Kunai"},{"floor":43.0,"key":"Vajra"}],"event_choices":[{"damage_healed":0.0,"max_hp_gain":0.0,"max_hp_loss":0.0,"gold_gain":0.0,"event_name":"Scrap Ooze","player_choice":"Success","floor":2.0,"gold_loss":0.0,"damage_taken":11.0,"relics_obtained":["Bag of Marbles"]},{"damage_healed":0.0,"max_hp_gain":0.0,"max_hp_loss":0.0,"gold_gain":0.0,"event_name":"Lab","player_choice":"Got Potions","floor":11.0,"gold_loss":0.0,"damage_taken":0.0},{"damage_healed":0.0,"max_hp_gain":0.0,"max_hp_loss":0.0,"gold_gain":0.0,"event_name":"Ghosts","player_choice":"Ignored","floor":25.0,"gold_loss":0.0,"damage_taken":0.0},{"damage_healed":0.0,"max_hp_gain":0.0,"max_hp_loss":0.0,"gold_gain":0.0,"event_name":"Cursed Tome","player_choice":"Ignored","floor":27.0,"gold_loss":0.0,"damage_taken":0.0},{"cards_removed":["Machine Learning"],"damage_healed":0.0,"max_hp_gain":0.0,"max_hp_loss":0.0,"gold_gain":0.0,"event_name":"Falling","player_choice":"Removed Power","floor":36.0,"gold_loss":0.0,"damage_taken":0.0},{"damage_healed":0.0,"max_hp_gain":0.0,"max_hp_loss":4.0,"gold_gain":0.0,"event_name":"Winding Halls","player_choice":"Max HP","floor":37.0,"gold_loss":0.0,"damage_taken":0.0}],"is_beta":true,"boss_relics":[{"not_picked":["Tiny House","Runic Pyramid"],"picked":"Empty Cage"},{"not_picked":["Coffee Dripper","Snecko Eye"],"picked":"Sozu"}],"items_purged_floors":[20,39],"is_endless":false,"potions_floor_spawned":[1,4,10,14,18,19,41],"killed_by":"Giant Head","ascension_level":16}