{"gold_per_floor":[114,114,114,114,139,139,180,193,248,272,272,316,334,334],"floor_reached":14,"playtime":530,"items_purged":[],"score":170,"play_id":"4d6a726b-6be9-413b-baea-2694f81d0468","local_time":"20190127160108","is_ascension_mode":true,"campfire_choices":[{"data":"Sunder","floor":6,"key":"SMITH"}],"neow_cost":"NONE","seed_source_timestamp":706838115581390,"circlet_count":0,"master_deck":["AscendersBane","Strike_B","Strike_B","Strike_B","Strike_B","Defend_B","Defend_B","Defend_B","Zap","Dualcast","Sunder+1","Melter","Darkness","White Noise","Conserve Battery","Streamline"],"relics":["Cracked Core","Golden Idol","Omamori","Bag of Preparation","Regal Pillow"],"potions_floor_usage":[7,12,13],"damage_taken":[{"damage":0,"enemies":"2 Louse","floor":1,"turns":3},{"damage":7,"enemies":"Jaw Worm","floor":5,"turns":3},{"damage":10,"enemies":"Gremlin Nob","floor":7,"turns":3},{"damage":0,"enemies":"Small Slimes","floor":8,"turns":1},{"damage":9,"enemies":"Exordium Wildlife","floor":10,"turns":2},{"damage":30,"enemies":"Lagavulin","floor":12,"turns":8},{"damage":0,"enemies":"3 Louse","floor":13,"turns":2},{"damage":20,"enemies":"Gremlin Gang","floor":14,"turns":2}],"seed_played":"-5229993786098925399","potions_obtained":[{"floor":1,"key":"Swift Potion"},{"floor":8,"key":"Weak Potion"},{"floor":10,"key":"Poison Potion"},{"floor":11,"key":"Block Potion"},{"floor":13,"key":"Fruit Juice"}],"is_trial":false,"path_per_floor":["M","?","?","?","M","R","E","M","T","M","?","E","M","M"],"character_chosen":"DEFECT","items_purchased":[],"campfire_rested":0,"item_purchase_floors":[],"current_hp_per_floor":[64,64,64,69,62,62,52,52,52,43,43,13,18,0],"gold":334,"neow_bonus":"REMOVE_CARD","is_prod":false,"is_daily":false,"chose_seed":false,"campfire_upgraded":1,"win_rate":0,"timestamp":1548601268,"path_taken":["M","?","?","?","?","R","E","M","T","M","?","E","?","M"],"build_version":"2019-01-23","purchased_purges":0,"victory":false,"max_hp_per_floor":[71,66,66,71,71,71,71,71,71,71,71,71,76,76],"card_choices":[{"not_picked":["Reprogram","Leap"],"picked":"Sunder","floor":1},{"not_picked":["Reprogram","Turbo"],"picked":"Melter","floor":5},{"not_picked":["Reinforced Body","Rebound"],"picked":"Darkness","floor":7},{"not_picked":["Barrage","Ball Lightning"],"picked":"White Noise","floor":8},{"not_picked":["Turbo","Go for the Eyes"],"picked":"Conserve Battery","floor":10},{"not_picked":["Rebound","Turbo","Beam Cell"],"picked":"SKIP","floor":12},{"not_picked":["Rebound","Redo"],"picked":"Streamline","floor":13}],"player_experience":647526,"relics_obtained":[{"floor":7,"key":"Omamori"},{"floor":9,"key":"Bag of Preparation"},{"floor":12,"key":"Regal Pillow"}],"event_choices":[{"damage_healed":0,"gold_gain":0,"player_choice":"Lose Max HP","damage_taken":0,"relics_obtained":["Golden Idol"],"max_hp_gain":0,"max_hp_loss":5,"event_name":"Golden Idol","floor":2,"gold_loss":0},{"damage_healed":0,"gold_gain":0,"player_choice":"Ignored","damage_taken":0,"max_hp_gain":0,"max_hp_loss":0,"event_name":"Liars Game","floor":3,"gold_loss":0},{"damage_healed":0,"gold_gain":0,"player_choice":"Donut","damage_taken":0,"max_hp_gain":5,"max_hp_loss":0,"event_name":"Big Fish","floor":4,"gold_loss":0},{"damage_healed":0,"gold_gain":0,"player_choice":"Got Potions","damage_taken":0,"max_hp_gain":0,"max_hp_loss":0,"event_name":"Lab","floor":11,"gold_loss":0}],"is_beta":true,"boss_relics":[],"items_purged_floors":[],"is_endless":false,"potions_floor_spawned":[1,8,10,13],"killed_by":"Gremlin Gang","ascension_level":14}