{"gold_per_floor":[110,110,130,130,149,149,74,74,74,91,109,109,50,76,76,150,150,150,150,66,66,66,66,66,66,66,66,66],"floor_reached":28,"playtime":1253,"items_purged":["Defend_B"],"score":392,"play_id":"24d37462-2595-4a60-a35b-4311fb3035f8","local_time":"20190307124053","is_ascension_mode":true,"campfire_choices":[{"data":"Zap","floor":6,"key":"SMITH"},{"data":"Coolheaded","floor":8,"key":"SMITH"},{"floor":15,"key":"REST"},{"data":"Defragment","floor":23,"key":"SMITH"}],"neow_cost":"NONE","seed_source_timestamp":1201432376236745,"circlet_count":0,"master_deck":["AscendersBane","Strike_B","Strike_B+1","Strike_B","Defend_B","Defend_B","Defend_B","Zap+1","Dualcast+1","Cold Snap","BootSequence","Cold Snap","Coolheaded+1","White Noise","Conserve Battery","BootSequence","Echo Form","Defragment+1","Coolheaded"],"relics":["Cracked Core","Dodecahedron","Lantern","Ectoplasm","Ancient Tea Set"],"potions_floor_usage":[14,16,16,22],"damage_taken":[{"damage":0,"enemies":"Cultist","floor":1,"turns":3},{"damage":0,"enemies":"2 Louse","floor":3,"turns":2},{"damage":0,"enemies":"Jaw Worm","floor":5,"turns":3},{"damage":0,"enemies":"Exordium Wildlife","floor":10,"turns":3},{"damage":0,"enemies":"Large Slime","floor":11,"turns":4},{"damage":18,"enemies":"Gremlin Nob","floor":14,"turns":5},{"damage":6,"enemies":"The Guardian","floor":16,"turns":14},{"damage":0,"enemies":"Shell Parasite","floor":18,"turns":6},{"damage":5,"enemies":"Spheric Guardian","floor":21,"turns":4},{"damage":11,"enemies":"Centurion and Healer","floor":22,"turns":9},{"damage":16,"enemies":"Snake Plant","floor":24,"turns":6},{"damage":19,"enemies":"Gremlin Leader","floor":28,"turns":3}],"seed_played":"2159344900668880961","potions_obtained":[{"floor":3,"key":"SteroidPotion"},{"floor":5,"key":"Block Potion"},{"floor":14,"key":"Explosive Potion"},{"floor":18,"key":"AttackPotion"}],"is_trial":false,"path_per_floor":["M","?","M","?","M","R","$","R","T","M","M","?","$","E","R","B",null,"M","?","$","M","M","R","M","?","T","?","E"],"character_chosen":"DEFECT","items_purchased":["Conserve Battery","Defragment"],"campfire_rested":1,"item_purchase_floors":[13,20],"current_hp_per_floor":[64,43,43,36,36,36,36,36,36,36,36,36,36,18,39,33,62,62,62,62,57,46,46,30,30,30,10,0],"gold":66,"neow_bonus":"THREE_CARDS","is_prod":false,"is_daily":false,"chose_seed":false,"campfire_upgraded":3,"win_rate":0,"timestamp":1551958853,"path_taken":["M","?","M","?","M","R","?","R","T","M","?","?","?","E","R","BOSS","M","?","$","M","M","R","M","?","T","?","E"],"build_version":"2019-02-06","purchased_purges":1,"victory":false,"max_hp_per_floor":[71,71,71,71,71,71,71,71,71,71,71,71,71,71,71,71,71,71,71,71,71,71,71,71,71,71,76,76],"card_choices":[{"not_picked":["Force Field","Stack"],"picked":"Cold Snap","floor":0},{"not_picked":["Beam Cell","Gash"],"picked":"BootSequence","floor":1},{"not_picked":["Gash","Steam"],"picked":"Cold Snap","floor":3},{"not_picked":["Hologram","Gash"],"picked":"Coolheaded","floor":5},{"not_picked":["Melter","Recycle","Stack"],"picked":"SKIP","floor":10},{"not_picked":["Conserve Battery","Stack"],"picked":"White Noise","floor":11},{"not_picked":["Doom and Gloom","Reboot"],"picked":"BootSequence","floor":14},{"not_picked":["Creative AI","Core Surge"],"picked":"Echo Form","floor":16},{"not_picked":["Conserve Battery","Compile Driver","Go for the Eyes"],"picked":"SKIP","floor":18},{"not_picked":["Chaos","Stack"],"picked":"Coolheaded","floor":21},{"not_picked":["Heatsinks","BootSequence","Gash"],"picked":"SKIP","floor":22},{"not_picked":["Gash","Compile Driver","Conserve Battery"],"picked":"SKIP","floor":24}],"player_experience":889369,"relics_obtained":[{"floor":9,"key":"Dodecahedron"},{"floor":14,"key":"Lantern"},{"floor":26,"key":"Ancient Tea Set"}],"event_choices":[{"damage_healed":0,"gold_gain":0,"player_choice":"Entered Light","damage_taken":21,"max_hp_gain":0,"max_hp_loss":0,"event_name":"Shining Light","floor":2,"gold_loss":0,"cards_upgraded":["Strike_B","Dualcast"]},{"cards_removed":["Strike_B"],"damage_healed":0,"gold_gain":0,"player_choice":"Card Removal","damage_taken":7,"max_hp_gain":0,"max_hp_loss":0,"event_name":"Golden Wing","floor":4,"gold_loss":0},{"damage_healed":0,"gold_gain":0,"player_choice":"Leave","damage_taken":0,"max_hp_gain":0,"max_hp_loss":0,"event_name":"FaceTrader","floor":12,"gold_loss":0},{"damage_healed":0,"gold_gain":0,"player_choice":"Ignored","damage_taken":0,"max_hp_gain":0,"max_hp_loss":0,"event_name":"The Mausoleum","floor":19,"gold_loss":0},{"damage_healed":0,"gold_gain":0,"player_choice":"Ignored","damage_taken":0,"max_hp_gain":0,"max_hp_loss":0,"event_name":"Ghosts","floor":25,"gold_loss":0},{"damage_healed":0,"gold_gain":0,"player_choice":"Shed Blood","damage_taken":25,"max_hp_gain":5,"max_hp_loss":0,"event_name":"Forgotten Altar","floor":27,"gold_loss":0}],"is_beta":true,"boss_relics":[{"not_picked":["Fusion Hammer","Busted Crown"],"picked":"Ectoplasm"}],"items_purged_floors":[7],"is_endless":false,"potions_floor_spawned":[3,5,14,18],"killed_by":"Gremlin Leader","ascension_level":16}