{"gold_per_floor":[110,35,35,35,55,55,70,70,125,158,158,158,158,173,173,250,250,267,283,301,311,311,311],"floor_reached":23,"playtime":832,"items_purged":["Decay"],"score":344,"play_id":"49d20965-0977-46f4-9fb4-d9e5f0a877f2","local_time":"20190307190516","is_ascension_mode":true,"campfire_choices":[{"data":"Electrodynamics","floor":6,"key":"SMITH"},{"data":"Zap","floor":8,"key":"SMITH"},{"data":"Lockon","floor":11,"key":"SMITH"},{"floor":13,"key":"REST"},{"data":"Defragment","floor":15,"key":"SMITH"}],"neow_cost":"CURSE","seed_source_timestamp":1224913302677372,"circlet_count":0,"master_deck":["AscendersBane","Strike_B","Strike_B","Defend_B+1","Defend_B","Defend_B+1","Defend_B","Zap+1","Dualcast+1","Electrodynamics+1","Capacitor","Lockon+1","Ball Lightning","BootSequence","Defragment+1","Thunder Strike","Leap","Auto Shields","Capacitor+1","Cold Snap","Fission","Consume"],"relics":["Cracked Core","Vajra","Pen Nib","Black Star"],"potions_floor_usage":[16],"damage_taken":[{"damage":7,"enemies":"2 Louse","floor":1,"turns":3},{"damage":8,"enemies":"Cultist","floor":5,"turns":4},{"damage":4,"enemies":"Small Slimes","floor":7,"turns":3},{"damage":14,"enemies":"Lagavulin","floor":10,"turns":6},{"damage":1,"enemies":"Looter","floor":14,"turns":2},{"damage":12,"enemies":"Hexaghost","floor":16,"turns":7},{"damage":19,"enemies":"Spheric Guardian","floor":18,"turns":4},{"damage":4,"enemies":"Shell Parasite","floor":19,"turns":4},{"damage":21,"enemies":"Centurion and Healer","floor":20,"turns":5},{"damage":1,"enemies":"Snecko","floor":21,"turns":4},{"damage":38,"enemies":"Slavers","floor":23,"turns":3}],"seed_played":"8019641978460369946","potions_obtained":[{"floor":1,"key":"FairyPotion"},{"floor":7,"key":"Dexterity Potion"},{"floor":19,"key":"Strength Potion"}],"is_trial":false,"path_per_floor":["M","$","?","?","M","R","M","R","T","E","R","?","R","M","R","B",null,"M","M","M","M","?","E"],"character_chosen":"DEFECT","items_purchased":[],"campfire_rested":1,"item_purchase_floors":[],"current_hp_per_floor":[57,57,62,39,31,31,27,27,27,13,13,13,35,34,34,22,63,44,40,19,18,18,0],"gold":311,"neow_bonus":"THREE_RARE_CARDS","is_prod":false,"is_daily":false,"chose_seed":false,"campfire_upgraded":4,"win_rate":0,"timestamp":1551981916,"path_taken":["M","$","?","?","M","R","M","R","T","E","R","?","R","M","R","BOSS","M","?","M","M","?","E"],"build_version":"2019-02-06","purchased_purges":1,"victory":false,"max_hp_per_floor":[71,71,76,76,76,76,76,76,76,76,76,76,76,76,76,76,76,76,76,76,76,76,76],"card_choices":[{"not_picked":["Multi-Cast","Meteor Strike"],"picked":"Electrodynamics","floor":0},{"not_picked":["Go for the Eyes","Cold Snap"],"picked":"Capacitor","floor":1},{"not_picked":["Consume","Rebound"],"picked":"Lockon","floor":5},{"not_picked":["Beam Cell","Coolheaded"],"picked":"Ball Lightning","floor":7},{"not_picked":["Barrage","Stack"],"picked":"BootSequence","floor":10},{"not_picked":["Coolheaded","Meteor Strike"],"picked":"Defragment","floor":14},{"not_picked":["Hyperbeam","Multi-Cast"],"picked":"Thunder Strike","floor":16},{"not_picked":["Redo","Turbo"],"picked":"Leap","floor":18},{"not_picked":["Coolheaded","Melter"],"picked":"Auto Shields","floor":19},{"not_picked":["Steam+1","Steam Power"],"picked":"Capacitor+1","floor":20},{"not_picked":["Redo+1","Ball Lightning"],"picked":"Cold Snap","floor":21}],"player_experience":905314,"relics_obtained":[{"floor":9,"key":"Vajra"},{"floor":10,"key":"Pen Nib"}],"event_choices":[{"damage_healed":0,"gold_gain":0,"player_choice":"Donut","damage_taken":0,"max_hp_gain":5,"max_hp_loss":0,"event_name":"Big Fish","floor":3,"gold_loss":0},{"damage_healed":0,"gold_gain":0,"player_choice":"Entered Light","damage_taken":23,"max_hp_gain":0,"max_hp_loss":0,"event_name":"Shining Light","floor":4,"gold_loss":0,"cards_upgraded":["Defend_B","Defend_B"]},{"damage_healed":0,"gold_gain":0,"player_choice":"Upgraded","damage_taken":0,"max_hp_gain":0,"max_hp_loss":0,"event_name":"Upgrade Shrine","floor":12,"gold_loss":0,"cards_upgraded":["Dualcast"]},{"damage_healed":0,"gold_gain":0,"cards_transformed":["Strike_B","Strike_B"],"player_choice":"Became Test Subject","damage_taken":0,"max_hp_gain":0,"max_hp_loss":0,"event_name":"Drug Dealer","floor":22,"gold_loss":0,"cards_obtained":["Fission","Consume"]}],"is_beta":true,"boss_relics":[{"not_picked":["Eternal Feather","Orrery"],"picked":"Black Star"}],"items_purged_floors":[2],"is_endless":false,"potions_floor_spawned":[1,7,14,19],"killed_by":"Slavers","ascension_level":16}