{"gold_per_floor":[117,135,135,147,72,97,126,38,61,61,61,61,91,105,105,178,178,189,189,189],"floor_reached":20,"playtime":841,"items_purged":["Strike_R","Strike_R"],"score":355,"play_id":"0f5caecc-1283-49f2-9144-59426333cac9","local_time":"20190210234247","is_ascension_mode":true,"campfire_choices":[{"data":"Flame Barrier","floor":11,"key":"SMITH"},{"floor":15,"key":"REST"}],"neow_cost":"NONE","seed_source_timestamp":12790669514240,"circlet_count":0,"master_deck":["AscendersBane","Defend_R","Defend_R","Defend_R","Bash","Flame Barrier+1","Cleave","Headbutt","Shrug It Off","Thunderclap","Armaments","Barricade","Shrug It Off","Shockwave","Body Slam"],"relics":["Burning Blood","NeowsBlessing","MawBank","Anchor","Ancient Tea Set","Mark of Pain"],"potions_floor_usage":[6,16],"damage_taken":[{"damage":0,"enemies":"Cultist","floor":1,"turns":1},{"damage":0,"enemies":"2 Louse","floor":2,"turns":1},{"damage":0,"enemies":"Small Slimes","floor":4,"turns":1},{"damage":25,"enemies":"3 Sentries","floor":6,"turns":6},{"damage":3,"enemies":"3 Louse","floor":7,"turns":3},{"damage":46,"enemies":"Lagavulin","floor":13,"turns":7},{"damage":12,"enemies":"Gremlin Gang","floor":14,"turns":3},{"damage":30,"enemies":"The Guardian","floor":16,"turns":15},{"damage":31,"enemies":"Chosen","floor":18,"turns":9},{"damage":56,"enemies":"Masked Bandits","floor":20,"turns":5}],"seed_played":"4311733440896036295","potions_obtained":[{"floor":2,"key":"PowerPotion"},{"floor":3,"key":"Explosive Potion"},{"floor":14,"key":"FairyPotion"}],"is_trial":false,"path_per_floor":["M","M","?","M","$","E","M","$","T","?","R","?","E","M","R","B",null,"M","?","?"],"character_chosen":"IRONCLAD","items_purchased":[],"campfire_rested":1,"item_purchase_floors":[],"current_hp_per_floor":[74,75,75,75,75,56,59,59,59,59,59,59,19,13,35,11,59,34,34,0],"gold":189,"neow_bonus":"THREE_ENEMY_KILL","is_prod":false,"is_daily":false,"chose_seed":false,"campfire_upgraded":1,"win_rate":0,"timestamp":1549838567,"path_taken":["M","?","?","?","$","E","M","?","T","?","R","?","E","?","R","BOSS","M","?","?"],"build_version":"2019-02-06","purchased_purges":2,"victory":false,"max_hp_per_floor":[75,75,75,75,75,75,75,75,75,75,75,75,75,75,75,75,75,75,75,75],"card_choices":[{"not_picked":["Havoc","Heavy Blade"],"picked":"Flame Barrier","floor":1},{"not_picked":["Intimidate","Headbutt"],"picked":"Cleave","floor":2},{"not_picked":["Twin Strike","Combust"],"picked":"Headbutt","floor":4},{"not_picked":["Perfected Strike","Reckless Charge"],"picked":"Shrug It Off","floor":6},{"not_picked":["Disarm","Clash"],"picked":"Thunderclap","floor":7},{"not_picked":["Blood for Blood","Thunderclap","Fire Breathing"],"picked":"SKIP","floor":13},{"not_picked":["Clothesline","Warcry"],"picked":"Armaments","floor":14},{"not_picked":["Offering","Limit Break"],"picked":"Barricade","floor":16},{"not_picked":["Perfected Strike","Headbutt"],"picked":"Shrug It Off","floor":18}],"player_experience":748951,"relics_obtained":[{"floor":6,"key":"MawBank"},{"floor":9,"key":"Anchor"},{"floor":13,"key":"Ancient Tea Set"}],"event_choices":[{"damage_healed":0,"gold_gain":0,"player_choice":"Got Potions","damage_taken":0,"max_hp_gain":0,"max_hp_loss":0,"event_name":"Lab","floor":3,"gold_loss":0},{"cards_removed":["Defend_R"],"damage_healed":0,"gold_gain":0,"player_choice":"Forget","damage_taken":0,"max_hp_gain":0,"max_hp_loss":0,"event_name":"Living Wall","floor":10,"gold_loss":0},{"cards_removed":["Strike_R"],"damage_healed":0,"gold_gain":0,"player_choice":"Offered Basic","damage_taken":0,"max_hp_gain":0,"max_hp_loss":0,"event_name":"Bonfire Elementals","floor":12,"gold_loss":0},{"damage_healed":0,"gold_gain":0,"cards_transformed":["Strike_R","Strike_R"],"player_choice":"Became Test Subject","damage_taken":0,"max_hp_gain":0,"max_hp_loss":0,"event_name":"Drug Dealer","floor":19,"gold_loss":0,"cards_obtained":["Shockwave","Body Slam"]},{"damage_healed":0,"gold_gain":0,"player_choice":"Fought Bandits","damage_taken":0,"max_hp_gain":0,"max_hp_loss":0,"event_name":"Masked Bandits","floor":20,"gold_loss":0}],"is_beta":true,"boss_relics":[{"not_picked":["Runic Dome","Busted Crown"],"picked":"Mark of Pain"}],"items_purged_floors":[5,8],"is_endless":false,"potions_floor_spawned":[2,4,14],"killed_by":"Masked Bandits","ascension_level":19}