{"gold_per_floor":[362,437,138,138,149,149,164,164,164,175,175,194,194,219,219,219],"floor_reached":16,"playtime":618,"items_purged":[],"score":179,"play_id":"25232ab6-67ea-46b9-81ed-67898522388c","local_time":"20190205133847","is_ascension_mode":true,"campfire_choices":[{"data":"Mayhem","floor":6,"key":"SMITH"},{"data":"Armaments","floor":8,"key":"SMITH"},{"data":"Uppercut","floor":13,"key":"SMITH"},{"data":"Carnage","floor":15,"key":"SMITH"}],"neow_cost":"PERCENT_DAMAGE","seed_source_timestamp":1475835609479420,"circlet_count":0,"master_deck":["AscendersBane","Strike_R","Strike_R","Strike_R","Strike_R","Strike_R","Defend_R","Defend_R","Defend_R","Defend_R","Bash","Flex","Armaments+1","Iron Wave","Mayhem+1","Headbutt","Uppercut+1","Carnage+1"],"relics":["Burning Blood","Darkstone Periapt","Golden Idol"],"potions_floor_usage":[],"damage_taken":[{"damage":9,"enemies":"Jaw Worm","floor":1,"turns":4},{"damage":14,"enemies":"Small Slimes","floor":5,"turns":5},{"damage":1,"enemies":"Cultist","floor":7,"turns":4},{"damage":17,"enemies":"2 Fungi Beasts","floor":10,"turns":4},{"damage":7,"enemies":"Exordium Thugs","floor":12,"turns":6},{"damage":7,"enemies":"3 Louse","floor":14,"turns":5},{"damage":46,"enemies":"The Guardian","floor":16,"turns":5}],"seed_played":"7080193147663673464","potions_obtained":[{"floor":7,"key":"Energy Potion"}],"is_trial":false,"path_per_floor":["M","?","$","?","M","R","M","R","T","M","?","M","R","M","R","B"],"character_chosen":"IRONCLAD","items_purchased":["Armaments","Iron Wave","Mayhem"],"campfire_rested":0,"item_purchase_floors":[3,3,3],"current_hp_per_floor":[47,36,36,61,53,53,58,58,58,47,47,46,46,45,45,0],"gold":219,"neow_bonus":"TWO_FIFTY_GOLD","is_prod":false,"is_daily":false,"chose_seed":false,"campfire_upgraded":4,"win_rate":0,"timestamp":1549370327,"path_taken":["M","?","$","?","M","R","M","R","T","M","?","M","R","?","R","BOSS"],"build_version":"2019-01-23","purchased_purges":0,"victory":false,"max_hp_per_floor":[75,75,75,75,75,75,75,75,75,75,68,68,68,68,68,68],"card_choices":[{"not_picked":["Wild Strike","Heavy Blade"],"picked":"Flex","floor":1},{"not_picked":["Burning Pact","Second Wind","Flex"],"picked":"SKIP","floor":5},{"not_picked":["Perfected Strike","Battle Trance"],"picked":"Headbutt","floor":7},{"not_picked":["Rampage","Exhume","Feel No Pain"],"picked":"SKIP","floor":10},{"not_picked":["Headbutt","Intimidate"],"picked":"Uppercut","floor":12},{"not_picked":["Twin Strike","Shrug It Off"],"picked":"Carnage","floor":14}],"player_experience":707842,"relics_obtained":[{"floor":9,"key":"Darkstone Periapt"}],"event_choices":[{"damage_healed":0,"gold_gain":75,"player_choice":"Gather Gold","damage_taken":11,"max_hp_gain":0,"max_hp_loss":0,"event_name":"World of Goop","floor":2,"gold_loss":0},{"damage_healed":25,"gold_gain":0,"player_choice":"Banana","damage_taken":0,"max_hp_gain":0,"max_hp_loss":0,"event_name":"Big Fish","floor":4,"gold_loss":0},{"damage_healed":0,"gold_gain":0,"player_choice":"Lose Max HP","damage_taken":0,"relics_obtained":["Golden Idol"],"max_hp_gain":0,"max_hp_loss":7,"event_name":"Golden Idol","floor":11,"gold_loss":0}],"is_beta":true,"boss_relics":[],"items_purged_floors":[],"is_endless":false,"potions_floor_spawned":[7],"killed_by":"The Guardian","ascension_level":19}