{"path_per_floor":["M","$","?","?","?","E","R","E","T","R","M","R","M","?","R","B",null,"M","?","?","?","M","E","R","?","T","T"],"character_chosen":"IRONCLAD","items_purchased":["Rampage"],"gold_per_floor":[114,5,5,5,80,113,113,143,143,143,155,155,169,119,119,214,214,234,234,234,159,178,233,233,233,233,309],"floor_reached":28,"campfire_rested":0,"playtime":1632,"current_hp_per_floor":[73,73,66,66,55,41,41,33,33,33,38,38,44,44,44,31,80,80,80,80,80,80,60,60,60,60,60],"items_purged":["Strike_R"],"gold":309,"score":240,"play_id":"d684ae2c-d182-436c-840c-8efca6b2fc82","is_prod":false,"is_daily":false,"is_ascension_mode":false,"campfire_upgraded":5,"path_taken":["M","?","?","?","?","E","R","E","T","R","M","R","M","?","R","BOSS","M","?","?","?","M","E","R","?","T","?","E"],"build_version":"2018-02-08-BETA1","purchased_purges":1,"victory":false,"master_deck":["Strike_R","Strike_R","Defend_R+1","Defend_R","Defend_R","Bash","Thunderclap","Rampage+1","Thunderclap","Flame Barrier+1","Iron Wave+1","True Grit+1","Clash+1","Feed+1","Shrug It Off","Headbutt"],"max_hp_per_floor":[80,80,80,80,80,80,80,80,80,80,80,80,80,80,80,80,80,80,80,80,80,80,80,80,80,80,80],"relics":["Burning Blood","Juzu Bracelet","Prayer Wheel","Thread and Needle","Black Star","Centennial Puzzle","War Paint","Tiny Chest","Mummified Hand","Gremlin Horn"],"card_choices":[{"not_picked":["Whirlwind","Body Slam"],"picked":"Thunderclap"},{"not_picked":["Body Slam","Twin Strike"],"picked":"Thunderclap"},{"not_picked":["Twin Strike","Perfected Strike"],"picked":"Flame Barrier"},{"not_picked":["Double Tap","Clothesline"],"picked":"Iron Wave"},{"not_picked":["Clash","Inflame"],"picked":"True Grit"},{"not_picked":["Clothesline","Disarm"],"picked":"Clash"},{"not_picked":["Bludgeon","Double Tap"],"picked":"Feed"},{"not_picked":["Iron Wave","Body Slam"],"picked":"Headbutt"}],"player_experience":25697,"potions_floor_usage":[8,22],"damage_taken":[{"damage":13,"enemies":"Blue Slaver","floor":1,"turns":5},{"damage":20,"enemies":"Gremlin Nob","floor":6,"turns":4},{"damage":14,"enemies":"3 Sentries","floor":8,"turns":5},{"damage":1,"enemies":"Jaw Worm","floor":11,"turns":3},{"damage":0,"enemies":"Small Slimes","floor":13,"turns":3},{"damage":19,"enemies":"The Guardian","floor":16,"turns":9},{"damage":0,"enemies":"Shell Parasite","floor":18,"turns":5},{"damage":0,"enemies":"3 Byrds","floor":22,"turns":5},{"damage":26,"enemies":"Gremlin Leader","floor":23,"turns":7},{"damage":64,"enemies":"Book of Stabbing","floor":28,"turns":7}],"event_choices":[{"event_name":"Golden Wing","player_choice":"Card Removal","floor":3,"damage_taken":0},{"event_name":"Living Wall","player_choice":"Forget","floor":4,"damage_taken":0},{"event_name":"World of Goop","player_choice":"Gather Gold","floor":5,"damage_taken":0},{"event_name":"The Cleric","player_choice":"Card Removal","floor":14,"damage_taken":0},{"event_name":"The Lab","player_choice":"Got Potions","floor":19,"damage_taken":0},{"event_name":"The Mausoleum","player_choice":"Yes","floor":20,"damage_taken":0},{"event_name":"Beggar","player_choice":"Gave Gold","floor":21,"damage_taken":0},{"event_name":"The Library","player_choice":"Read","floor":25,"damage_taken":0}],"boss_relics":[{"not_picked":["Tiny House","Eternal Feather"],"picked":"Black Star"}],"potions_floor_spawned":[1,6,11,18,22],"seed_played":"-5197627901599621526","killed_by":"Book of Stabbing","ascension_level":0,"is_trial":false}