{"path_per_floor":["M","?","M","?","?","E","?","R","T","M","M","M","M","?","R","B",null,"M","?","?","M","M","E","R","M","T","$","?","?","M","M","R"],"character_chosen":"THE_SILENT","items_purchased":["Juzu Bracelet"],"gold_per_floor":[10,10,20,20,20,51,51,51,51,64,80,90,109,109,109,212,212,226,226,226,241,256,282,282,298,321,93,43,43,61,78,78,78],"floor_reached":33,"campfire_rested":2,"playtime":2836,"current_hp_per_floor":[70,70,70,70,70,47,40,40,40,40,40,40,40,26,47,15,70,60,60,80,80,72,48,48,35,35,35,35,19,19,11,35,0],"items_purged":["Strike_G"],"gold":78,"score":269,"play_id":"afdde82a-d8f4-4079-af90-cbd69b54d016","local_time":"20180324133444","is_prod":false,"is_daily":false,"is_ascension_mode":false,"campfire_upgraded":2,"timestamp":1521912884,"path_taken":["M","?","M","?","?","E","?","R","T","M","?","M","?","?","R","BOSS","M","?","?","M","?","E","R","M","T","$","?","?","M","M","R","BOSS"],"build_version":"2018-03-22v2","purchased_purges":1,"victory":false,"master_deck":["Defend_G","Defend_G","Defend_G","Defend_G","Defend_G","Survivor","Neutralize+1","Underhanded Strike","Dash","Sucker Punch+1","Bullet Time","Flash of Steel+1","Acrobatics","Blur","Backflip","Poisoned Stab","Bane+1","Acrobatics","Prepared","Poisoned Stab","Prepared","Bouncing Flask+1","Deadly Poison+1","Escape Plan","Prepared"],"max_hp_per_floor":[70,70,70,70,70,70,70,70,70,70,70,70,70,70,70,70,70,70,70,80,80,80,80,80,80,80,80,80,80,80,80,80,80],"relics":["Ring of the Snake","Dream Catcher","Unceasing Top","Cursed Key","Omamori","Anchor","Juzu Bracelet","Enchiridion"],"card_choices":[{"not_picked":["Masterful Stab","Flechettes"],"picked":"Sucker Punch","floor":1},{"not_picked":["Deflect","Slice"],"picked":"Acrobatics","floor":3},{"not_picked":["Slice","Deflect"],"picked":"Blur","floor":6},{"not_picked":["Blade Dance","Choke"],"picked":"Backflip","floor":10},{"not_picked":["Malaise","Masterful Stab"],"picked":"Poisoned Stab","floor":11},{"not_picked":["Crippling Poison","Flechettes"],"picked":"Bane","floor":12},{"not_picked":["Catalyst","Well Laid Plans"],"picked":"Acrobatics","floor":13},{"not_picked":["Predator","Outmaneuver"],"picked":"Prepared","floor":15},{"not_picked":["Unload","Burst"],"picked":"Tactician","floor":16},{"not_picked":["Poisoned Stab","Underhanded Strike"],"picked":"Prepared","floor":21},{"not_picked":["Dagger Throw","Masterful Stab"],"picked":"Bouncing Flask","floor":22},{"not_picked":["Acrobatics","Blur"],"picked":"Deadly Poison","floor":23},{"not_picked":["Dodge and Roll","PiercingWail"],"picked":"Escape Plan","floor":30},{"not_picked":["Tactician","Deadly Poison"],"picked":"Prepared","floor":31}],"player_experience":25529,"potions_floor_usage":[16,33,33,33],"damage_taken":[{"damage":0,"enemies":"2 Louse","floor":1,"turns":3},{"damage":0,"enemies":"Cultist","floor":3,"turns":3},{"damage":23,"enemies":"3 Sentries","floor":6,"turns":11},{"damage":0,"enemies":"Small Slimes","floor":10,"turns":4},{"damage":0,"enemies":"Blue Slaver","floor":11,"turns":3},{"damage":0,"enemies":"3 Louse","floor":12,"turns":3},{"damage":0,"enemies":"Gremlin Gang","floor":13,"turns":6},{"damage":32,"enemies":"The Guardian","floor":16,"turns":17},{"damage":10,"enemies":"Spheric Guardian","floor":18,"turns":4},{"damage":0,"enemies":"Shell Parasite","floor":21,"turns":5},{"damage":8,"enemies":"Centurion and Healer","floor":22,"turns":6},{"damage":24,"enemies":"Slavers","floor":23,"turns":6},{"damage":13,"enemies":"Chosen and Byrds","floor":25,"turns":5},{"damage":0,"enemies":"Snake Plant","floor":30,"turns":3},{"damage":8,"enemies":"Centurion and Healer","floor":31,"turns":5},{"damage":35,"enemies":"Collector","floor":33,"turns":9}],"event_choices":[{"event_name":"Match and Keep!","player_choice":"3 cards matched","floor":2,"damage_taken":0},{"event_name":"Living Wall","player_choice":"Forget","floor":4,"damage_taken":0},{"event_name":"Purifier","player_choice":"One Purge","floor":5,"damage_taken":0},{"event_name":"Golden Wing","player_choice":"Card Removal","floor":7,"damage_taken":0},{"event_name":"Shining Light","player_choice":"Entered Light","floor":14,"damage_taken":0},{"event_name":"Duplicator","player_choice":"One dupe","floor":19,"damage_taken":0},{"event_name":"Bonfire Elementals","player_choice":"RARE","floor":20,"damage_taken":0},{"event_name":"The Joust","player_choice":"Bet on Murderer","floor":28,"damage_taken":0},{"event_name":"Cursed Tome","player_choice":"Obtained Book","floor":29,"damage_taken":0}],"boss_relics":[{"not_picked":["Philosopher\u0027s Stone","Lizard Tail"],"picked":"Cursed Key"}],"potions_floor_spawned":[1,3,10,11,16,18,21,30,31],"seed_played":"-1461169285499749710","killed_by":"Collector","ascension_level":0,"is_trial":false}