{"gold_per_floor":[112,123,123,133,5,5,22,19,42,42,42,70,82,109,121,209,221,252,314,345,357],"floor_reached":21,"playtime":1004,"items_purged":["Strike_B"],"score":427,"play_id":"a170b975-8c67-487e-bfb4-0c84894fb4fb","local_time":"20190311110800","is_ascension_mode":true,"campfire_choices":[{"data":"Redo","floor":6,"key":"SMITH"},{"data":"Zap","floor":10,"key":"SMITH"},{"data":"Darkness","floor":13,"key":"SMITH"},{"floor":15,"key":"REST"}],"neow_cost":"NONE","seed_source_timestamp":1541722110574365,"circlet_count":0,"master_deck":["AscendersBane","Strike_B+1","Strike_B+1","Defend_B","Defend_B","Defend_B","Defend_B","Zap+1","Dualcast","Darkness+1","Loop","Lockon","Zap","Redo+1","Redo","Leap","Conserve Battery","Buffer","Leap+1","Hologram+1"],"relics":["Cracked Core","Whetstone","MawBank","Nuclear Battery"],"potions_floor_usage":[8,14,16],"damage_taken":[{"damage":14,"enemies":"Small Slimes","floor":1,"turns":3},{"damage":1,"enemies":"Cultist","floor":2,"turns":3},{"damage":9,"enemies":"Jaw Worm","floor":4,"turns":4},{"damage":9,"enemies":"Red Slaver","floor":7,"turns":2},{"damage":16,"enemies":"Exordium Thugs","floor":8,"turns":4},{"damage":9,"enemies":"Lagavulin","floor":12,"turns":5},{"damage":0,"enemies":"Gremlin Gang","floor":14,"turns":1},{"damage":0,"enemies":"Slime Boss","floor":16,"turns":5},{"damage":4,"enemies":"Spheric Guardian","floor":18,"turns":3},{"damage":35,"enemies":"3 Byrds","floor":20,"turns":5},{"damage":35,"enemies":"Cultist and Chosen","floor":21,"turns":4}],"seed_played":"-6819700541362762233","potions_obtained":[{"floor":1,"key":"PowerPotion"},{"floor":4,"key":"SkillPotion"},{"floor":12,"key":"SkillPotion"},{"floor":14,"key":"Dexterity Potion"}],"is_trial":false,"path_per_floor":["M","M","?","M","$","R","M","M","T","R","?","E","R","M","R","B",null,"M","?","M","M"],"character_chosen":"DEFECT","items_purchased":["Redo"],"campfire_rested":1,"item_purchase_floors":[5],"current_hp_per_floor":[57,56,56,47,47,47,38,22,22,22,22,13,13,13,36,36,68,64,64,29,0],"gold":357,"neow_bonus":"TEN_PERCENT_HP_BONUS","is_prod":false,"is_daily":false,"chose_seed":false,"campfire_upgraded":3,"win_rate":0,"timestamp":1552298880,"path_taken":["M","M","?","M","$","R","?","M","T","R","?","E","R","?","R","BOSS","M","?","?","?"],"build_version":"2019-02-06","purchased_purges":1,"victory":false,"max_hp_per_floor":[78,78,78,78,78,78,78,78,78,78,78,78,78,78,78,78,78,78,78,78,78],"card_choices":[{"not_picked":["Heatsinks","Stack"],"picked":"Darkness","floor":1},{"not_picked":["Steam Power","Compile Driver"],"picked":"Loop","floor":2},{"not_picked":["Compile Driver","Gash"],"picked":"Redo","floor":4},{"not_picked":["Hello World","Sweeping Beam"],"picked":"Leap","floor":7},{"not_picked":["Sweeping Beam","Rebound"],"picked":"Conserve Battery","floor":8},{"not_picked":["Genetic Algorithm","Rip and Tear"],"picked":"Buffer","floor":12},{"not_picked":["Static Discharge","Ball Lightning","Reprogram"],"picked":"SKIP","floor":14},{"not_picked":["Go for the Eyes+1","Leap+1","Stack"],"picked":"SKIP","floor":18},{"not_picked":["Go for the Eyes+1","Stack"],"picked":"Leap+1","floor":18},{"not_picked":["Steam+1","Fusion"],"picked":"Hologram+1","floor":20}],"player_experience":942451,"relics_obtained":[{"floor":9,"key":"Whetstone"},{"floor":12,"key":"MawBank"}],"event_choices":[{"damage_healed":0,"gold_gain":0,"player_choice":"2 cards matched","damage_taken":0,"max_hp_gain":0,"max_hp_loss":0,"event_name":"Match and Keep!","floor":3,"gold_loss":0,"cards_obtained":["Lockon","Zap"]},{"cards_removed":["Strike_B"],"damage_healed":0,"gold_gain":0,"player_choice":"Offered Basic","damage_taken":0,"max_hp_gain":0,"max_hp_loss":0,"event_name":"Bonfire Elementals","floor":11,"gold_loss":0},{"damage_healed":0,"gold_gain":100,"player_choice":"Bet on Murderer","damage_taken":0,"max_hp_gain":0,"max_hp_loss":0,"event_name":"The Joust","floor":19,"gold_loss":50}],"is_beta":true,"boss_relics":[{"not_picked":["Fusion Hammer","Snecko Eye"],"picked":"Nuclear Battery"}],"items_purged_floors":[5],"is_endless":false,"potions_floor_spawned":[1,4,12,14],"killed_by":"Cultist and Chosen","ascension_level":17}