{"gold_per_floor":[110,110,129,94,106,106,136,136,136,136,159,191,203,234,246,337,349,351,363,122,138,0,0,0],"floor_reached":24,"playtime":1102,"items_purged":["Strike_B"],"score":353,"play_id":"bbfb3900-b0f5-4f5a-a821-86b35783c0bb","local_time":"20190308224152","is_ascension_mode":true,"campfire_choices":[{"data":"Zap","floor":6,"key":"SMITH"},{"floor":8,"key":"REST"},{"data":"Lockon","floor":13,"key":"SMITH"},{"data":"White Noise","floor":15,"key":"SMITH"},{"floor":23,"key":"REST"}],"neow_cost":"NONE","seed_source_timestamp":1324048201499048,"circlet_count":0,"master_deck":["AscendersBane","Strike_B","Strike_B","Strike_B","Defend_B","Defend_B","Defend_B","Defend_B","Zap+1","Dualcast","Cold Snap","Lockon+1","Genetic Algorithm","Darkness","Ball Lightning","White Noise+1","Redo","Echo Form","Conserve Battery","Defragment","Chill","Fusion+1"],"relics":["Cracked Core","Omamori","FossilizedHelix","Prayer Wheel","MawBank","Nuclear Battery"],"potions_floor_usage":[7,21],"damage_taken":[{"damage":13,"enemies":"Small Slimes","floor":1,"turns":3},{"damage":9,"enemies":"Jaw Worm","floor":3,"turns":4},{"damage":7,"enemies":"2 Louse","floor":5,"turns":3},{"damage":28,"enemies":"Lagavulin","floor":7,"turns":6},{"damage":1,"enemies":"Blue Slaver","floor":11,"turns":3},{"damage":0,"enemies":"Large Slime","floor":12,"turns":3},{"damage":0,"enemies":"Gremlin Gang","floor":14,"turns":5},{"damage":25,"enemies":"Hexaghost","floor":16,"turns":8},{"damage":26,"enemies":"2 Thieves","floor":18,"turns":4},{"damage":22,"enemies":"Spheric Guardian","floor":21,"turns":4},{"damage":33,"enemies":"Snecko","floor":24,"turns":5}],"seed_played":"-4616262087412001422","potions_obtained":[{"floor":1,"key":"FocusPotion"},{"floor":11,"key":"Strength Potion"},{"floor":16,"key":"SpeedPotion"},{"floor":18,"key":"PowerPotion"}],"is_trial":false,"path_per_floor":["M","?","M","?","M","R","E","R","T","?","M","M","R","M","R","B",null,"M","?","$","M","?","R","M"],"character_chosen":"DEFECT","items_purchased":["Defragment","Chill"],"campfire_rested":2,"item_purchase_floors":[20,20],"current_hp_per_floor":[51,51,42,59,52,52,24,45,45,40,39,39,39,39,39,14,57,31,31,31,9,9,30,0],"gold":0,"neow_bonus":"RANDOM_COMMON_RELIC","is_prod":false,"is_daily":false,"chose_seed":false,"campfire_upgraded":3,"win_rate":0,"timestamp":1552081312,"path_taken":["M","?","M","?","M","R","E","R","T","?","M","M","R","M","R","BOSS","M","?","$","M","?","R","M"],"build_version":"2019-02-06","purchased_purges":1,"victory":false,"max_hp_per_floor":[71,71,71,71,71,71,71,71,71,71,71,71,71,71,71,71,71,71,71,71,71,71,71,71],"card_choices":[{"not_picked":["Aggregate","Barrage"],"picked":"Cold Snap","floor":1},{"not_picked":["Leap","Compile Driver"],"picked":"Lockon","floor":3},{"not_picked":["Aggregate","Blizzard"],"picked":"Genetic Algorithm","floor":5},{"not_picked":["Gash","Turbo","Steam Power"],"picked":"SKIP","floor":7},{"not_picked":["Tempest","Double Energy"],"picked":"Darkness","floor":11},{"not_picked":["Aggregate","Static Discharge"],"picked":"Ball Lightning","floor":11},{"not_picked":["Barrage","Gash","Sweeping Beam"],"picked":"SKIP","floor":12},{"not_picked":["Aggregate","Go for the Eyes","Sweeping Beam"],"picked":"SKIP","floor":12},{"not_picked":["Ball Lightning","Steam"],"picked":"White Noise","floor":14},{"not_picked":["Beam Cell","Steam"],"picked":"Redo","floor":14},{"not_picked":["All For One","Seek"],"picked":"Echo Form","floor":16},{"not_picked":["Go for the Eyes","Reprogram"],"picked":"Conserve Battery","floor":18},{"not_picked":["Static Discharge","Leap","Stack"],"picked":"SKIP","floor":18},{"not_picked":["Hologram","FTL"],"picked":"Fusion+1","floor":21},{"not_picked":["Go for the Eyes","Gash","Tempest"],"picked":"SKIP","floor":21}],"player_experience":915413,"relics_obtained":[{"floor":7,"key":"FossilizedHelix"},{"floor":9,"key":"Prayer Wheel"}],"event_choices":[{"damage_healed":0,"gold_gain":0,"player_choice":"Ignored","damage_taken":0,"max_hp_gain":0,"max_hp_loss":0,"event_name":"Liars Game","floor":2,"gold_loss":0},{"damage_healed":17,"gold_gain":0,"player_choice":"Healed","damage_taken":0,"max_hp_gain":0,"max_hp_loss":0,"event_name":"The Cleric","floor":4,"gold_loss":35},{"damage_healed":0,"gold_gain":0,"player_choice":"Success","damage_taken":5,"relics_obtained":["MawBank"],"max_hp_gain":0,"max_hp_loss":0,"event_name":"Scrap Ooze","floor":10,"gold_loss":0},{"damage_healed":0,"gold_gain":0,"player_choice":"Ignored","damage_taken":0,"max_hp_gain":0,"max_hp_loss":0,"event_name":"The Mausoleum","floor":19,"gold_loss":0},{"damage_healed":0,"gold_gain":0,"player_choice":"Paid Fearfully","damage_taken":0,"max_hp_gain":0,"max_hp_loss":0,"event_name":"Masked Bandits","floor":22,"gold_loss":138}],"is_beta":true,"boss_relics":[{"not_picked":["Astrolabe","Fusion Hammer"],"picked":"Nuclear Battery"}],"items_purged_floors":[20],"is_endless":false,"potions_floor_spawned":[1,11,16,18],"killed_by":"Snecko","ascension_level":16}