{"gold_per_floor":[113,0,15,65,83,114,114,147,147,180,180],"floor_reached":11,"playtime":523,"items_purged":[],"score":159,"play_id":"c00a2425-901a-4fe4-bce0-3307ae2869e2","local_time":"20190305200821","is_ascension_mode":true,"campfire_choices":[{"data":"Streamline","floor":7,"key":"SMITH"}],"neow_cost":"NONE","seed_source_timestamp":1056143900175914,"circlet_count":0,"master_deck":["AscendersBane","Strike_B","Strike_B","Strike_B","Strike_B","Defend_B","Defend_B","Defend_B","Defend_B","Zap+1","Dualcast","Go for the Eyes","Self Repair","Streamline","Streamline+1","Sweeping Beam","Beam Cell","Seek"],"special_seed":0,"relics":["Cracked Core","Ornamental Fan","Happy Flower","Question Card","Dream Catcher"],"potions_floor_usage":[8,10,11],"damage_taken":[{"damage":4.0,"enemies":"Small Slimes","floor":1.0,"turns":3.0},{"damage":1.0,"enemies":"Cultist","floor":3.0,"turns":3.0},{"damage":0.0,"enemies":"2 Louse","floor":5.0,"turns":2.0},{"damage":35,"enemies":"Lagavulin","floor":6,"turns":5},{"damage":16,"enemies":"Gremlin Nob","floor":8,"turns":4},{"damage":20,"enemies":"Lagavulin","floor":10,"turns":6},{"damage":10,"enemies":"The Mushroom Lair","floor":11,"turns":2}],"seed_played":"-6737232774103933736","potions_obtained":[{"floor":6,"key":"Swift Potion"},{"floor":8,"key":"SneckoOil"},{"floor":10,"key":"LiquidBronze"}],"is_trial":false,"path_per_floor":["M","$","M","?","M","E","R","E","T","E","?"],"character_chosen":"DEFECT","items_purchased":["Self Repair","Streamline"],"campfire_rested":0,"item_purchase_floors":[2,2],"current_hp_per_floor":[60,60,66,59,66,38,38,22,22,9,0],"gold":180,"neow_bonus":"UPGRADE_CARD","is_prod":false,"is_daily":false,"chose_seed":false,"campfire_upgraded":1,"win_rate":0,"timestamp":1551812901,"path_taken":["M","$","M","?","?","E","R","E","T","E","?"],"build_version":"2019-02-06","purchased_purges":0,"victory":false,"max_hp_per_floor":[71,71,71,71,71,71,71,71,71,71,71],"card_choices":[{"not_picked":["Compile Driver","Turbo"],"picked":"Go for the Eyes","floor":1.0},{"not_picked":["Tempest","Blizzard"],"picked":"Streamline","floor":3.0},{"not_picked":["Lockon","Undo"],"picked":"Sweeping Beam","floor":5.0},{"not_picked":["Barrage","Undo","Compile Driver"],"picked":"SKIP","floor":6},{"not_picked":["Ball Lightning","Turbo"],"picked":"Beam Cell","floor":8},{"not_picked":["Sweeping Beam","Undo","Stack"],"picked":"Seek","floor":10}],"player_experience":856554,"relics_obtained":[{"floor":6,"key":"Ornamental Fan"},{"floor":8,"key":"Happy Flower"},{"floor":9,"key":"Question Card"},{"floor":10,"key":"Dream Catcher"}],"event_choices":[{"damage_healed":0.0,"max_hp_gain":0.0,"max_hp_loss":0.0,"gold_gain":50.0,"event_name":"FaceTrader","player_choice":"Touch","floor":4.0,"gold_loss":0.0,"damage_taken":7.0},{"damage_healed":0,"gold_gain":0,"player_choice":"Fought Mushrooms","damage_taken":0,"max_hp_gain":0,"max_hp_loss":0,"event_name":"Mushrooms","floor":11,"gold_loss":0}],"is_beta":true,"boss_relics":[],"items_purged_floors":[],"is_endless":false,"potions_floor_spawned":[6,8,10],"killed_by":"The Mushroom Lair","ascension_level":15}