{"gold_per_floor":[115,132,132,132,145,145,173,183,183,183,183,198,223,59,59,136,136,76,1,1,51,70,70,80,80,132,147,182,96,96,111,111,111],"floor_reached":33,"playtime":1733,"items_purged":[],"score":491,"play_id":"ad42ca76-2a51-4f45-9273-0d2306556970","local_time":"20190307144753","is_ascension_mode":true,"campfire_choices":[{"floor":6,"key":"REST"},{"floor":11,"key":"REST"},{"floor":15,"key":"REST"},{"data":"Darkness","floor":23,"key":"SMITH"},{"data":"Darkness","floor":25,"key":"SMITH"},{"floor":32,"key":"REST"}],"neow_cost":"NONE","seed_source_timestamp":1208569512507504,"circlet_count":0,"master_deck":["AscendersBane","Defend_B","Defend_B","Defend_B","Defend_B","Zap+1","Dualcast+1","Sweeping Beam","Go for the Eyes","Genetic Algorithm","Darkness+1","Steam","Defragment","Defragment","Chill","Loop","Buffer","Darkness+1","Glacier+1","Seek","Fusion","Self Repair","Doom and Gloom"],"relics":["FrozenCore","Question Card","Torii","Turnip","Anchor","Symbiotic Virus","Orichalcum"],"potions_floor_usage":[],"damage_taken":[{"damage":6,"enemies":"2 Louse","floor":1,"turns":2},{"damage":3,"enemies":"Small Slimes","floor":2,"turns":2},{"damage":4,"enemies":"Jaw Worm","floor":5,"turns":2},{"damage":29,"enemies":"3 Sentries","floor":7,"turns":6},{"damage":6,"enemies":"Looter","floor":8,"turns":4},{"damage":0,"enemies":"2 Fungi Beasts","floor":12,"turns":2},{"damage":10,"enemies":"Lagavulin","floor":13,"turns":6},{"damage":17,"enemies":"The Guardian","floor":16,"turns":9},{"damage":1,"enemies":"2 Thieves","floor":18,"turns":4},{"damage":5,"enemies":"3 Byrds","floor":22,"turns":6},{"damage":7,"enemies":"Snecko","floor":24,"turns":9},{"damage":1,"enemies":"Snake Plant","floor":27,"turns":3},{"damage":43,"enemies":"Book of Stabbing","floor":28,"turns":7},{"damage":16,"enemies":"Centurion and Healer","floor":31,"turns":6},{"damage":45,"enemies":"Collector","floor":33,"turns":11}],"seed_played":"-5208904823870172605","potions_obtained":[{"floor":2,"key":"FairyPotion"},{"floor":8,"key":"Explosive Potion"},{"floor":13,"key":"Dexterity Potion"},{"floor":27,"key":"Energy Potion"},{"floor":31,"key":"Fire Potion"}],"is_trial":false,"path_per_floor":["M","M","?","?","M","R","E","M","T","?","R","M","E","$","R","B",null,"M","?","?","?","M","R","M","R","T","M","E","$","?","M","R","B"],"character_chosen":"DEFECT","items_purchased":["Chill","Loop","Self Repair"],"campfire_rested":4,"item_purchase_floors":[14,14,29],"current_hp_per_floor":[58,55,34,27,23,44,15,9,9,9,30,30,20,20,41,24,59,58,58,58,58,53,53,46,46,46,45,2,2,2,14,35,0],"gold":111,"neow_bonus":"UPGRADE_CARD","is_prod":false,"is_daily":false,"chose_seed":false,"campfire_upgraded":2,"win_rate":0,"timestamp":1551966473,"path_taken":["M","M","?","?","M","R","E","M","T","?","R","M","E","?","R","BOSS","M","?","?","?","?","R","M","R","T","M","E","$","?","?","R","BOSS"],"build_version":"2019-02-06","purchased_purges":0,"victory":false,"max_hp_per_floor":[71,71,71,71,71,71,71,71,71,71,71,71,71,71,71,71,71,71,71,71,71,71,71,71,71,71,71,71,71,71,71,71,71],"card_choices":[{"not_picked":["Compile Driver","Leap"],"picked":"Sweeping Beam","floor":1},{"not_picked":["Rebound","Sweeping Beam"],"picked":"Go for the Eyes","floor":2},{"not_picked":["Melter","Coolheaded"],"picked":"Genetic Algorithm","floor":5},{"not_picked":["Buffer","Turbo"],"picked":"Darkness","floor":7},{"not_picked":["Go for the Eyes","Sunder","Rip and Tear"],"picked":"Steam","floor":8},{"not_picked":["Steam Power","Rebound","Force Field"],"picked":"Defragment","floor":12},{"not_picked":["White Noise","Sunder","Recycle"],"picked":"Defragment","floor":13},{"not_picked":["Biased Cognition","Machine Learning","Multi-Cast"],"picked":"Buffer","floor":16},{"not_picked":["Gash","Reprogram","Go for the Eyes"],"picked":"Darkness","floor":18},{"not_picked":["Beam Cell","Streamline","Barrage"],"picked":"Glacier+1","floor":22},{"not_picked":["Streamline","Beam Cell","Leap"],"picked":"Seek","floor":24},{"not_picked":["Reprogram","Beam Cell","Hologram+1"],"picked":"Fusion","floor":27},{"not_picked":["Genetic Algorithm","Reprogram","Force Field","Cold Snap"],"picked":"SKIP","floor":28},{"not_picked":["Stack","Defragment","Coolheaded+1"],"picked":"Doom and Gloom","floor":31}],"player_experience":895554,"relics_obtained":[{"floor":7,"key":"Question Card"},{"floor":9,"key":"Torii"},{"floor":13,"key":"Turnip"},{"floor":26,"key":"Anchor"},{"floor":28,"key":"Symbiotic Virus"}],"event_choices":[{"damage_healed":0,"gold_gain":0,"player_choice":"Entered Light","damage_taken":21,"max_hp_gain":0,"max_hp_loss":0,"event_name":"Shining Light","floor":3,"gold_loss":0,"cards_upgraded":["Dualcast","Strike_B"]},{"cards_removed":["Strike_B"],"damage_healed":0,"gold_gain":0,"player_choice":"Card Removal","damage_taken":7,"max_hp_gain":0,"max_hp_loss":0,"event_name":"Golden Wing","floor":4,"gold_loss":0},{"cards_removed":["Strike_B"],"damage_healed":0,"gold_gain":0,"player_choice":"Forget","damage_taken":0,"max_hp_gain":0,"max_hp_loss":0,"event_name":"Living Wall","floor":10,"gold_loss":0},{"cards_removed":["Strike_B"],"damage_healed":0,"gold_gain":0,"player_choice":"Gave Gold","damage_taken":0,"max_hp_gain":0,"max_hp_loss":0,"event_name":"Beggar","floor":19,"gold_loss":75},{"cards_removed":["Strike_B"],"damage_healed":0,"gold_gain":0,"player_choice":"Elegance","damage_taken":0,"max_hp_gain":0,"max_hp_loss":0,"event_name":"Back to Basics","floor":20,"gold_loss":0},{"damage_healed":0,"gold_gain":50,"player_choice":"Pray","damage_taken":0,"max_hp_gain":0,"max_hp_loss":0,"event_name":"Golden Shrine","floor":21,"gold_loss":0},{"damage_healed":0,"gold_gain":0,"player_choice":"Gave Potion","damage_taken":0,"relics_obtained":["Orichalcum"],"max_hp_gain":0,"max_hp_loss":0,"event_name":"WeMeetAgain","floor":30,"gold_loss":0}],"is_beta":true,"boss_relics":[{"not_picked":["Eternal Feather","Philosopher\u0027s Stone"],"picked":"FrozenCore"}],"items_purged_floors":[],"is_endless":false,"potions_floor_spawned":[2,8,13,22,27,31],"killed_by":"Collector","ascension_level":16}