{"gold_per_floor":[114,114,39,39,58,58,72,97,169,169,194,230,230,253,253,378,378,399,101,142,160,69,69,90,110,181,181,201,201,225,75,75,75],"floor_reached":33,"playtime":1741,"items_purged":["Strike_R"],"score":249,"play_id":"56bc775a-7775-4f35-88ee-ebeb8d554df0","local_time":"20190311005629","is_ascension_mode":false,"campfire_choices":[{"floor":6.0,"key":"RECALL"},{"data":"Bash","floor":10.0,"key":"SMITH"},{"floor":15,"key":"REST"},{"floor":23,"key":"REST"},{"floor":27,"key":"REST"},{"floor":32,"key":"REST"}],"neow_cost":"NONE","seed_source_timestamp":846883664952576,"circlet_count":0,"master_deck":["Strike_R","Strike_R","Strike_R+1","Defend_R","Defend_R","Defend_R","Defend_R","Bash+1","Impervious","Perfected Strike","Pommel Strike+1","Perfected Strike","Inflame","Finesse","Armaments"],"special_seed":0,"relics":["Burning Blood","Golden Idol","Strawberry","CultistMask","Philosopher\u0027s Stone","Ancient Tea Set","Whetstone","Red Mask","Sundial","Bag of Marbles"],"potions_floor_usage":[16,25,30,30,33,33],"damage_taken":[{"damage":6.0,"enemies":"Jaw Worm","floor":1.0,"turns":5.0},{"damage":13.0,"enemies":"Cultist","floor":5.0,"turns":6.0},{"damage":5.0,"enemies":"Small Slimes","floor":7.0,"turns":4.0},{"damage":2.0,"enemies":"3 Louse","floor":8.0,"turns":6.0},{"damage":16.0,"enemies":"Exordium Wildlife","floor":11.0,"turns":4.0},{"damage":31.0,"enemies":"Lagavulin","floor":12.0,"turns":7.0},{"damage":6.0,"enemies":"Gremlin Gang","floor":14.0,"turns":8.0},{"damage":22,"enemies":"Slime Boss","floor":16,"turns":8},{"damage":40,"enemies":"3 Byrds","floor":18,"turns":6},{"damage":43,"enemies":"Masked Bandits","floor":20,"turns":6},{"damage":0,"enemies":"Chosen","floor":21,"turns":4},{"damage":17,"enemies":"Centurion and Healer","floor":24,"turns":5},{"damage":28,"enemies":"Shelled Parasite and Fungi","floor":25,"turns":7},{"damage":39,"enemies":"Sentry and Sphere","floor":28,"turns":6},{"damage":8,"enemies":"Snake Plant","floor":30,"turns":4},{"damage":54,"enemies":"Champ","floor":33,"turns":12}],"seed_played":"-6679006854692967231","potions_obtained":[{"floor":0.0,"key":"SkillPotion"},{"floor":0.0,"key":"Strength Potion"},{"floor":0.0,"key":"BloodPotion"},{"floor":12.0,"key":"Dexterity Potion"},{"floor":14,"key":"PowerPotion"},{"floor":20,"key":"Regen Potion"},{"floor":25,"key":"Weak Potion"},{"floor":30,"key":"SneckoOil"}],"is_trial":false,"path_per_floor":["M","?","$","?","M","R","M","M","T","R","M","E","?","M","R","B",null,"M","$","?","M","$","R","M","M","T","R","M","?","M","$","R","B"],"character_chosen":"IRONCLAD","items_purchased":["Ancient Tea Set","Whetstone","Finesse","Bag of Marbles"],"campfire_rested":4,"item_purchase_floors":[19,19,22,31],"current_hp_per_floor":[80,60,60,60,53,53,54,58,58,58,48,30,30,30,56,40,87,53,53,16,22,22,48,37,15,15,41,8,8,18,18,44,0],"gold":75,"neow_bonus":"THREE_SMALL_POTIONS","is_prod":false,"is_daily":false,"chose_seed":false,"campfire_upgraded":1,"win_rate":0,"timestamp":1552280189,"path_taken":["M","?","$","?","M","R","?","M","T","R","M","E","?","M","R","BOSS","M","?","?","M","?","R","M","M","T","R","?","?","M","$","R","BOSS"],"build_version":"2019-01-23","purchased_purges":1,"victory":false,"max_hp_per_floor":[80,80,80,80,80,80,80,80,80,80,80,87,87,87,87,87,87,87,87,87,87,87,87,87,87,87,87,87,87,87,87,87,87],"card_choices":[{"not_picked":["Infernal Blade","Anger","Evolve"],"picked":"SKIP","floor":1.0},{"not_picked":["Uppercut","Iron Wave","Pommel Strike"],"picked":"SKIP","floor":5.0},{"not_picked":["Havoc","Uppercut","Sword Boomerang"],"picked":"SKIP","floor":7.0},{"not_picked":["Second Wind","Havoc","Anger"],"picked":"SKIP","floor":8.0},{"not_picked":["Metallicize","Headbutt"],"picked":"Perfected Strike","floor":11.0},{"not_picked":["Combust","Entrench","Clothesline"],"picked":"SKIP","floor":12.0},{"not_picked":["Rage","Flex"],"picked":"Pommel Strike","floor":14},{"not_picked":["Body Slam+1","Spot Weakness","Iron Wave"],"picked":"SKIP","floor":18},{"not_picked":["Wild Strike+1","Infernal Blade+1"],"picked":"Perfected Strike","floor":20},{"not_picked":["Twin Strike","True Grit"],"picked":"Inflame","floor":21},{"not_picked":["Reckless Charge+1","Sword Boomerang","Fire Breathing+1"],"picked":"SKIP","floor":24},{"not_picked":["Rampage","Entrench"],"picked":"Armaments","floor":25},{"not_picked":["Entrench+1","Headbutt+1","Body Slam"],"picked":"SKIP","floor":28},{"not_picked":["Heavy Blade","Headbutt","Anger"],"picked":"SKIP","floor":30}],"player_experience":1208252,"relics_obtained":[{"floor":12.0,"key":"Strawberry"},{"floor":20,"key":"Red Mask"},{"floor":26,"key":"Sundial"}],"event_choices":[{"damage_healed":0.0,"max_hp_gain":0.0,"max_hp_loss":0.0,"gold_gain":0.0,"event_name":"Golden Idol","player_choice":"Take Damage","floor":2.0,"gold_loss":0.0,"damage_taken":20.0,"relics_obtained":["Golden Idol"]},{"damage_healed":0.0,"max_hp_gain":0.0,"max_hp_loss":0.0,"gold_gain":0.0,"cards_transformed":["Strike_R"],"event_name":"Transmorgrifier","player_choice":"Transformed","floor":4.0,"gold_loss":0.0,"damage_taken":0.0,"cards_obtained":["Impervious"]},{"damage_healed":0.0,"max_hp_gain":0.0,"max_hp_loss":0.0,"gold_gain":0.0,"event_name":"FaceTrader","player_choice":"Trade","floor":13.0,"gold_loss":0.0,"damage_taken":0.0,"relics_obtained":["CultistMask"]},{"damage_healed":0,"gold_gain":0,"player_choice":"Fought Bandits","damage_taken":0,"max_hp_gain":0,"max_hp_loss":0,"event_name":"Masked Bandits","floor":20,"gold_loss":0},{"damage_healed":0,"gold_gain":0,"player_choice":"Ignored","damage_taken":0,"max_hp_gain":0,"max_hp_loss":0,"event_name":"Cursed Tome","floor":29,"gold_loss":0}],"is_beta":false,"boss_relics":[{"not_picked":["Orrery","Mark of Pain"],"picked":"Philosopher\u0027s Stone"}],"items_purged_floors":[3],"is_endless":false,"potions_floor_spawned":[5,11,12,14,20,25,28,30],"killed_by":"Champ","ascension_level":0}