{"gold_per_floor":[125,137,160,183,195,217,229,259,296,308],"floor_reached":10,"playtime":408,"items_purged":[],"score":117,"play_id":"144d0f83-ab2b-4a86-89df-a3057b6020db","local_time":"20190208193042","is_ascension_mode":true,"campfire_choices":[{"data":"Bash","floor":7,"key":"SMITH"}],"neow_cost":"NONE","seed_source_timestamp":1756365026728522,"circlet_count":0,"master_deck":["AscendersBane","Strike_R+1","Strike_R","Strike_R","Strike_R","Strike_R","Defend_R+1","Defend_R","Defend_R","Defend_R","Bash+1","Inflame+1","Cleave","Pommel Strike"],"relics":["Burning Blood","MawBank","Bag of Preparation"],"potions_floor_usage":[10],"damage_taken":[{"damage":5,"enemies":"2 Louse","floor":1,"turns":4},{"damage":2,"enemies":"Jaw Worm","floor":3,"turns":4},{"damage":1,"enemies":"Cultist","floor":4,"turns":4},{"damage":27,"enemies":"Gremlin Gang","floor":6,"turns":4},{"damage":13,"enemies":"Blue Slaver","floor":8,"turns":3},{"damage":28,"enemies":"3 Sentries","floor":10,"turns":4}],"seed_played":"7117060752110098255","potions_obtained":[{"floor":1,"key":"PowerPotion"},{"floor":6,"key":"Dexterity Potion"}],"is_trial":false,"path_per_floor":["M","?","M","M","?","M","R","M","T","E"],"character_chosen":"IRONCLAD","items_purchased":[],"campfire_rested":0,"item_purchase_floors":[],"current_hp_per_floor":[69,46,50,55,55,34,34,27,27,0],"gold":308,"neow_bonus":"RANDOM_COMMON_RELIC","is_prod":false,"is_daily":false,"chose_seed":false,"campfire_upgraded":1,"win_rate":0,"timestamp":1549650642,"path_taken":["M","?","M","M","?","?","R","M","T","E"],"build_version":"2019-02-06","purchased_purges":0,"victory":false,"max_hp_per_floor":[75,75,75,75,75,75,75,75,75,75],"card_choices":[{"not_picked":["Warcry","Iron Wave"],"picked":"Inflame","floor":1},{"not_picked":["Clothesline","Power Through","Havoc"],"picked":"SKIP","floor":3},{"not_picked":["Shrug It Off","Headbutt"],"picked":"Cleave","floor":4},{"not_picked":["Carnage","Feel No Pain"],"picked":"Pommel Strike","floor":6},{"not_picked":["Brutality","Reckless Charge","Warcry"],"picked":"SKIP","floor":8}],"player_experience":745371,"relics_obtained":[{"floor":9,"key":"Bag of Preparation"}],"event_choices":[{"damage_healed":0,"gold_gain":0,"player_choice":"Entered Light","damage_taken":23,"max_hp_gain":0,"max_hp_loss":0,"event_name":"Shining Light","floor":2,"gold_loss":0,"cards_upgraded":["Strike_R","Defend_R"]},{"damage_healed":0,"gold_gain":0,"player_choice":"Forge","damage_taken":0,"max_hp_gain":0,"max_hp_loss":0,"event_name":"Accursed Blacksmith","floor":5,"gold_loss":0,"cards_upgraded":["Inflame"]}],"is_beta":true,"boss_relics":[],"items_purged_floors":[],"is_endless":false,"potions_floor_spawned":[1,6],"killed_by":"3 Sentries","ascension_level":19}