{"gold_per_floor":[116,116,41,58,58,58,92,112,191,208,208,227,258,278,278,355,355,373,386,311,325,240,240,240],"floor_reached":24,"playtime":1203,"items_purged":["Pain"],"score":385,"play_id":"ed49da08-acc9-481c-a555-49d59db06a82","local_time":"20190311212727","is_ascension_mode":true,"campfire_choices":[{"data":"Barrage","floor":6.0,"key":"SMITH"},{"data":"Biased Cognition","floor":15,"key":"SMITH"},{"data":"Fusion","floor":23,"key":"SMITH"}],"neow_cost":"NONE","seed_source_timestamp":1578673209176905,"circlet_count":0,"master_deck":["AscendersBane","Strike_B","Strike_B","Strike_B","Defend_B","Defend_B","Defend_B","Defend_B","Zap+1","Dualcast","Core Surge","Cold Snap","Barrage+1","White Noise","BootSequence","Barrage","Biased Cognition+1","Ball Lightning","Capacitor","Ball Lightning","Fusion+1"],"special_seed":0,"relics":["Cracked Core","WarpedTongs","Smiling Mask","Mummified Hand","The Courier","Singing Bowl","Philosopher\u0027s Stone","Gremlin Horn"],"potions_floor_usage":[13,18,19,19,24],"damage_taken":[{"damage":0.0,"enemies":"Cultist","floor":1.0,"turns":3.0},{"damage":7.0,"enemies":"Jaw Worm","floor":4.0,"turns":3.0},{"damage":12.0,"enemies":"3 Sentries","floor":7.0,"turns":6.0},{"damage":0.0,"enemies":"2 Louse","floor":8.0,"turns":2.0},{"damage":1.0,"enemies":"Red Slaver","floor":10.0,"turns":3.0},{"damage":0.0,"enemies":"Exordium Thugs","floor":12.0,"turns":4.0},{"damage":8,"enemies":"Gremlin Nob","floor":13,"turns":3},{"damage":1,"enemies":"3 Louse","floor":14,"turns":2},{"damage":7,"enemies":"The Guardian","floor":16,"turns":8},{"damage":11,"enemies":"Shell Parasite","floor":18,"turns":4},{"damage":13,"enemies":"Chosen","floor":19,"turns":4},{"damage":21,"enemies":"3 Cultists","floor":21,"turns":5},{"damage":22,"enemies":"Slavers","floor":24,"turns":1}],"seed_played":"-6670069762650273679","potions_obtained":[{"floor":1.0,"key":"Strength Potion"},{"floor":8.0,"key":"Ancient Potion"},{"floor":10.0,"key":"FearPotion"},{"floor":12.0,"key":"SkillPotion"},{"floor":14,"key":"GamblersBrew"},{"floor":18,"key":"AttackPotion"},{"floor":21,"key":"Regen Potion"}],"is_trial":false,"path_per_floor":["M","?","$","M","?","R","E","M","T","M","?","M","E","M","R","B",null,"M","M","?","M","?","R","E"],"character_chosen":"DEFECT","items_purchased":[],"campfire_rested":0,"item_purchase_floors":[],"current_hp_per_floor":[64,64,64,57,57,57,45,45,45,44,44,44,36,35,35,30,62,51,38,38,17,17,17,0],"gold":240,"neow_bonus":"ONE_RANDOM_RARE_CARD","is_prod":false,"is_daily":false,"chose_seed":false,"campfire_upgraded":3,"win_rate":0,"timestamp":1552336047,"path_taken":["M","?","$","?","?","R","E","M","T","M","?","?","E","M","R","BOSS","M","M","?","M","?","R","E"],"build_version":"2019-02-06","purchased_purges":1,"victory":false,"max_hp_per_floor":[71,71,71,71,71,71,71,71,71,71,71,71,71,71,71,73,73,73,73,73,73,73,73,73],"card_choices":[{"not_picked":["Aggregate","FTL"],"picked":"Cold Snap","floor":1.0},{"not_picked":["Redo","Barrage","Hologram"],"picked":"SKIP","floor":4.0},{"not_picked":["Redo","Hologram"],"picked":"Barrage","floor":4.0},{"not_picked":["Heatsinks","Double Energy","Stack"],"picked":"SKIP","floor":7.0},{"not_picked":["Redo","Sweeping Beam"],"picked":"White Noise","floor":8.0},{"not_picked":["Compile Driver","Consume"],"picked":"BootSequence","floor":10.0},{"not_picked":["Hologram","Reprogram"],"picked":"Barrage","floor":12.0},{"not_picked":["FTL","Fission"],"picked":"Biased Cognition","floor":13},{"not_picked":["Rebound","Melter"],"picked":"Ball Lightning","floor":14},{"not_picked":["Creative AI","All For One","Thunder Strike"],"picked":"Singing Bowl","floor":16},{"not_picked":["Compile Driver","Steam"],"picked":"Capacitor","floor":18},{"not_picked":["Streamline","Heatsinks"],"picked":"Ball Lightning","floor":19},{"not_picked":["Hologram","Conserve Battery"],"picked":"Fusion","floor":21}],"player_experience":955569,"relics_obtained":[{"floor":7.0,"key":"Smiling Mask"},{"floor":9.0,"key":"Mummified Hand"},{"floor":13,"key":"Singing Bowl"}],"event_choices":[{"damage_healed":0.0,"max_hp_gain":0.0,"max_hp_loss":0.0,"gold_gain":0.0,"event_name":"Accursed Blacksmith","player_choice":"Rummage","floor":2.0,"gold_loss":0.0,"damage_taken":0.0,"relics_obtained":["WarpedTongs"],"cards_obtained":["Pain"]},{"damage_healed":0.0,"max_hp_gain":0.0,"max_hp_loss":0.0,"gold_gain":0.0,"event_name":"Living Wall","player_choice":"Grow","floor":5.0,"gold_loss":0.0,"damage_taken":0.0,"cards_upgraded":["Zap"]},{"damage_healed":0.0,"max_hp_gain":0.0,"max_hp_loss":0.0,"gold_gain":0.0,"event_name":"WeMeetAgain","player_choice":"Gave Potion","floor":11.0,"gold_loss":0.0,"damage_taken":0.0,"relics_obtained":["The Courier"]},{"cards_removed":["Strike_B"],"damage_healed":0,"gold_gain":0,"player_choice":"Gave Gold","damage_taken":0,"max_hp_gain":0,"max_hp_loss":0,"event_name":"Beggar","floor":20,"gold_loss":75},{"damage_healed":0,"gold_gain":0,"player_choice":"Obtained Relic","damage_taken":0,"relics_obtained":["Gremlin Horn"],"max_hp_gain":0,"max_hp_loss":0,"event_name":"Addict","floor":22,"gold_loss":85}],"is_beta":true,"boss_relics":[{"not_picked":["Eternal Feather","Calling Bell"],"picked":"Philosopher\u0027s Stone"}],"items_purged_floors":[3],"is_endless":false,"potions_floor_spawned":[1,8,10,12,14,18,21],"killed_by":"Slavers","ascension_level":17}