{"gold_per_floor":[118,193,193,193,207,240,240,253,300,300,325,325,336,347,347,423,423,437,457,206,206,121,121],"floor_reached":23,"playtime":1062,"items_purged":["Strike_G"],"score":426,"play_id":"f0ccc637-790f-44ab-8bcf-f70e29ce0a9b","local_time":"20190227233853","is_ascension_mode":true,"campfire_choices":[{"floor":7.0,"key":"REST"},{"data":"Neutralize","floor":15.0,"key":"SMITH"}],"neow_cost":"NONE","seed_source_timestamp":549843061591387,"circlet_count":0,"master_deck":["AscendersBane","Defend_G+1","Defend_G","Defend_G","Defend_G","Defend_G","Strike_G","Strike_G+1","Survivor","Neutralize+1","Blade Dance","Deflect","Blade Dance","Dodge and Roll","Cloak And Dagger","Prepared","Bullet Time","Noxious Fumes+1","Leg Sweep","Well Laid Plans","Backflip","Outmaneuver","Decay"],"special_seed":0,"relics":["Ring of the Serpent","NeowsBlessing","Vajra","Orichalcum","Centennial Puzzle","Bronze Scales","Shuriken"],"potions_floor_usage":[],"damage_taken":[{"damage":0.0,"enemies":"Small Slimes","floor":1.0,"turns":1.0},{"damage":0.0,"enemies":"Cultist","floor":5.0,"turns":1.0},{"damage":0.0,"enemies":"3 Sentries","floor":6.0,"turns":1.0},{"damage":0.0,"enemies":"2 Louse","floor":8.0,"turns":3.0},{"damage":10.0,"enemies":"Lagavulin","floor":11.0,"turns":6.0},{"damage":0.0,"enemies":"Blue Slaver","floor":13.0,"turns":4.0},{"damage":1.0,"enemies":"Gremlin Gang","floor":14.0,"turns":5.0},{"damage":21.0,"enemies":"Hexaghost","floor":16.0,"turns":13.0},{"damage":26.0,"enemies":"Shell Parasite","floor":18.0,"turns":5.0},{"damage":10,"enemies":"3 Byrds","floor":19,"turns":3},{"damage":18,"enemies":"Gremlin Leader","floor":23,"turns":2}],"seed_played":"1443040151155408112","potions_obtained":[{"floor":1.0,"key":"Fire Potion"},{"floor":8.0,"key":"SpeedPotion"},{"floor":14.0,"key":"SpeedPotion"},{"floor":19,"key":"SpeedPotion"}],"is_trial":false,"path_per_floor":["M","?","?","?","M","E","R","M","T","?","E","?","M","M","R","B",null,"M","M","$","?","?","E"],"character_chosen":"THE_SILENT","items_purchased":["Well Laid Plans","Backflip","Outmaneuver"],"campfire_rested":1,"item_purchase_floors":[20,20,20],"current_hp_per_floor":[59,48,41,21,21,21,40,40,40,35,25,25,25,24,24,3,50,24,14,14,14,14,0],"gold":121,"neow_bonus":"THREE_ENEMY_KILL","is_prod":false,"is_daily":false,"chose_seed":false,"campfire_upgraded":1,"win_rate":0,"timestamp":1551307133,"path_taken":["M","?","?","?","M","E","R","M","T","?","E","?","?","M","R","BOSS","M","M","$","?","?","E"],"build_version":"2019-02-06","purchased_purges":1,"victory":false,"max_hp_per_floor":[66,66,66,66,66,66,66,66,66,66,66,66,66,66,66,66,66,66,66,66,66,66,66],"card_choices":[{"not_picked":["Well Laid Plans","Backflip"],"picked":"Blade Dance","floor":1.0},{"not_picked":["Bane","PiercingWail"],"picked":"Deflect","floor":5.0},{"not_picked":["Deadly Poison","Dodge and Roll"],"picked":"Blade Dance","floor":6.0},{"not_picked":["Prepared","Slice"],"picked":"Dodge and Roll","floor":8.0},{"not_picked":["Prepared","Night Terror"],"picked":"Cloak And Dagger","floor":11.0},{"not_picked":["Poisoned Stab","Sucker Punch","Underhanded Strike"],"picked":"SKIP","floor":13.0},{"not_picked":["Acrobatics","Bane","Poisoned Stab"],"picked":"SKIP","floor":14.0},{"not_picked":["Storm of Steel","Wraith Form v2"],"picked":"Bullet Time","floor":16.0},{"not_picked":["All Out Attack+1","Dash"],"picked":"Noxious Fumes+1","floor":18.0},{"not_picked":["Deflect","Flying Knee+1"],"picked":"Leg Sweep","floor":19}],"player_experience":822082,"relics_obtained":[{"floor":6.0,"key":"Vajra"},{"floor":9.0,"key":"Orichalcum"},{"floor":11.0,"key":"Bronze Scales"}],"event_choices":[{"damage_healed":0.0,"max_hp_gain":0.0,"max_hp_loss":0.0,"gold_gain":75.0,"event_name":"World of Goop","player_choice":"Gather Gold","floor":2.0,"gold_loss":0.0,"damage_taken":11.0},{"cards_removed":["Strike_G"],"damage_healed":0.0,"max_hp_gain":0.0,"max_hp_loss":0.0,"gold_gain":0.0,"event_name":"Golden Wing","player_choice":"Card Removal","floor":3.0,"gold_loss":0.0,"damage_taken":7.0},{"damage_healed":0.0,"max_hp_gain":0.0,"max_hp_loss":0.0,"gold_gain":0.0,"event_name":"Shining Light","player_choice":"Entered Light","floor":4.0,"gold_loss":0.0,"damage_taken":20.0,"cards_upgraded":["Defend_G","Strike_G"]},{"damage_healed":0.0,"max_hp_gain":0.0,"max_hp_loss":0.0,"gold_gain":0.0,"event_name":"Scrap Ooze","player_choice":"Success","floor":10.0,"gold_loss":0.0,"damage_taken":5.0,"relics_obtained":["Centennial Puzzle"]},{"damage_healed":0.0,"max_hp_gain":0.0,"max_hp_loss":0.0,"gold_gain":0.0,"cards_transformed":["Strike_G"],"event_name":"Transmorgrifier","player_choice":"Transformed","floor":12.0,"gold_loss":0.0,"damage_taken":0.0,"cards_obtained":["Prepared"]},{"damage_healed":0,"gold_gain":0,"player_choice":"Smashed Altar","damage_taken":0,"max_hp_gain":0,"max_hp_loss":0,"event_name":"Forgotten Altar","floor":21,"gold_loss":0,"cards_obtained":["Decay"]},{"damage_healed":0,"gold_gain":0,"player_choice":"Obtained Relic","damage_taken":0,"relics_obtained":["Shuriken"],"max_hp_gain":0,"max_hp_loss":0,"event_name":"Addict","floor":22,"gold_loss":85}],"is_beta":true,"boss_relics":[{"not_picked":["Velvet Choker","Snecko Eye"],"picked":"Ring of the Serpent"}],"items_purged_floors":[20],"is_endless":false,"potions_floor_spawned":[1,8,14,19],"killed_by":"Gremlin Leader","ascension_level":18}