{"gold_per_floor":[112,38,113,124,135,135,185,214,214,225,225,238,250,250,250,327,327,340,340,360,360,360,360,372,402,402,317,39,89,105,123,123,123],"floor_reached":33,"playtime":1659,"items_purged":[],"score":481,"play_id":"f41c831b-1f63-412c-92de-6111e0435e18","local_time":"20190219192720","is_ascension_mode":true,"campfire_choices":[{"data":"Skewer","floor":6,"key":"SMITH"},{"floor":11,"key":"REST"},{"floor":15,"key":"REST"},{"data":"Catalyst","floor":23,"key":"SMITH"},{"floor":32,"key":"REST"}],"neow_cost":"NONE","seed_source_timestamp":37704116445816,"circlet_count":0,"master_deck":["AscendersBane","Defend_G","Defend_G","Defend_G","Defend_G","Defend_G","Strike_G","Strike_G","Strike_G","Strike_G","Strike_G","Survivor","Neutralize","Dagger Spray","Noxious Fumes","Well Laid Plans","Skewer+1","Noxious Fumes","Catalyst+1","Cloak And Dagger","Blur","Venomology","Backflip","Ghostly","Ghostly","Ghostly","Deadly Poison"],"relics":["Ring of the Snake","Gremlin Horn","Paper Crane","Cursed Key","Frozen Egg 2","Blood Vial","Letter Opener"],"potions_floor_usage":[5,8,8,10,18,20,24,25,30,31,31,33,33],"damage_taken":[{"damage":0,"enemies":"Cultist","floor":1,"turns":4},{"damage":15,"enemies":"Small Slimes","floor":4,"turns":5},{"damage":0,"enemies":"Jaw Worm","floor":5,"turns":4},{"damage":20,"enemies":"Gremlin Nob","floor":8,"turns":4},{"damage":2,"enemies":"Red Slaver","floor":10,"turns":2},{"damage":28,"enemies":"Gremlin Gang","floor":12,"turns":5},{"damage":0,"enemies":"Exordium Wildlife","floor":13,"turns":3},{"damage":23,"enemies":"The Guardian","floor":16,"turns":12},{"damage":8,"enemies":"Chosen","floor":18,"turns":6},{"damage":0,"enemies":"Spheric Guardian","floor":20,"turns":6},{"damage":0,"enemies":"Snake Plant","floor":24,"turns":6},{"damage":14,"enemies":"Book of Stabbing","floor":25,"turns":7},{"damage":13,"enemies":"Snecko","floor":30,"turns":5},{"damage":7,"enemies":"Cultist and Chosen","floor":31,"turns":8},{"damage":25,"enemies":"Automaton","floor":33,"turns":6}],"seed_played":"8397204398871290802","potions_obtained":[{"floor":4,"key":"EntropicBrew"},{"floor":8,"key":"Block Potion"},{"floor":10,"key":"LiquidBronze"},{"floor":16,"key":"SpeedPotion"},{"floor":25,"key":"SkillPotion"},{"floor":31,"key":"Ancient Potion"}],"is_trial":false,"path_per_floor":["M","$","?","M","M","R","?","E","T","M","R","M","M","?","R","B",null,"M","?","M","?","?","R","M","E","T","?","$","?","M","M","R","B"],"character_chosen":"THE_SILENT","items_purchased":["Noxious Fumes","Letter Opener"],"campfire_rested":3,"item_purchase_floors":[2,28],"current_hp_per_floor":[65,65,54,39,39,39,32,12,12,10,31,3,3,3,24,1,54,46,36,36,36,36,36,36,22,22,22,22,22,11,6,16,0],"gold":123,"neow_bonus":"TEN_PERCENT_HP_BONUS","is_prod":false,"is_daily":false,"chose_seed":false,"campfire_upgraded":2,"win_rate":0,"timestamp":1550600840,"path_taken":["M","?","?","M","M","R","?","E","T","?","R","M","?","?","R","BOSS","M","?","M","?","?","R","M","E","T","?","$","?","M","M","R","BOSS"],"build_version":"2019-02-06","purchased_purges":0,"victory":false,"max_hp_per_floor":[72,72,72,72,72,72,72,72,72,72,72,72,72,72,72,72,72,72,36,36,36,36,36,36,36,36,36,36,36,36,36,36,36],"card_choices":[{"not_picked":["Expertise","Acrobatics"],"picked":"Dagger Spray","floor":1},{"not_picked":["Dagger Spray","Flying Knee"],"picked":"Well Laid Plans","floor":4},{"not_picked":["Setup","Quick Slash"],"picked":"Skewer","floor":5},{"not_picked":["Blade Dance","Underhanded Strike"],"picked":"Noxious Fumes","floor":8},{"not_picked":["PiercingWail","Blade Dance"],"picked":"Catalyst","floor":10},{"not_picked":["Backflip","Distraction"],"picked":"Cloak And Dagger","floor":12},{"not_picked":["Riddle With Holes","Terror"],"picked":"Blur","floor":13},{"not_picked":["Glass Knife","Storm of Steel"],"picked":"Venomology","floor":16},{"not_picked":["Quick Slash","Outmaneuver"],"picked":"Backflip","floor":18},{"not_picked":["Cloak And Dagger","Dagger Spray","A Thousand Cuts"],"picked":"SKIP","floor":20},{"not_picked":["Underhanded Strike","Dodge and Roll"],"picked":"Deadly Poison","floor":24},{"not_picked":["Acrobatics","Outmaneuver","Underhanded Strike"],"picked":"SKIP","floor":25},{"not_picked":["Flying Knee","Flechettes","Quick Slash"],"picked":"SKIP","floor":30},{"not_picked":["After Image+1","Poisoned Stab","Choke"],"picked":"SKIP","floor":31}],"player_experience":803887,"relics_obtained":[{"floor":8,"key":"Gremlin Horn"},{"floor":9,"key":"Paper Crane"},{"floor":25,"key":"Frozen Egg 2"}],"event_choices":[{"damage_healed":0,"gold_gain":75,"player_choice":"Gather Gold","damage_taken":11,"max_hp_gain":0,"max_hp_loss":0,"event_name":"World of Goop","floor":3,"gold_loss":0},{"damage_healed":0,"gold_gain":50,"player_choice":"Touch","damage_taken":7,"max_hp_gain":0,"max_hp_loss":0,"event_name":"FaceTrader","floor":7,"gold_loss":0},{"damage_healed":0,"gold_gain":0,"player_choice":"Searched \u00270\u0027 times","damage_taken":0,"max_hp_gain":0,"max_hp_loss":0,"event_name":"Dead Adventurer","floor":14,"gold_loss":0},{"damage_healed":0,"gold_gain":0,"player_choice":"Became a Ghost","damage_taken":0,"max_hp_gain":0,"max_hp_loss":36,"event_name":"Ghosts","floor":19,"gold_loss":0,"cards_obtained":["Ghostly","Ghostly","Ghostly"]},{"damage_healed":0,"gold_gain":0,"player_choice":"Ignored","damage_taken":0,"max_hp_gain":0,"max_hp_loss":0,"event_name":"Cursed Tome","floor":21,"gold_loss":0},{"damage_healed":0,"gold_gain":0,"player_choice":"Ignored","damage_taken":0,"max_hp_gain":0,"max_hp_loss":0,"event_name":"Vampires","floor":22,"gold_loss":0},{"damage_healed":0,"gold_gain":0,"player_choice":"Obtained Relic","damage_taken":0,"relics_obtained":["Blood Vial"],"max_hp_gain":0,"max_hp_loss":0,"event_name":"Addict","floor":27,"gold_loss":85},{"damage_healed":0,"gold_gain":50,"player_choice":"Pray","damage_taken":0,"max_hp_gain":0,"max_hp_loss":0,"event_name":"Golden Shrine","floor":29,"gold_loss":0}],"is_beta":true,"boss_relics":[{"not_picked":["Tiny House","Ring of the Serpent"],"picked":"Cursed Key"}],"items_purged_floors":[],"is_endless":false,"potions_floor_spawned":[4,8,10,16,25,31],"killed_by":"Automaton","ascension_level":16}