{"gold_per_floor":[119,133,133,147,167,167,193,193,220,32,50,65,65,84,84,187,187,207,225,240,76,76,76,110,125,151,151,171,171,181,200,200,200],"floor_reached":33,"playtime":3406,"items_purged":["Strike_R"],"score":273,"play_id":"840036b8-d925-4efa-a0f3-a3abe7268786","local_time":"20190201191031","is_ascension_mode":false,"campfire_choices":[{"data":"Twin Strike","floor":6,"key":"SMITH"},{"floor":8,"key":"REST"},{"data":"Carnage","floor":15,"key":"SMITH"},{"floor":23,"key":"REST"},{"floor":27,"key":"REST"},{"floor":29,"key":"REST"},{"floor":32,"key":"REST"}],"neow_cost":"","seed_source_timestamp":695207679567668,"circlet_count":0,"master_deck":["Strike_R","Strike_R","Strike_R","Defend_R","Defend_R","Defend_R","Defend_R","Bash","Headbutt","Twin Strike+1","Pummel","Perfected Strike","Blood for Blood","Battle Trance","Shrug It Off","Carnage+1","Rupture","Feed","Armaments+1","Flex","Cleave","Ghostly Armor","Shrug It Off","Thunderclap+1","Body Slam","Inflame","Thunderclap+1","Cleave"],"relics":["Black Blood","Potion Belt","Juzu Bracelet","Oddly Smooth Stone","Anchor","Bag of Marbles","Bag of Preparation"],"potions_floor_usage":[18,33,33],"damage_taken":[{"damage":1,"enemies":"Jaw Worm","floor":1,"turns":5},{"damage":0,"enemies":"2 Louse","floor":2,"turns":3},{"damage":1,"enemies":"Cultist","floor":4,"turns":3},{"damage":14,"enemies":"3 Louse","floor":5,"turns":4},{"damage":16,"enemies":"Gremlin Nob","floor":7,"turns":4},{"damage":8,"enemies":"Exordium Thugs","floor":11,"turns":4},{"damage":3,"enemies":"Blue Slaver","floor":12,"turns":3},{"damage":9,"enemies":"2 Fungi Beasts","floor":14,"turns":3},{"damage":47,"enemies":"The Guardian","floor":16,"turns":11},{"damage":29,"enemies":"Shell Parasite","floor":18,"turns":6},{"damage":12,"enemies":"Spheric Guardian","floor":19,"turns":4},{"damage":30,"enemies":"Centurion and Healer","floor":20,"turns":6},{"damage":46,"enemies":"Slavers","floor":24,"turns":8},{"damage":27,"enemies":"Snake Plant","floor":25,"turns":5},{"damage":0,"enemies":"Snecko","floor":28,"turns":3},{"damage":27,"enemies":"Shelled Parasite and Fungi","floor":30,"turns":8},{"damage":21,"enemies":"Snake Plant","floor":31,"turns":3},{"damage":112,"enemies":"Champ","floor":33,"turns":13}],"seed_played":"-7828437010843263797","potions_obtained":[{"floor":5,"key":"AttackPotion"},{"floor":7,"key":"Energy Potion"},{"floor":11,"key":"SneckoOil"},{"floor":12,"key":"SkillPotion"},{"floor":14,"key":"GamblersBrew"},{"floor":16,"key":"SpeedPotion"},{"floor":20,"key":"Poison Potion"},{"floor":30,"key":"Swift Potion"}],"is_trial":false,"path_per_floor":["M","M","?","M","M","R","E","R","T","$","M","M","?","M","R","B",null,"M","M","M","$","?","R","E","M","T","R","M","R","M","M","R","B"],"character_chosen":"IRONCLAD","items_purchased":["Battle Trance","Anchor","Ghostly Armor","Shrug It Off"],"campfire_rested":5,"item_purchase_floors":[10,10,21,21],"current_hp_per_floor":[80,80,68,73,65,65,55,79,79,79,77,80,80,77,77,36,80,61,63,47,47,47,73,37,20,20,46,56,82,69,58,85,0],"gold":200,"neow_bonus":"","is_prod":false,"is_daily":false,"chose_seed":false,"campfire_upgraded":2,"win_rate":0.0,"timestamp":1549066231,"path_taken":["M","M","?","M","M","R","E","R","T","$","M","M","?","M","R","BOSS","M","M","M","$","?","R","E","M","T","R","M","R","M","M","R","BOSS"],"build_version":"2019-01-23","purchased_purges":1,"victory":false,"max_hp_per_floor":[80,80,80,80,80,80,80,80,80,80,80,80,80,80,80,80,80,80,84,88,88,88,88,88,88,88,88,88,88,92,92,92,92],"card_choices":[{"not_picked":["Flex","True Grit"],"picked":"Headbutt","floor":1},{"not_picked":["Ghostly Armor","Clash"],"picked":"Twin Strike","floor":2},{"not_picked":["Bludgeon","Disarm"],"picked":"Pummel","floor":4},{"not_picked":["Metallicize","Warcry"],"picked":"Perfected Strike","floor":5},{"not_picked":["Clash","Headbutt"],"picked":"Blood for Blood","floor":7},{"not_picked":["Double Tap","Flex"],"picked":"Shrug It Off","floor":11},{"not_picked":["Battle Trance","Ghostly Armor"],"picked":"Carnage","floor":12},{"not_picked":["Carnage","Flex"],"picked":"Rupture","floor":14},{"not_picked":["Juggernaut","Fiend Fire"],"picked":"Feed","floor":16},{"not_picked":["Flex","Warcry"],"picked":"Armaments+1","floor":18},{"not_picked":["Pummel","Dual Wield"],"picked":"Flex","floor":19},{"not_picked":["Sword Boomerang","Rampage"],"picked":"Cleave","floor":20},{"not_picked":["Cleave","Berserk"],"picked":"Thunderclap+1","floor":24},{"not_picked":["Whirlwind+1","Headbutt"],"picked":"Body Slam","floor":25},{"not_picked":["Twin Strike","True Grit+1"],"picked":"Inflame","floor":28},{"not_picked":["Headbutt","Inflame"],"picked":"Thunderclap+1","floor":30},{"not_picked":["Flex","Intimidate"],"picked":"Cleave","floor":31}],"player_experience":0,"relics_obtained":[{"floor":7,"key":"Juzu Bracelet"},{"floor":9,"key":"Oddly Smooth Stone"},{"floor":24,"key":"Bag of Marbles"},{"floor":26,"key":"Bag of Preparation"}],"event_choices":[{"damage_healed":0,"gold_gain":0,"player_choice":"Success","damage_taken":12,"relics_obtained":["Potion Belt"],"max_hp_gain":0,"max_hp_loss":0,"event_name":"Scrap Ooze","floor":3,"gold_loss":0},{"cards_removed":["Strike_R"],"damage_healed":0,"gold_gain":0,"player_choice":"Offered Basic","damage_taken":0,"max_hp_gain":0,"max_hp_loss":0,"event_name":"Bonfire Elementals","floor":13,"gold_loss":0}],"is_beta":false,"boss_relics":[{"not_picked":["Sozu","Eternal Feather"],"picked":"Black Blood"}],"items_purged_floors":[21],"is_endless":false,"potions_floor_spawned":[5,7,11,12,14,16,20,30],"killed_by":"Champ","ascension_level":0}