{"gold_per_floor":[363,363,377,74,74,108,121,137,137,137,162,162,162,192,192,269,269,280,280,280,195,195,195,210,210,286,286,303,320,338,388,388,388],"floor_reached":33,"playtime":1495,"items_purged":[],"score":487,"play_id":"a0aae52c-bf19-41c0-8e13-924f05ab004e","local_time":"20190310004327","is_ascension_mode":true,"campfire_choices":[{"data":"Dualcast","floor":10,"key":"SMITH"},{"data":"Scrape","floor":12,"key":"SMITH"},{"floor":15,"key":"REST"},{"floor":23,"key":"REST"},{"data":"Coolheaded","floor":25,"key":"SMITH"},{"data":"Reinforced Body","floor":27,"key":"SMITH"},{"floor":32,"key":"REST"}],"neow_cost":"TEN_PERCENT_HP_LOSS","seed_source_timestamp":1417348459757491,"circlet_count":0,"master_deck":["AscendersBane","Strike_B","Defend_B","Defend_B","Defend_B","Zap+1","Dualcast+1","Sweeping Beam","Glacier","Swift Strike","Scrape+1","Reinforced Body+1","Self Repair","Gash","Beam Cell","Beam Cell+1","Seek","Coolheaded+1","FTL+1","Go for the Eyes+1"],"relics":["Cracked Core","Mercury Hourglass","Pocketwatch","Emotion Chip","Molten Egg 2","Bag of Marbles","Empty Cage","Anchor","Matryoshka"],"potions_floor_usage":[11],"damage_taken":[{"damage":7,"enemies":"Jaw Worm","floor":1,"turns":3},{"damage":0,"enemies":"2 Louse","floor":3,"turns":1},{"damage":35,"enemies":"Lagavulin","floor":6,"turns":7},{"damage":7,"enemies":"Small Slimes","floor":7,"turns":3},{"damage":0,"enemies":"Red Slaver","floor":8,"turns":4},{"damage":16,"enemies":"Gremlin Nob","floor":11,"turns":3},{"damage":11,"enemies":"3 Sentries","floor":14,"turns":5},{"damage":2,"enemies":"The Guardian","floor":16,"turns":9},{"damage":19,"enemies":"Shell Parasite","floor":18,"turns":3},{"damage":28,"enemies":"Colosseum Slavers","floor":20,"turns":3},{"damage":7,"enemies":"2 Thieves","floor":24,"turns":3},{"damage":13,"enemies":"Snake Plant","floor":28,"turns":4},{"damage":3,"enemies":"Centurion and Healer","floor":29,"turns":6},{"damage":0,"enemies":"3 Cultists","floor":30,"turns":4},{"damage":55,"enemies":"Collector","floor":33,"turns":8}],"seed_played":"-4371411645159079087","potions_obtained":[{"floor":7,"key":"GamblersBrew"},{"floor":8,"key":"AttackPotion"},{"floor":11,"key":"FocusPotion"},{"floor":18,"key":"Energy Potion"}],"is_trial":false,"path_per_floor":["M","?","M","$","?","E","M","M","T","R","E","R","T","E","R","B",null,"M","?","?","?","?","R","M","R","T","R","M","M","M","?","R","B"],"character_chosen":"DEFECT","items_purchased":["Glacier","Swift Strike","Scrape","Reinforced Body"],"campfire_rested":3,"item_purchase_floors":[4,4,4,4],"current_hp_per_floor":[57,57,57,57,62,27,27,34,34,34,25,25,25,21,41,46,63,44,44,16,16,16,36,36,36,36,36,23,27,34,34,54,0],"gold":388,"neow_bonus":"TWO_FIFTY_GOLD","is_prod":false,"is_daily":false,"chose_seed":false,"campfire_upgraded":4,"win_rate":0,"timestamp":1552175007,"path_taken":["M","?","M","$","?","E","M","M","T","R","E","R","?","E","R","BOSS","M","?","?","?","?","R","?","R","T","R","M","M","M","?","R","BOSS"],"build_version":"2019-02-06","purchased_purges":0,"victory":false,"max_hp_per_floor":[64,64,64,64,69,69,69,69,69,69,69,69,69,69,69,69,69,69,69,69,69,69,69,69,69,69,69,69,69,69,69,69,69],"card_choices":[{"not_picked":["Stack","Turbo","Leap"],"picked":"SKIP","floor":1},{"not_picked":["Compile Driver","Turbo"],"picked":"Sweeping Beam","floor":3},{"not_picked":["Redo","Sweeping Beam"],"picked":"Self Repair","floor":6},{"not_picked":["Consume","Compile Driver"],"picked":"Gash","floor":7},{"not_picked":["Redo","Coolheaded"],"picked":"Beam Cell","floor":8},{"not_picked":["Sunder","Fission","Stack"],"picked":"SKIP","floor":11},{"not_picked":["Force Field","Compile Driver+1"],"picked":"Beam Cell+1","floor":14},{"not_picked":["Hyperbeam+1","Core Surge+1"],"picked":"Seek","floor":16},{"not_picked":["Sweeping Beam+1","Darkness"],"picked":"Coolheaded","floor":18},{"not_picked":["Rip and Tear+1","Recycle","Leap"],"picked":"SKIP","floor":24},{"not_picked":["Redo","Ball Lightning+1"],"picked":"FTL+1","floor":28},{"not_picked":["Beam Cell+1","Compile Driver+1"],"picked":"Go for the Eyes+1","floor":29},{"not_picked":["Blizzard+1","Reprogram","Rebound+1"],"picked":"SKIP","floor":30}],"player_experience":938601,"relics_obtained":[{"floor":6,"key":"Mercury Hourglass"},{"floor":9,"key":"Pocketwatch"},{"floor":11,"key":"Emotion Chip"},{"floor":13,"key":"Molten Egg 2"},{"floor":14,"key":"Bag of Marbles"},{"floor":26,"key":"Matryoshka"}],"event_choices":[{"damage_healed":0,"gold_gain":0,"player_choice":"Grow","damage_taken":0,"max_hp_gain":0,"max_hp_loss":0,"event_name":"Living Wall","floor":2,"gold_loss":0,"cards_upgraded":["Zap"]},{"damage_healed":0,"gold_gain":0,"player_choice":"Donut","damage_taken":0,"max_hp_gain":5,"max_hp_loss":0,"event_name":"Big Fish","floor":5,"gold_loss":0},{"cards_removed":["Strike_B"],"damage_healed":0,"gold_gain":0,"player_choice":"Elegance","damage_taken":0,"max_hp_gain":0,"max_hp_loss":0,"event_name":"Back to Basics","floor":19,"gold_loss":0},{"damage_healed":0,"gold_gain":0,"player_choice":"Fight","damage_taken":0,"max_hp_gain":0,"max_hp_loss":0,"event_name":"Colosseum","floor":20,"gold_loss":0},{"damage_healed":0,"gold_gain":0,"player_choice":"Fled From Nobs","damage_taken":0,"max_hp_gain":0,"max_hp_loss":0,"event_name":"Colosseum","floor":20,"gold_loss":0},{"damage_healed":0,"gold_gain":0,"player_choice":"Obtained Relic","damage_taken":0,"relics_obtained":["Anchor"],"max_hp_gain":0,"max_hp_loss":0,"event_name":"Addict","floor":21,"gold_loss":85},{"cards_removed":["Strike_B"],"damage_healed":0,"gold_gain":0,"player_choice":"Purged","damage_taken":0,"max_hp_gain":0,"max_hp_loss":0,"event_name":"Purifier","floor":22,"gold_loss":0},{"damage_healed":0,"gold_gain":50,"player_choice":"Stole From Cult","damage_taken":0,"max_hp_gain":0,"max_hp_loss":0,"event_name":"Nest","floor":31,"gold_loss":0}],"is_beta":true,"boss_relics":[{"not_picked":["Philosopher\u0027s Stone","Pandora\u0027s Box"],"picked":"Empty Cage"}],"items_purged_floors":[],"is_endless":false,"potions_floor_spawned":[7,8,11,18,30],"killed_by":"Collector","ascension_level":17}