{"gold_per_floor":[114,129,129,129,139,168,21,21,67,79,79,109,119,137,137,215,215,215,215,155,155,155,155,155,155,155,155,155,155,155,155,155,155,155,155,155,155,155,155,155,155,155,155,155,155,155,155,155,155,155],"floor_reached":50,"playtime":2909,"items_purged":[],"score":1041,"play_id":"266254f2-b208-4fb2-84ea-e8057a887e46","local_time":"20190212100813","is_ascension_mode":true,"campfire_choices":[{"floor":8.0,"key":"REST"},{"data":"Heavy Blade","floor":15.0,"key":"SMITH"},{"floor":28.0,"key":"REST"},{"data":"Armaments","floor":32,"key":"SMITH"},{"data":"Rage","floor":41,"key":"SMITH"},{"data":"Offering","floor":46,"key":"SMITH"},{"floor":49,"key":"REST"}],"neow_cost":"NONE","seed_source_timestamp":134541112101546,"circlet_count":0,"master_deck":["AscendersBane","Defend_R","Defend_R","Defend_R","Defend_R","Bash","Heavy Blade+1","Thunderclap","Iron Wave","Battle Trance","Headbutt","Inflame","Flex","Flex","Heavy Blade","Inflame","Pummel","Offering+1","Anger","Shrug It Off","Rage+1","Whirlwind","Armaments+1","Bite","Bite","Bite","Bite","Bite","Whirlwind","Double Tap","Spot Weakness","Battle Trance+1","Shrug It Off","Seeing Red+1","Rage+1","Parasite"],"special_seed":0,"relics":["Burning Blood","Magic Flower","Happy Flower","Strawberry","Self Forming Clay","Ectoplasm","Bag of Preparation","Letter Opener","Lizard Tail","Tiny Chest","Regal Pillow","Mummified Hand"],"potions_floor_usage":[30,33,40,45,50],"damage_taken":[{"damage":1.0,"enemies":"2 Louse","floor":1.0,"turns":3.0},{"damage":9.0,"enemies":"Jaw Worm","floor":2.0,"turns":4.0},{"damage":1.0,"enemies":"Cultist","floor":5.0,"turns":3.0},{"damage":64.0,"enemies":"Lagavulin","floor":6.0,"turns":9.0},{"damage":4.0,"enemies":"Large Slime","floor":10.0,"turns":5.0},{"damage":38.0,"enemies":"3 Sentries","floor":12.0,"turns":8.0},{"damage":1.0,"enemies":"2 Fungi Beasts","floor":13.0,"turns":3.0},{"damage":6.0,"enemies":"Looter","floor":14.0,"turns":2.0},{"damage":16.0,"enemies":"Hexaghost","floor":16.0,"turns":7.0},{"damage":14.0,"enemies":"Spheric Guardian","floor":18.0,"turns":4.0},{"damage":23.0,"enemies":"2 Thieves","floor":20.0,"turns":3.0},{"damage":12.0,"enemies":"3 Cultists","floor":21.0,"turns":4.0},{"damage":8.0,"enemies":"Snake Plant","floor":22.0,"turns":3.0},{"damage":28.0,"enemies":"Slavers","floor":23.0,"turns":4.0},{"damage":19.0,"enemies":"Cultist and Chosen","floor":29.0,"turns":4.0},{"damage":6,"enemies":"Sentry and Sphere","floor":30,"turns":3},{"damage":6,"enemies":"Centurion and Healer","floor":31,"turns":3},{"damage":31,"enemies":"Collector","floor":33,"turns":9},{"damage":0,"enemies":"Orb Walker","floor":35,"turns":1},{"damage":25,"enemies":"3 Darklings","floor":38,"turns":4},{"damage":39,"enemies":"Reptomancer","floor":40,"turns":5},{"damage":25,"enemies":"Spire Growth","floor":42,"turns":3},{"damage":27,"enemies":"Sphere and 2 Shapes","floor":44,"turns":8},{"damage":49,"enemies":"Transient","floor":45,"turns":6},{"damage":20,"enemies":"Writhing Mass","floor":48,"turns":3},{"damage":159,"enemies":"Awakened One","floor":50,"turns":10}],"seed_played":"-9202736270457256130","potions_obtained":[{"floor":5.0,"key":"EssenceOfSteel"},{"floor":10.0,"key":"EssenceOfSteel"},{"floor":16.0,"key":"LiquidBronze"},{"floor":21.0,"key":"GamblersBrew"},{"floor":22.0,"key":"SteroidPotion"},{"floor":23.0,"key":"Fire Potion"},{"floor":29.0,"key":"Strength Potion"},{"floor":33,"key":"Block Potion"},{"floor":40,"key":"FairyPotion"},{"floor":44,"key":"Poison Potion"},{"floor":45,"key":"GamblersBrew"}],"is_trial":false,"path_per_floor":["M","M","?","T","M","E","$","R","T","M","?","E","M","M","R","B",null,"M","?","M","M","M","E","?","?","T","$","R","M","M","M","R","B",null,"M","T","?","M","$","E","R","M","T","M","M","R","?","M","R","B"],"character_chosen":"IRONCLAD","items_purchased":["Inflame","Flex"],"campfire_rested":3,"item_purchase_floors":[7,7],"current_hp_per_floor":[73,70,63,63,71,16,16,38,45,50,50,21,29,32,32,25,68,63,63,49,46,47,28,4,4,4,4,22,24,36,48,48,43,56,60,60,60,60,60,33,33,28,28,22,18,18,18,20,53,0],"gold":155,"neow_bonus":"TRANSFORM_CARD","is_prod":false,"is_daily":false,"chose_seed":false,"campfire_upgraded":4,"win_rate":0,"timestamp":1549962493,"path_taken":["M","M","?","?","?","E","$","R","T","M","?","E","M","M","R","BOSS","M","?","M","M","M","E","?","?","T","?","R","M","M","M","R","BOSS","M","?","?","M","$","E","R","M","T","?","M","R","?","M","R","BOSS"],"build_version":"2019-02-06","purchased_purges":0,"victory":false,"max_hp_per_floor":[75,75,75,75,75,75,75,75,82,82,82,82,82,82,82,82,82,82,82,82,82,82,82,87,60,60,60,60,60,60,60,60,60,60,60,60,60,60,60,60,60,60,60,60,60,60,60,60,60,60],"card_choices":[{"not_picked":["Body Slam","Combust"],"picked":"Thunderclap","floor":1.0},{"not_picked":["Armaments","Warcry"],"picked":"Iron Wave","floor":2.0},{"not_picked":["Armaments","Shockwave"],"picked":"Battle Trance","floor":5.0},{"not_picked":["Brutality","Reckless Charge"],"picked":"Headbutt","floor":6.0},{"not_picked":["Thunderclap","Shockwave"],"picked":"Flex","floor":10.0},{"not_picked":["Fire Breathing","Headbutt"],"picked":"Heavy Blade","floor":12.0},{"not_picked":["Thunderclap","Searing Blow"],"picked":"Inflame","floor":13.0},{"not_picked":["Corruption","Thunderclap"],"picked":"Pummel","floor":14.0},{"not_picked":["Immolate","Demon Form"],"picked":"Offering","floor":16.0},{"not_picked":["Wild Strike","Pommel Strike","Disarm"],"picked":"SKIP","floor":18.0},{"not_picked":["Body Slam","Warcry"],"picked":"Shrug It Off","floor":20.0},{"not_picked":["Pommel Strike","Entrench"],"picked":"Rage","floor":21.0},{"not_picked":["Armaments","Perfected Strike"],"picked":"Whirlwind","floor":22.0},{"not_picked":["Second Wind","Power Through"],"picked":"Armaments","floor":23.0},{"not_picked":["Havoc","Sever Soul"],"picked":"Whirlwind","floor":29.0},{"not_picked":["Fire Breathing","Armaments","Headbutt+1"],"picked":"SKIP","floor":30},{"not_picked":["Infernal Blade","Warcry","Clothesline"],"picked":"SKIP","floor":31},{"not_picked":["Bludgeon","Juggernaut"],"picked":"Double Tap","floor":33},{"not_picked":["Cleave+1","Warcry"],"picked":"Spot Weakness","floor":35},{"not_picked":["Intimidate+1","Second Wind"],"picked":"Battle Trance+1","floor":38},{"not_picked":["Pommel Strike+1","Metallicize+1"],"picked":"Shrug It Off","floor":40},{"not_picked":["Iron Wave","Sword Boomerang"],"picked":"Seeing Red+1","floor":42},{"not_picked":["Thunderclap","Shockwave","Uppercut"],"picked":"SKIP","floor":44},{"not_picked":["Headbutt","Combust","Burning Pact+1"],"picked":"SKIP","floor":45},{"not_picked":["Armaments","Heavy Blade","Sword Boomerang"],"picked":"SKIP","floor":48}],"player_experience":751428,"relics_obtained":[{"floor":4.0,"key":"Magic Flower"},{"floor":6.0,"key":"Happy Flower"},{"floor":9.0,"key":"Strawberry"},{"floor":12.0,"key":"Self Forming Clay"},{"floor":23.0,"key":"Bag of Preparation"},{"floor":26.0,"key":"Letter Opener"},{"floor":36,"key":"Tiny Chest"},{"floor":40,"key":"Regal Pillow"},{"floor":43,"key":"Mummified Hand"}],"event_choices":[{"cards_removed":["Strike_R"],"damage_healed":0.0,"max_hp_gain":0.0,"max_hp_loss":0.0,"gold_gain":0.0,"event_name":"Golden Wing","player_choice":"Card Removal","floor":3.0,"gold_loss":0.0,"damage_taken":7.0},{"damage_healed":0.0,"max_hp_gain":0.0,"max_hp_loss":0.0,"gold_gain":0.0,"event_name":"Liars Game","player_choice":"Ignored","floor":11.0,"gold_loss":0.0,"damage_taken":0.0},{"damage_healed":0.0,"max_hp_gain":0.0,"max_hp_loss":0.0,"gold_gain":0.0,"event_name":"The Library","player_choice":"Read","floor":19.0,"gold_loss":0.0,"damage_taken":0.0,"cards_obtained":["Anger"]},{"damage_healed":0.0,"max_hp_gain":5.0,"max_hp_loss":0.0,"gold_gain":0.0,"event_name":"Forgotten Altar","player_choice":"Shed Blood","floor":24.0,"gold_loss":0.0,"damage_taken":29.0},{"damage_healed":0.0,"max_hp_gain":0.0,"max_hp_loss":27.0,"gold_gain":0.0,"event_name":"Vampires","player_choice":"Became a vampire","floor":25.0,"gold_loss":0.0,"damage_taken":0.0,"cards_obtained":["Bite","Bite","Bite","Bite","Bite"]},{"damage_healed":0,"gold_gain":0,"player_choice":"Full Heal","damage_taken":0,"max_hp_gain":0,"max_hp_loss":0,"event_name":"Wheel of Change","floor":37,"gold_loss":0},{"damage_healed":0,"gold_gain":0,"player_choice":"Copied","damage_taken":0,"max_hp_gain":0,"max_hp_loss":0,"event_name":"Duplicator","floor":47,"gold_loss":0,"cards_obtained":["Rage"]}],"is_beta":true,"boss_relics":[{"not_picked":["Mark of Pain","Busted Crown"],"picked":"Ectoplasm"},{"not_picked":["Velvet Choker","Fusion Hammer"],"picked":"Lizard Tail"}],"items_purged_floors":[],"is_endless":false,"potions_floor_spawned":[5,10,16,21,22,23,29,33,40,44,45],"killed_by":"Awakened One","ascension_level":19}