{"gold_per_floor":[113,123,142,142,155,155,165,182,182,192,211,237,252,272,272,377,377,395,395,320,32,52,52,52,67,67,33,60,60,78,95,95,198,198,208,308,319,20,71,71,83,93,141,151,170,170,170,185,185,185],"floor_reached":50,"playtime":3243,"items_purged":[],"score":526,"play_id":"7874c2b2-4d65-43fb-a83b-50deadb6508a","local_time":"20190205234928","is_ascension_mode":false,"campfire_choices":[{"data":"Perfected Strike","floor":6,"key":"SMITH"},{"data":"Armaments","floor":15,"key":"SMITH"},{"floor":24,"key":"REST"},{"data":"Searing Blow","floor":29,"key":"SMITH"},{"floor":32,"key":"REST"},{"floor":40,"key":"REST"},{"floor":47,"key":"REST"},{"data":"Inflame","floor":49,"key":"SMITH"}],"neow_cost":"NONE","seed_source_timestamp":1057697883001263,"circlet_count":0,"master_deck":["Strike_R","Strike_R","Strike_R","Strike_R","Defend_R","Defend_R+1","Defend_R","Defend_R","Bash","Perfected Strike+1","Iron Wave","Rampage","Cleave","Flex","Spot Weakness","Shrug It Off","Flex+1","Armaments+1","Thunderclap","Intimidate","Feel No Pain","Limit Break","Anger+1","Necronomicurse","Searing Blow+1","Anger","Perfected Strike+1","RitualDagger","Cleave+1","Ghostly Armor","Infernal Blade+1","Cleave+1","Headbutt+1","Fiend Fire+1","Iron Wave+1","Pommel Strike+1","Armaments+1","Limit Break","Inflame","Burning Pact","Anger+1","Inflame+1","Cleave+1","Metallicize+1","Pommel Strike+1"],"relics":["Burning Blood","Pear","Sundial","Mark of Pain","Necronomicon","HandDrill","Molten Egg 2","Bottled Tornado","Eternal Feather","Magic Flower","Vajra","Shovel","War Paint"],"potions_floor_usage":[16,16,16,25,33,39,44,46,50],"damage_taken":[{"damage":2,"enemies":"2 Louse","floor":1,"turns":2},{"damage":15,"enemies":"Jaw Worm","floor":2,"turns":4},{"damage":0,"enemies":"Small Slimes","floor":3,"turns":3},{"damage":7,"enemies":"Looter","floor":5,"turns":4},{"damage":4,"enemies":"Blue Slaver","floor":7,"turns":3},{"damage":0,"enemies":"2 Fungi Beasts","floor":8,"turns":2},{"damage":14,"enemies":"Large Slime","floor":10,"turns":5},{"damage":0,"enemies":"Exordium Wildlife","floor":11,"turns":3},{"damage":26,"enemies":"Lagavulin","floor":12,"turns":5},{"damage":5,"enemies":"Red Slaver","floor":13,"turns":2},{"damage":3,"enemies":"Lots of Slimes","floor":14,"turns":2},{"damage":72,"enemies":"Hexaghost","floor":16,"turns":12},{"damage":41,"enemies":"Spheric Guardian","floor":18,"turns":6},{"damage":12,"enemies":"Shell Parasite","floor":22,"turns":4},{"damage":5,"enemies":"Chosen and Byrds","floor":25,"turns":4},{"damage":9,"enemies":"Gremlin Leader","floor":28,"turns":6},{"damage":6,"enemies":"Snake Plant","floor":30,"turns":2},{"damage":15,"enemies":"Snecko","floor":31,"turns":4},{"damage":65,"enemies":"Automaton","floor":33,"turns":8},{"damage":17,"enemies":"Orb Walker","floor":35,"turns":4},{"damage":4,"enemies":"Mind Bloom Boss Battle","floor":36,"turns":9},{"damage":29,"enemies":"3 Shapes","floor":37,"turns":4},{"damage":46,"enemies":"2 Orb Walkers","floor":39,"turns":4},{"damage":21,"enemies":"Jaw Worm Horde","floor":41,"turns":3},{"damage":36,"enemies":"Spire Growth","floor":42,"turns":4},{"damage":20,"enemies":"3 Darklings","floor":44,"turns":6},{"damage":27,"enemies":"Transient","floor":45,"turns":5},{"damage":0,"enemies":"Sphere and 2 Shapes","floor":46,"turns":1},{"damage":35,"enemies":"Maw","floor":48,"turns":7},{"damage":89,"enemies":"Donu and Deca","floor":50,"turns":6}],"seed_played":"-6628893831542465298","potions_obtained":[{"floor":3,"key":"Dexterity Potion"},{"floor":7,"key":"EssenceOfSteel"},{"floor":11,"key":"EssenceOfSteel"},{"floor":12,"key":"Weak Potion"},{"floor":14,"key":"Regen Potion"},{"floor":16,"key":"SkillPotion"},{"floor":25,"key":"Strength Potion"},{"floor":28,"key":"BloodPotion"},{"floor":33,"key":"Strength Potion"},{"floor":39,"key":"Weak Potion"},{"floor":44,"key":"SmokeBomb"},{"floor":45,"key":"SmokeBomb"}],"is_trial":false,"path_per_floor":["M","M","M","?","M","R","M","M","T","M","M","E","M","M","R","B",null,"M","?","?","$","M","?","R","M","T","$","E","R","M","M","R","B",null,"M","?","M","$","?","R","M","M","T","M","M","M","R","M","R","B"],"character_chosen":"IRONCLAD","items_purchased":["HandDrill","Searing Blow","Anger","Ghostly Armor","Limit Break","Inflame","Vajra"],"campfire_rested":4,"item_purchase_floors":[21,21,21,27,38,38,38],"current_hp_per_floor":[80,71,77,77,76,76,78,80,90,82,88,68,69,72,72,11,90,55,39,39,39,33,27,54,55,55,55,52,52,52,43,70,11,90,79,81,61,61,24,75,63,36,36,39,21,30,81,55,82,0],"gold":185,"neow_bonus":"THREE_CARDS","is_prod":false,"is_daily":false,"chose_seed":false,"campfire_upgraded":4,"win_rate":0,"timestamp":1549428568,"path_taken":["M","M","M","?","M","R","M","M","T","M","M","E","M","M","R","BOSS","M","?","?","$","M","?","R","M","T","$","E","R","M","M","R","BOSS","M","?","M","$","?","R","M","M","T","M","M","M","R","M","R","BOSS"],"build_version":"2019-01-23","purchased_purges":0,"victory":false,"max_hp_per_floor":[80,80,80,80,80,80,80,80,90,90,90,90,90,90,90,90,90,90,90,90,90,90,90,90,90,90,90,90,90,90,90,90,90,90,90,90,90,90,90,90,90,90,90,90,90,90,90,90,90,90],"card_choices":[{"not_picked":["Clash","Clothesline"],"picked":"Perfected Strike","floor":0},{"not_picked":["Warcry","True Grit"],"picked":"Iron Wave","floor":1},{"not_picked":["Clothesline","Wild Strike"],"picked":"Rampage","floor":2},{"not_picked":["Sword Boomerang","Pommel Strike"],"picked":"Cleave","floor":3},{"not_picked":["Iron Wave","Heavy Blade"],"picked":"Flex","floor":5},{"not_picked":["Pommel Strike","Cleave"],"picked":"Spot Weakness","floor":7},{"not_picked":["True Grit","Dark Embrace"],"picked":"Shrug It Off","floor":8},{"not_picked":["Uppercut","Body Slam"],"picked":"Flex","floor":10},{"not_picked":["Perfected Strike","Cleave"],"picked":"Armaments","floor":11},{"not_picked":["Offering","Shockwave"],"picked":"Thunderclap","floor":12},{"not_picked":["Thunderclap","Shrug It Off"],"picked":"Intimidate","floor":13},{"not_picked":["Warcry","Sever Soul"],"picked":"Feel No Pain","floor":14},{"not_picked":["Dark Embrace","Offering"],"picked":"Limit Break","floor":16},{"not_picked":["Shrug It Off+1","Heavy Blade+1"],"picked":"Anger+1","floor":18},{"not_picked":["Searing Blow","Feel No Pain"],"picked":"Perfected Strike+1","floor":22},{"not_picked":["Carnage","Headbutt"],"picked":"Cleave+1","floor":25},{"not_picked":["Power Through","Barricade"],"picked":"Infernal Blade+1","floor":28},{"not_picked":["Clothesline+1","Dual Wield"],"picked":"Cleave+1","floor":30},{"not_picked":["Uppercut+1","Corruption"],"picked":"Headbutt+1","floor":31},{"not_picked":["Brutality","Bludgeon+1"],"picked":"Fiend Fire+1","floor":33},{"not_picked":["Cleave+1","Warcry"],"picked":"Iron Wave+1","floor":35},{"not_picked":["Perfected Strike+1","Searing Blow+1"],"picked":"Pommel Strike+1","floor":36},{"not_picked":["Shrug It Off+1","Second Wind"],"picked":"Armaments+1","floor":37},{"not_picked":["Wild Strike+1","Rupture"],"picked":"Burning Pact","floor":39},{"not_picked":["Brutality","Combust"],"picked":"Anger+1","floor":41},{"not_picked":["Armaments+1","True Grit"],"picked":"Inflame","floor":42},{"not_picked":["Shrug It Off","Shockwave"],"picked":"Cleave+1","floor":44},{"not_picked":["Headbutt+1","Combust+1"],"picked":"Metallicize+1","floor":45},{"not_picked":["Sword Boomerang+1","Pummel+1"],"picked":"Pommel Strike+1","floor":48}],"player_experience":35071,"relics_obtained":[{"floor":9,"key":"Pear"},{"floor":12,"key":"Sundial"},{"floor":19,"key":"Necronomicon"},{"floor":26,"key":"Molten Egg 2"},{"floor":28,"key":"Bottled Tornado"},{"floor":36,"key":"Magic Flower"},{"floor":39,"key":"Shovel"},{"floor":43,"key":"War Paint"}],"event_choices":[{"damage_healed":0,"gold_gain":0,"player_choice":"Ignored","damage_taken":0,"max_hp_gain":0,"max_hp_loss":0,"event_name":"Liars Game","floor":4,"gold_loss":0},{"damage_healed":0,"gold_gain":0,"player_choice":"Obtained Book","damage_taken":16,"max_hp_gain":0,"max_hp_loss":0,"event_name":"Cursed Tome","floor":19,"gold_loss":0},{"cards_removed":["Strike_R"],"damage_healed":0,"gold_gain":0,"player_choice":"Gave Gold","damage_taken":0,"max_hp_gain":0,"max_hp_loss":0,"event_name":"Beggar","floor":20,"gold_loss":75},{"damage_healed":0,"gold_gain":0,"player_choice":"Joined the Cult","damage_taken":6,"max_hp_gain":0,"max_hp_loss":0,"event_name":"Nest","floor":23,"gold_loss":0,"cards_obtained":["RitualDagger"]},{"damage_healed":0,"gold_gain":0,"player_choice":"Fight","damage_taken":0,"max_hp_gain":0,"max_hp_loss":0,"event_name":"MindBloom","floor":36,"gold_loss":0},{"damage_healed":0,"gold_gain":0,"player_choice":"Fight","damage_taken":0,"max_hp_gain":0,"max_hp_loss":0,"event_name":"Mysterious Sphere","floor":39,"gold_loss":0}],"is_beta":false,"boss_relics":[{"not_picked":["Fusion Hammer","Runic Dome"],"picked":"Mark of Pain"},{"not_picked":["Cursed Key","Black Star"],"picked":"Eternal Feather"}],"items_purged_floors":[],"is_endless":false,"potions_floor_spawned":[3,7,11,12,14,16,25,28,33,39,44,45,46],"killed_by":"Donu and Deca","ascension_level":0}