{"gold_per_floor":[361,30,30,43,218,218,238,249,249,249,280,280,280,355,355,453,453,468,129,145,145,20,20,37,37,37,56,56,69,100,116,116,214,214,230,230,230,246,49,49],"floor_reached":40,"playtime":962,"items_purged":["Decay","Doubt","Strike_B"],"score":404,"play_id":"f205475b-f59e-46e9-894d-b04a5e361ccc","local_time":"20190310205905","is_ascension_mode":false,"campfire_choices":[{"data":"Darkness","floor":6.0,"key":"SMITH"},{"data":"Darkness","floor":10.0,"key":"SMITH"},{"data":"Zap","floor":12.0,"key":"SMITH"},{"data":"Dualcast","floor":13.0,"key":"SMITH"},{"floor":15.0,"key":"REST"},{"data":"Multi-Cast","floor":23.0,"key":"SMITH"},{"data":"Seek","floor":25.0,"key":"SMITH"},{"floor":32.0,"key":"REST"}],"neow_cost":"CURSE","seed_source_timestamp":8481920468710,"circlet_count":0,"master_deck":["Strike_B","Strike_B","Strike_B","Defend_B","Defend_B","Defend_B","Defend_B","Zap+1","Dualcast+1","Darkness+1","Conserve Battery","Darkness+1","Conserve Battery","Multi-Cast+1","Steam Power","Seek+1","Steam+1","Fission","Multi-Cast","All For One","Discovery"],"special_seed":0,"relics":["Cracked Core","Matryoshka","Sundial","Meat on the Bone","Mercury Hourglass","Nuclear Battery","Bottled Lightning","Nloth\u0027s Gift","Symbiotic Virus","Art of War","Frozen Egg 2","Busted Crown","Chemical X"],"potions_floor_usage":[40],"damage_taken":[{"damage":14.0,"enemies":"Small Slimes","floor":1.0,"turns":4.0},{"damage":2.0,"enemies":"2 Louse","floor":4.0,"turns":3.0},{"damage":0.0,"enemies":"Cultist","floor":7.0,"turns":3.0},{"damage":6.0,"enemies":"Exordium Wildlife","floor":8.0,"turns":4.0},{"damage":27.0,"enemies":"Gremlin Nob","floor":11.0,"turns":5.0},{"damage":26.0,"enemies":"The Guardian","floor":16.0,"turns":8.0},{"damage":22.0,"enemies":"Spheric Guardian","floor":18.0,"turns":4.0},{"damage":5.0,"enemies":"Chosen","floor":20.0,"turns":2.0},{"damage":0.0,"enemies":"Sentry and Sphere","floor":24.0,"turns":3.0},{"damage":9.0,"enemies":"Snake Plant","floor":27.0,"turns":2.0},{"damage":0.0,"enemies":"Colosseum Slavers","floor":28.0,"turns":1.0},{"damage":0.0,"enemies":"Shelled Parasite and Fungi","floor":29.0,"turns":1.0},{"damage":13.0,"enemies":"Gremlin Leader","floor":30.0,"turns":3.0},{"damage":0.0,"enemies":"3 Cultists","floor":31.0,"turns":3.0},{"damage":9.0,"enemies":"Champ","floor":33.0,"turns":4.0},{"damage":0.0,"enemies":"Orb Walker","floor":35.0,"turns":1.0},{"damage":35.0,"enemies":"3 Darklings","floor":38.0,"turns":6.0},{"damage":54,"enemies":"Reptomancer","floor":40,"turns":5}],"seed_played":"2854303801278709886","potions_obtained":[{"floor":1.0,"key":"SkillPotion"},{"floor":4.0,"key":"Fire Potion"},{"floor":16.0,"key":"LiquidBronze"},{"floor":18.0,"key":"Strength Potion"},{"floor":20.0,"key":"FocusPotion"},{"floor":29.0,"key":"EntropicBrew"},{"floor":35.0,"key":"EssenceOfSteel"}],"is_trial":false,"path_per_floor":["M","$","?","M","?","R","M","M","T","R","E","R","R","?","R","B",null,"M","$","M","?","$","R","M","R","T","M","?","M","E","M","R","B",null,"M","?","?","M","$","E"],"character_chosen":"DEFECT","items_purchased":["Matryoshka","Bottled Lightning","Chemical X"],"campfire_rested":2,"item_purchase_floors":[2,19,39],"current_hp_per_floor":[61,61,49,47,47,47,47,41,41,41,26,26,26,15,37,23,75,53,53,48,48,48,48,48,48,48,39,39,39,38,38,60,51,75,75,75,75,40,40,0],"gold":49,"neow_bonus":"TWO_FIFTY_GOLD","is_prod":false,"is_daily":false,"chose_seed":false,"campfire_upgraded":6,"win_rate":0,"timestamp":1552273145,"path_taken":["M","$","?","M","?","R","M","M","T","R","E","R","R","?","R","BOSS","M","$","M","?","$","R","?","R","T","M","?","M","E","M","R","BOSS","M","?","?","M","$","E"],"build_version":"2019-01-23","purchased_purges":3,"victory":false,"max_hp_per_floor":[75,75,75,75,75,75,75,75,75,75,75,75,75,75,75,75,75,75,75,75,75,75,75,75,75,75,75,75,75,75,75,75,75,75,75,75,75,75,75,75],"card_choices":[{"not_picked":["Cold Snap","Compile Driver"],"picked":"Darkness","floor":1.0},{"not_picked":["Consume","FTL"],"picked":"Conserve Battery","floor":4.0},{"not_picked":["Double Energy","Cold Snap"],"picked":"Darkness","floor":7.0},{"not_picked":["Blizzard","Consume"],"picked":"Conserve Battery","floor":8.0},{"not_picked":["Sweeping Beam","Steam","Genetic Algorithm"],"picked":"SKIP","floor":11.0},{"not_picked":["All For One","Thunder Strike"],"picked":"Multi-Cast","floor":16.0},{"not_picked":["Sunder","Barrage"],"picked":"Steam Power","floor":18.0},{"not_picked":["Cold Snap","Barrage","Streamline"],"picked":"SKIP","floor":20.0},{"not_picked":["Tempest","Barrage"],"picked":"Seek","floor":24.0},{"not_picked":["Stack","Sweeping Beam+1"],"picked":"Steam+1","floor":27.0},{"not_picked":["Compile Driver","Streamline","Conserve Battery"],"picked":"SKIP","floor":29.0},{"not_picked":["Reboot","Coolheaded"],"picked":"Fission","floor":30.0},{"not_picked":["Barrage+1","Coolheaded"],"picked":"Multi-Cast","floor":31.0},{"not_picked":["Thunder Strike","Creative AI+1"],"picked":"All For One","floor":33.0},{"not_picked":["Genetic Algorithm"],"picked":"SKIP","floor":35.0},{"not_picked":[],"picked":"Discovery","floor":36.0},{"not_picked":["Turbo"],"picked":"SKIP","floor":38.0}],"player_experience":1019625,"relics_obtained":[{"floor":9.0,"key":"Meat on the Bone"},{"floor":9.0,"key":"WingedGreaves"},{"floor":11.0,"key":"Mercury Hourglass"},{"floor":26.0,"key":"Symbiotic Virus"},{"floor":26.0,"key":"Art of War"},{"floor":30.0,"key":"Frozen Egg 2"}],"event_choices":[{"damage_healed":0.0,"max_hp_gain":0.0,"max_hp_loss":0.0,"gold_gain":0.0,"event_name":"Scrap Ooze","player_choice":"Success","floor":3.0,"gold_loss":0.0,"damage_taken":12.0,"relics_obtained":["Sundial"]},{"damage_healed":0.0,"max_hp_gain":0.0,"max_hp_loss":0.0,"gold_gain":175.0,"event_name":"Liars Game","player_choice":"AGREE","floor":5.0,"gold_loss":0.0,"damage_taken":0.0,"cards_obtained":["Doubt"]},{"damage_healed":0.0,"max_hp_gain":0.0,"max_hp_loss":0.0,"gold_gain":75.0,"event_name":"World of Goop","player_choice":"Gather Gold","floor":14.0,"gold_loss":0.0,"damage_taken":11.0},{"damage_healed":0.0,"max_hp_gain":0.0,"max_hp_loss":0.0,"gold_gain":0.0,"event_name":"N\u0027loth","player_choice":"Traded Relic","floor":21.0,"relics_lost":["WingedGreaves"],"gold_loss":0.0,"damage_taken":0.0,"relics_obtained":["Nloth\u0027s Gift"]},{"damage_healed":0.0,"max_hp_gain":0.0,"max_hp_loss":0.0,"gold_gain":0.0,"event_name":"Colosseum","player_choice":"Fight","floor":28.0,"gold_loss":0.0,"damage_taken":0.0},{"damage_healed":0.0,"max_hp_gain":0.0,"max_hp_loss":0.0,"gold_gain":0.0,"event_name":"Colosseum","player_choice":"Fled From Nobs","floor":28.0,"gold_loss":0.0,"damage_taken":0.0},{"damage_healed":0.0,"max_hp_gain":0.0,"max_hp_loss":0.0,"gold_gain":0.0,"event_name":"SensoryStone","player_choice":"Memory 1","floor":36.0,"gold_loss":0.0,"damage_taken":0.0},{"damage_healed":0.0,"max_hp_gain":0.0,"max_hp_loss":0.0,"gold_gain":0.0,"event_name":"Tomb of Lord Red Mask","player_choice":"Ignored","floor":37.0,"gold_loss":0.0,"damage_taken":0.0}],"is_beta":false,"boss_relics":[{"not_picked":["Inserter","Black Star"],"picked":"Nuclear Battery"},{"not_picked":["White Beast Statue","Astrolabe"],"picked":"Busted Crown"}],"items_purged_floors":[2,19,22],"is_endless":false,"potions_floor_spawned":[1,4,16,18,20,29,35],"killed_by":"Reptomancer","ascension_level":0}