{"gold_per_floor":[112,112,112,31,44,69,69,98,98,98],"floor_reached":10,"playtime":315,"items_purged":[],"score":183,"play_id":"33000461-f8d4-47d2-a7db-7daad9b13980","local_time":"20190311122212","is_ascension_mode":true,"campfire_choices":[{"data":"Darkness","floor":7,"key":"SMITH"}],"neow_cost":"NONE","seed_source_timestamp":1546865292845705,"circlet_count":0,"master_deck":["AscendersBane","Strike_B","Strike_B","Strike_B","Defend_B","Defend_B","Defend_B","Defend_B","Zap","Dualcast","Gash","Darkness+1","Leap","BootSequence"],"relics":["Cracked Core","NeowsBlessing","Pantograph","Girya","Toxic Egg 2"],"potions_floor_usage":[],"damage_taken":[{"damage":0,"enemies":"Small Slimes","floor":1,"turns":1},{"damage":0,"enemies":"2 Louse","floor":5,"turns":1},{"damage":0,"enemies":"Gremlin Nob","floor":6,"turns":1},{"damage":47,"enemies":"3 Sentries","floor":8,"turns":10},{"damage":31,"enemies":"Lagavulin","floor":10,"turns":8}],"seed_played":"-4034701145635612624","potions_obtained":[],"is_trial":false,"path_per_floor":["M","?","?","$","M","E","R","E","T","E"],"character_chosen":"DEFECT","items_purchased":["Darkness"],"campfire_rested":0,"item_purchase_floors":[4],"current_hp_per_floor":[64,64,69,69,69,69,69,22,22,0],"gold":98,"neow_bonus":"THREE_ENEMY_KILL","is_prod":false,"is_daily":false,"chose_seed":false,"campfire_upgraded":1,"win_rate":0,"timestamp":1552303332,"path_taken":["M","?","?","$","M","E","R","E","T","E"],"build_version":"2019-02-06","purchased_purges":0,"victory":false,"max_hp_per_floor":[71,71,76,76,76,76,76,76,76,76],"card_choices":[{"not_picked":["Static Discharge","Stack"],"picked":"Gash","floor":1},{"not_picked":["Static Discharge","Melter"],"picked":"Leap","floor":5},{"not_picked":["Storm","Machine Learning"],"picked":"BootSequence","floor":6},{"not_picked":["Steam Power","Chaos","Consume"],"picked":"SKIP","floor":8}],"player_experience":947428,"relics_obtained":[{"floor":6,"key":"Pantograph"},{"floor":8,"key":"Girya"},{"floor":9,"key":"Toxic Egg 2"}],"event_choices":[{"cards_removed":["Strike_B"],"damage_healed":0,"gold_gain":0,"player_choice":"Forget","damage_taken":0,"max_hp_gain":0,"max_hp_loss":0,"event_name":"Living Wall","floor":2,"gold_loss":0},{"damage_healed":0,"gold_gain":0,"player_choice":"Donut","damage_taken":0,"max_hp_gain":5,"max_hp_loss":0,"event_name":"Big Fish","floor":3,"gold_loss":0}],"is_beta":true,"boss_relics":[],"items_purged_floors":[],"is_endless":false,"potions_floor_spawned":[],"killed_by":"Lagavulin","ascension_level":17}