{"gold_per_floor":[117,131,151,168,168,168,180,180,180,207,225,225,243,273,273,370,370,383,383,397,65,83,83,103,103,130,148,164,182,182,217,217,315,315,327,327,347,63,79,79,94,94,94,94,106,124,224,224,224,224],"floor_reached":51,"playtime":3490,"items_purged":[],"score":700,"play_id":"6056fc84-92c1-4bb0-a018-6fccbef2b674","local_time":"20190207145649","is_ascension_mode":false,"campfire_choices":[{"floor":6.0,"key":"REST"},{"data":"Noxious Fumes","floor":8.0,"key":"SMITH"},{"data":"Envenom","floor":12.0,"key":"SMITH"},{"data":"Bane","floor":15.0,"key":"SMITH"},{"floor":23.0,"key":"REST"},{"data":"Noxious Fumes","floor":25.0,"key":"SMITH"},{"floor":32.0,"key":"REST"},{"data":"Backflip","floor":40,"key":"SMITH"},{"data":"Bane","floor":42,"key":"SMITH"},{"data":"Bane","floor":44,"key":"SMITH"},{"data":"Glass Knife","floor":49,"key":"SMITH"}],"neow_cost":"PERCENT_DAMAGE","seed_source_timestamp":0,"circlet_count":0,"master_deck":["Defend_G+1","Defend_G+1","Defend_G+1","Defend_G+1","Defend_G+1","Survivor","Dagger Throw","Venomology","Noxious Fumes+1","Bane+1","Escape Plan","Dagger Throw","Backflip+1","Backflip+1","Envenom+1","Catalyst+1","Corpse Explosion+1","Riddle With Holes+1","Noxious Fumes+1","Endless Agony+1","Adrenaline+1","Deflect+1","Backflip+1","Bane+1","Quick Slash+1","All Out Attack","Footwork+1","Well Laid Plans+1","Die Die Die","Footwork+1","Escape Plan+1","Swift Strike","Bane+1","Backstab+1","Parasite","Noxious Fumes+1","Backflip+1","Glass Knife+1"],"special_seed":0,"relics":["Ring of the Snake","Toxic Egg 2","Happy Flower","Empty Cage","ClockworkSouvenir","Centennial Puzzle","Incense Burner","Cursed Key","Lee\u0027s Waffle","Sundial","Ice Cream"],"potions_floor_usage":[50,50,50],"damage_taken":[{"damage":0.0,"enemies":"Cultist","floor":1.0,"turns":5.0},{"damage":0.0,"enemies":"Jaw Worm","floor":2.0,"turns":5.0},{"damage":0.0,"enemies":"Small Slimes","floor":3.0,"turns":4.0},{"damage":0.0,"enemies":"Looter","floor":4.0,"turns":4.0},{"damage":8.0,"enemies":"Blue Slaver","floor":7.0,"turns":3.0},{"damage":24.0,"enemies":"Gremlin Nob","floor":10.0,"turns":5.0},{"damage":0.0,"enemies":"Large Slime","floor":11.0,"turns":4.0},{"damage":8.0,"enemies":"Lots of Slimes","floor":13.0,"turns":3.0},{"damage":8.0,"enemies":"Hexaghost","floor":16.0,"turns":7.0},{"damage":5.0,"enemies":"Chosen","floor":18.0,"turns":3.0},{"damage":2.0,"enemies":"3 Byrds","floor":20.0,"turns":3.0},{"damage":24.0,"enemies":"Snake Plant","floor":22.0,"turns":3.0},{"damage":8.0,"enemies":"Shelled Parasite and Fungi","floor":24.0,"turns":5.0},{"damage":0.0,"enemies":"3 Cultists","floor":27.0,"turns":2.0},{"damage":1.0,"enemies":"Centurion and Healer","floor":28.0,"turns":4.0},{"damage":1.0,"enemies":"Snecko","floor":29.0,"turns":3.0},{"damage":5.0,"enemies":"Slavers","floor":31.0,"turns":3.0},{"damage":4.0,"enemies":"Collector","floor":33.0,"turns":6.0},{"damage":22.0,"enemies":"3 Darklings","floor":35.0,"turns":3.0},{"damage":6,"enemies":"Orb Walker","floor":37,"turns":3},{"damage":2,"enemies":"Sphere and 2 Shapes","floor":39,"turns":4},{"damage":0,"enemies":"Maw","floor":41,"turns":5},{"damage":8,"enemies":"Jaw Worm Horde","floor":45,"turns":4},{"damage":0,"enemies":"4 Shapes","floor":46,"turns":4},{"damage":0,"enemies":"Mind Bloom Boss Battle","floor":47,"turns":6},{"damage":30,"enemies":"Awakened One","floor":50,"turns":12}],"seed_played":"2974586285607224717","potions_obtained":[{"floor":1.0,"key":"SkillPotion"},{"floor":2.0,"key":"Regen Potion"},{"floor":3.0,"key":"Swift Potion"},{"floor":11.0,"key":"Strength Potion"},{"floor":22.0,"key":"Block Potion"},{"floor":31.0,"key":"SpeedPotion"},{"floor":33.0,"key":"Energy Potion"},{"floor":41,"key":"Dexterity Potion"}],"is_trial":false,"path_per_floor":["M","M","M","M","?","R","M","R","T","E","M","R","M","?","R","B",null,"M","?","M","$","M","R","M","R","T","M","M","M","?","E","R","B",null,"M","?","M","$","M","R","M","R","T","R","M","M","?","?","R","B",null],"character_chosen":"THE_SILENT","items_purchased":["Adrenaline+1","Deflect+1","ClockworkSouvenir","Lee\u0027s Waffle","Swift Strike"],"campfire_rested":3,"item_purchase_floors":[21,21,21,38,38],"current_hp_per_floor":[49,49,49,49,49,70,62,62,62,52,52,52,44,44,44,36,70,65,65,63,63,39,60,52,52,52,52,51,50,50,45,66,62,70,48,48,42,77,75,75,75,75,75,75,67,67,67,67,67,37],"gold":224,"neow_bonus":"TRANSFORM_TWO_CARDS","is_prod":false,"is_daily":false,"chose_seed":false,"campfire_upgraded":8,"win_rate":0.0,"timestamp":1549569409,"path_taken":["M","M","M","M","?","R","M","R","T","E","M","R","?","?","R","BOSS","M","?","M","$","M","R","M","R","T","M","M","M","?","E","R","BOSS","M","?","M","$","M","R","M","R","T","R","M","M","?","?","R","BOSS"],"build_version":"2019-01-23","purchased_purges":0,"victory":true,"max_hp_per_floor":[70,70,70,70,70,70,70,70,70,70,70,70,70,70,70,70,70,70,70,70,70,70,70,70,70,70,70,70,70,70,70,70,70,70,70,70,70,77,77,77,77,77,77,77,77,77,77,77,77,77],"card_choices":[{"not_picked":["Expertise","Distraction"],"picked":"Noxious Fumes","floor":1.0},{"not_picked":["Quick Slash","Sucker Punch"],"picked":"Bane","floor":2.0},{"not_picked":["Setup","Sucker Punch"],"picked":"Escape Plan","floor":3.0},{"not_picked":["Setup","Masterful Stab"],"picked":"Dagger Throw","floor":4.0},{"not_picked":["Prepared","Heel Hook"],"picked":"Backflip","floor":7.0},{"not_picked":["Quick Slash","Heel Hook"],"picked":"Backflip+1","floor":10.0},{"not_picked":["Leg Sweep+1","PiercingWail+1"],"picked":"Envenom","floor":11.0},{"not_picked":["Sucker Punch","Acrobatics+1"],"picked":"Catalyst+1","floor":13.0},{"not_picked":["Adrenaline+1","Die Die Die"],"picked":"Corpse Explosion+1","floor":16.0},{"not_picked":["Quick Slash","Masterful Stab"],"picked":"Riddle With Holes+1","floor":18.0},{"not_picked":["PiercingWail+1","Flying Knee"],"picked":"Endless Agony+1","floor":20.0},{"not_picked":["Flying Knee","Choke"],"picked":"Backflip+1","floor":22.0},{"not_picked":["Dagger Throw","Outmaneuver+1"],"picked":"Bane","floor":24.0},{"not_picked":["Finisher+1","Endless Agony"],"picked":"Quick Slash+1","floor":27.0},{"not_picked":["Terror+1","Underhanded Strike"],"picked":"All Out Attack","floor":28.0},{"not_picked":["Dagger Throw+1","Flying Knee"],"picked":"Footwork+1","floor":29.0},{"not_picked":["Bane","Outmaneuver+1"],"picked":"Well Laid Plans+1","floor":31.0},{"not_picked":["Tools of the Trade","Storm of Steel+1"],"picked":"Die Die Die","floor":33.0},{"not_picked":["Distraction+1","Flying Knee"],"picked":"Footwork+1","floor":35.0},{"not_picked":["Poisoned Stab","Skewer"],"picked":"Escape Plan+1","floor":37},{"not_picked":["Finisher","Dagger Throw"],"picked":"Bane","floor":39},{"not_picked":["Deadly Poison+1","Cloak And Dagger+1"],"picked":"Backstab+1","floor":41},{"not_picked":["Dagger Throw","Acrobatics+1"],"picked":"Noxious Fumes+1","floor":45},{"not_picked":["Deflect+1","PiercingWail+1"],"picked":"Backflip+1","floor":46},{"not_picked":["Heel Hook+1","Crippling Poison+1"],"picked":"Glass Knife","floor":47}],"player_experience":62773,"relics_obtained":[{"floor":9.0,"key":"Toxic Egg 2"},{"floor":10.0,"key":"Happy Flower"},{"floor":26.0,"key":"Centennial Puzzle"},{"floor":31.0,"key":"Incense Burner"},{"floor":43,"key":"Sundial"},{"floor":47,"key":"Ice Cream"}],"event_choices":[{"cards_removed":["Strike_G"],"damage_healed":0.0,"max_hp_gain":0.0,"max_hp_loss":0.0,"gold_gain":0.0,"event_name":"Purifier","player_choice":"Purged","floor":5.0,"gold_loss":0.0,"damage_taken":0.0},{"damage_healed":0.0,"max_hp_gain":0.0,"max_hp_loss":0.0,"gold_gain":30.0,"event_name":"Dead Adventurer","player_choice":"Searched \u00271\u0027 times","floor":14.0,"gold_loss":0.0,"damage_taken":0.0},{"damage_healed":0.0,"max_hp_gain":0.0,"max_hp_loss":0.0,"gold_gain":0.0,"event_name":"The Library","player_choice":"Read","floor":19.0,"gold_loss":0.0,"damage_taken":0.0,"cards_obtained":["Noxious Fumes"]},{"damage_healed":0.0,"max_hp_gain":0.0,"max_hp_loss":0.0,"gold_gain":0.0,"event_name":"Back to Basics","player_choice":"Simplicity","floor":30.0,"gold_loss":0.0,"damage_taken":0.0,"cards_upgraded":["Defend_G","Defend_G","Defend_G","Defend_G","Defend_G"]},{"cards_removed":["Neutralize"],"damage_healed":0.0,"max_hp_gain":0.0,"max_hp_loss":0.0,"gold_gain":0.0,"event_name":"Falling","player_choice":"Removed Attack","floor":36.0,"gold_loss":0.0,"damage_taken":0.0},{"damage_healed":0,"gold_gain":0,"player_choice":"Fight","damage_taken":0,"max_hp_gain":0,"max_hp_loss":0,"event_name":"MindBloom","floor":47,"gold_loss":0},{"damage_healed":0,"gold_gain":0,"player_choice":"Ignored","damage_taken":0,"max_hp_gain":0,"max_hp_loss":0,"event_name":"SecretPortal","floor":48,"gold_loss":0}],"is_beta":false,"boss_relics":[{"not_picked":["Fusion Hammer","Tiny House"],"picked":"Empty Cage"},{"not_picked":["Snecko Eye","Philosopher\u0027s Stone"],"picked":"Cursed Key"}],"items_purged_floors":[],"is_endless":false,"potions_floor_spawned":[1,2,3,11,20,22,27,28,31,33,35,37,41,47],"ascension_level":0}