{"gold_per_floor":[117,117,117,128,44,44,73,148,148,148,29,48,48,60,60,135,135,155,174,174,89,89,89,105,105,105,125,154,154,172,172,172,172],"floor_reached":33,"playtime":1190,"items_purged":["Strike_G"],"score":543,"play_id":"2c41446b-6606-47a1-a61c-dea40ac9c5fe","local_time":"20190219185143","is_ascension_mode":true,"campfire_choices":[{"data":"Bane","floor":6,"key":"SMITH"},{"floor":10,"key":"REST"},{"data":"Venomology","floor":13,"key":"SMITH"},{"data":"Deadly Poison","floor":15,"key":"SMITH"},{"data":"Footwork","floor":23,"key":"SMITH"},{"data":"Deadly Poison","floor":25,"key":"SMITH"},{"floor":32,"key":"REST"}],"neow_cost":"NONE","seed_source_timestamp":36029904643454,"circlet_count":0,"master_deck":["AscendersBane","Defend_G","Defend_G","Defend_G","Defend_G+1","Defend_G+1","Strike_G","Survivor","Neutralize+1","Deadly Poison+1","Dagger Spray","Deadly Poison+1","Bane+1","Venomology+1","Footwork+1","Deadly Poison+1","Dodge and Roll","Corpse Explosion","Dodge and Roll","Backflip","Deadly Poison","Decay","Bouncing Flask","Bouncing Flask","Corpse Explosion","Grand Finale+1","Catalyst"],"relics":["Ring of the Snake","Nunchaku","Molten Egg 2","Cursed Key","Regal Pillow","Matryoshka","PreservedInsect","Singing Bowl","Mercury Hourglass"],"potions_floor_usage":[14,16,16,18,27,28,28,30,33],"damage_taken":[{"damage":4,"enemies":"2 Louse","floor":1,"turns":4},{"damage":0,"enemies":"Cultist","floor":4,"turns":3},{"damage":16,"enemies":"Gremlin Nob","floor":7,"turns":6},{"damage":0,"enemies":"Jaw Worm","floor":12,"turns":4},{"damage":3,"enemies":"Looter","floor":14,"turns":2},{"damage":9,"enemies":"Hexaghost","floor":16,"turns":9},{"damage":7,"enemies":"Spheric Guardian","floor":18,"turns":4},{"damage":11,"enemies":"2 Thieves","floor":19,"turns":4},{"damage":2,"enemies":"Snecko","floor":24,"turns":5},{"damage":22,"enemies":"Sentry and Sphere","floor":27,"turns":8},{"damage":0,"enemies":"Gremlin Leader","floor":28,"turns":4},{"damage":16,"enemies":"3 Cultists","floor":30,"turns":3},{"damage":67,"enemies":"Champ","floor":33,"turns":8}],"seed_played":"-6498193174943303030","potions_obtained":[{"floor":4,"key":"EssenceOfSteel"},{"floor":12,"key":"Regen Potion"},{"floor":16,"key":"AttackPotion"},{"floor":28,"key":"EssenceOfSteel"},{"floor":30,"key":"Ancient Potion"}],"is_trial":false,"path_per_floor":["M","?","?","M","$","R","E","?","T","R","$","M","R","M","R","B",null,"M","M","?","?","?","R","M","R","T","M","E","?","M","?","R","B"],"character_chosen":"THE_SILENT","items_purchased":["Deadly Poison","Bane","Footwork"],"campfire_rested":2,"item_purchase_floors":[5,5,11],"current_hp_per_floor":[55,35,35,35,35,35,19,8,8,27,27,27,27,33,33,24,56,49,38,38,38,38,38,36,36,36,29,29,29,15,15,50,0],"gold":172,"neow_bonus":"UPGRADE_CARD","is_prod":false,"is_daily":false,"chose_seed":false,"campfire_upgraded":5,"win_rate":0,"timestamp":1550598703,"path_taken":["M","?","?","?","$","R","E","?","T","R","?","M","R","M","R","BOSS","M","M","?","?","?","R","M","R","T","?","E","?","?","?","R","BOSS"],"build_version":"2019-02-06","purchased_purges":1,"victory":false,"max_hp_per_floor":[66,66,66,66,66,66,66,66,66,66,66,66,66,66,66,66,66,66,66,66,66,66,66,66,66,66,66,66,66,68,68,68,68],"card_choices":[{"not_picked":["Slice","Prepared"],"picked":"Deadly Poison","floor":1},{"not_picked":["Poisoned Stab","Dagger Throw"],"picked":"Dagger Spray","floor":4},{"not_picked":["Terror","Tactician"],"picked":"Venomology","floor":7},{"not_picked":["Acrobatics","Concentrate"],"picked":"Deadly Poison","floor":12},{"not_picked":["Quick Slash+1","Choke+1"],"picked":"Dodge and Roll","floor":14},{"not_picked":["Wraith Form v2","Phantasmal Killer"],"picked":"Corpse Explosion","floor":16},{"not_picked":["Underhanded Strike+1","Poisoned Stab+1"],"picked":"Dodge and Roll","floor":18},{"not_picked":["Underhanded Strike+1","Backstab+1"],"picked":"Backflip","floor":19},{"not_picked":["Quick Slash+1","Dash+1"],"picked":"Deadly Poison","floor":24},{"not_picked":["Expertise","Backflip"],"picked":"Bouncing Flask","floor":27},{"not_picked":["Dagger Throw+1","Blade Dance"],"picked":"Bouncing Flask","floor":28},{"not_picked":["PiercingWail","Flying Knee+1","Outmaneuver+1"],"picked":"Singing Bowl","floor":30}],"player_experience":802259,"relics_obtained":[{"floor":7,"key":"Nunchaku"},{"floor":9,"key":"Molten Egg 2"},{"floor":26,"key":"PreservedInsect"},{"floor":26,"key":"Singing Bowl"},{"floor":28,"key":"Mercury Hourglass"}],"event_choices":[{"damage_healed":0,"gold_gain":0,"player_choice":"Entered Light","damage_taken":20,"max_hp_gain":0,"max_hp_loss":0,"event_name":"Shining Light","floor":2,"gold_loss":0,"cards_upgraded":["Defend_G","Defend_G"]},{"damage_healed":0,"gold_gain":0,"player_choice":"Upgraded","damage_taken":0,"max_hp_gain":0,"max_hp_loss":0,"event_name":"Upgrade Shrine","floor":3,"gold_loss":0,"cards_upgraded":["Deadly Poison"]},{"damage_healed":0,"gold_gain":75,"player_choice":"Gather Gold","damage_taken":11,"max_hp_gain":0,"max_hp_loss":0,"event_name":"World of Goop","floor":8,"gold_loss":0},{"damage_healed":0,"gold_gain":0,"player_choice":"Ignored","damage_taken":0,"max_hp_gain":0,"max_hp_loss":0,"event_name":"Ghosts","floor":20,"gold_loss":0},{"damage_healed":0,"gold_gain":0,"player_choice":"Obtained Relic","damage_taken":0,"relics_obtained":["Regal Pillow"],"max_hp_gain":0,"max_hp_loss":0,"event_name":"Addict","floor":21,"gold_loss":85},{"damage_healed":0,"gold_gain":0,"player_choice":"Gave Potion","damage_taken":0,"relics_obtained":["Matryoshka"],"max_hp_gain":0,"max_hp_loss":0,"event_name":"WeMeetAgain","floor":22,"gold_loss":0},{"damage_healed":0,"gold_gain":0,"cards_transformed":["Strike_G"],"player_choice":"Transformed","damage_taken":0,"max_hp_gain":0,"max_hp_loss":0,"event_name":"Transmorgrifier","floor":29,"gold_loss":0,"cards_obtained":["Corpse Explosion"]},{"damage_healed":0,"gold_gain":0,"cards_transformed":["Strike_G","Strike_G"],"player_choice":"Became Test Subject","damage_taken":0,"max_hp_gain":0,"max_hp_loss":0,"event_name":"Drug Dealer","floor":31,"gold_loss":0,"cards_obtained":["Grand Finale","Catalyst"]}],"is_beta":true,"boss_relics":[{"not_picked":["WristBlade","HoveringKite"],"picked":"Cursed Key"}],"items_purged_floors":[11],"is_endless":false,"potions_floor_spawned":[4,12,16,24,28,30],"killed_by":"Champ","ascension_level":16}