{"gold_per_floor":[111,111,111,129,141,174,174,174,201,201,46,46,62,77,77,150,150,161,76,152,171,183,183,197,197,224,224],"floor_reached":27,"playtime":1257,"items_purged":["Strike_B"],"score":394,"play_id":"d74f0d18-2950-4eb2-9d5c-c6e285a97ac2","local_time":"20190311125631","is_ascension_mode":true,"campfire_choices":[{"data":"Zap","floor":8,"key":"SMITH"},{"data":"Recycle","floor":10,"key":"SMITH"},{"data":"Defragment","floor":12,"key":"SMITH"},{"data":"Dualcast","floor":15,"key":"SMITH"},{"floor":23,"key":"REST"},{"data":"Streamline","floor":25,"key":"SMITH"}],"neow_cost":"NONE","seed_source_timestamp":1547979550211989,"circlet_count":0,"master_deck":["AscendersBane","Strike_B","Strike_B","Defend_B","Defend_B","Defend_B","Defend_B","Zap+1","Dualcast+1","Recycle+1","Glacier","FTL","Ball Lightning","Defragment+1","Echo Form","Sweeping Beam","Coolheaded","Streamline+1"],"relics":["Cracked Core","Bag of Marbles","Strawberry","Vajra","Inserter","PreservedInsect","Tiny Chest","Art of War"],"potions_floor_usage":[14,27],"damage_taken":[{"damage":4,"enemies":"Small Slimes","floor":1,"turns":4},{"damage":8,"enemies":"Cultist","floor":4,"turns":6},{"damage":7,"enemies":"2 Louse","floor":5,"turns":3},{"damage":15,"enemies":"3 Sentries","floor":6,"turns":12},{"damage":0,"enemies":"Blue Slaver","floor":13,"turns":3},{"damage":4,"enemies":"Exordium Wildlife","floor":14,"turns":2},{"damage":30,"enemies":"Slime Boss","floor":16,"turns":10},{"damage":20,"enemies":"Shell Parasite","floor":18,"turns":7},{"damage":7,"enemies":"Chosen","floor":21,"turns":5},{"damage":10,"enemies":"Centurion and Healer","floor":22,"turns":7},{"damage":26,"enemies":"Shelled Parasite and Fungi","floor":24,"turns":6},{"damage":21,"enemies":"Book of Stabbing","floor":27,"turns":2}],"seed_played":"3892809269885098432","potions_obtained":[{"floor":1,"key":"Energy Potion"},{"floor":5,"key":"SteroidPotion"},{"floor":6,"key":"AttackPotion"},{"floor":21,"key":"Energy Potion"}],"is_trial":false,"path_per_floor":["M","?","?","M","M","E","?","R","T","R","$","R","M","M","R","B",null,"M","?","T","M","M","R","M","R","T","E"],"character_chosen":"DEFECT","items_purchased":["Defragment"],"campfire_rested":1,"item_purchase_floors":[11],"current_hp_per_floor":[60,53,71,63,56,41,43,43,43,43,43,43,43,39,39,9,61,41,41,41,34,24,47,21,21,21,0],"gold":224,"neow_bonus":"THREE_CARDS","is_prod":false,"is_daily":false,"chose_seed":false,"campfire_upgraded":5,"win_rate":0,"timestamp":1552305391,"path_taken":["M","?","?","M","?","E","?","R","T","R","$","R","M","M","R","BOSS","M","?","?","M","M","R","M","R","T","E"],"build_version":"2019-02-06","purchased_purges":1,"victory":false,"max_hp_per_floor":[71,71,71,71,71,71,78,78,78,78,78,78,78,78,78,78,78,78,78,78,78,78,78,78,78,78,78],"card_choices":[{"not_picked":["Compile Driver","Steam"],"picked":"Recycle","floor":0},{"not_picked":["Aggregate","Go for the Eyes"],"picked":"Glacier","floor":1},{"not_picked":["Heatsinks","Reprogram","Beam Cell"],"picked":"SKIP","floor":4},{"not_picked":["Ball Lightning","Compile Driver"],"picked":"FTL","floor":5},{"not_picked":["Buffer","Beam Cell"],"picked":"Ball Lightning","floor":6},{"not_picked":["Undo","Gash","Turbo"],"picked":"SKIP","floor":13},{"not_picked":["Hologram","Turbo","Compile Driver"],"picked":"SKIP","floor":14},{"not_picked":["Core Surge","Biased Cognition"],"picked":"Echo Form","floor":16},{"not_picked":["Beam Cell+1","Go for the Eyes"],"picked":"Sweeping Beam","floor":18},{"not_picked":["Rebound","Conserve Battery"],"picked":"Coolheaded","floor":21},{"not_picked":["Rebound","Redo"],"picked":"Streamline","floor":22},{"not_picked":["Gash","Melter","Steam"],"picked":"SKIP","floor":24}],"player_experience":948497,"relics_obtained":[{"floor":6,"key":"Bag of Marbles"},{"floor":9,"key":"Vajra"},{"floor":20,"key":"Tiny Chest"},{"floor":26,"key":"Art of War"}],"event_choices":[{"cards_removed":["Strike_B"],"damage_healed":0,"gold_gain":0,"player_choice":"Card Removal","damage_taken":7,"max_hp_gain":0,"max_hp_loss":0,"event_name":"Golden Wing","floor":2,"gold_loss":0},{"damage_healed":18,"gold_gain":0,"player_choice":"Full Heal","damage_taken":0,"max_hp_gain":0,"max_hp_loss":0,"event_name":"Wheel of Change","floor":3,"gold_loss":0},{"damage_healed":0,"gold_gain":0,"player_choice":"Success","damage_taken":5,"relics_obtained":["Strawberry"],"max_hp_gain":0,"max_hp_loss":0,"event_name":"Scrap Ooze","floor":7,"gold_loss":0},{"damage_healed":0,"gold_gain":0,"player_choice":"Obtained Relic","damage_taken":0,"relics_obtained":["PreservedInsect"],"max_hp_gain":0,"max_hp_loss":0,"event_name":"Addict","floor":19,"gold_loss":85}],"is_beta":true,"boss_relics":[{"not_picked":["Black Star","Runic Pyramid"],"picked":"Inserter"}],"items_purged_floors":[11],"is_endless":false,"potions_floor_spawned":[1,5,6,13,21,24],"killed_by":"Book of Stabbing","ascension_level":17}