{"gold_per_floor":[112,112,37,51,77,105,119,119,119,142,168,186,186,186,186,257,257,233,247,247],"floor_reached":20,"playtime":1210,"items_purged":[],"score":346,"play_id":"6f39c973-6704-4687-9161-21046c819f60","local_time":"20190227235921","is_ascension_mode":true,"campfire_choices":[{"floor":8,"key":"REST"},{"floor":13,"key":"REST"},{"data":"Neutralize","floor":15,"key":"SMITH"}],"neow_cost":"NONE","seed_source_timestamp":550959742346569,"circlet_count":0,"master_deck":["AscendersBane","Defend_G","Defend_G","Defend_G","Defend_G","Strike_G","Strike_G","Strike_G","Survivor","Neutralize+1","Heel Hook","Flying Knee","Deadly Poison","Bane","Backflip","Well Laid Plans","Burst","Backflip","Deadly Poison"],"relics":["Ring of the Snake","Anchor","Happy Flower","The Specimen","Regal Pillow","Odd Mushroom","Singing Bowl","Empty Cage"],"potions_floor_usage":[10,11,16,18,20],"damage_taken":[{"damage":3,"enemies":"Jaw Worm","floor":1,"turns":5},{"damage":0,"enemies":"2 Louse","floor":4,"turns":3},{"damage":41,"enemies":"Gremlin Nob","floor":6,"turns":5},{"damage":0,"enemies":"Cultist","floor":7,"turns":3},{"damage":5,"enemies":"The Mushroom Lair","floor":10,"turns":4},{"damage":19,"enemies":"3 Sentries","floor":11,"turns":10},{"damage":0,"enemies":"2 Fungi Beasts","floor":12,"turns":3},{"damage":34,"enemies":"Hexaghost","floor":16,"turns":12},{"damage":8,"enemies":"2 Thieves","floor":18,"turns":4},{"damage":11,"enemies":"Chosen","floor":19,"turns":9},{"damage":46,"enemies":"Masked Bandits","floor":20,"turns":5}],"seed_played":"-2909619028071147945","potions_obtained":[{"floor":1,"key":"Strength Potion"},{"floor":6,"key":"Weak Potion"},{"floor":11,"key":"Weak Potion"},{"floor":12,"key":"Swift Potion"},{"floor":16,"key":"SpeedPotion"}],"is_trial":false,"path_per_floor":["M","$","?","M","T","E","M","R","T","?","E","M","R","?","R","B",null,"M","M","?"],"character_chosen":"THE_SILENT","items_purchased":[],"campfire_rested":2,"item_purchase_floors":[],"current_hp_per_floor":[56,56,56,56,56,15,15,34,34,29,10,10,44,40,40,6,51,43,32,0],"gold":247,"neow_bonus":"RANDOM_COMMON_RELIC","is_prod":false,"is_daily":false,"chose_seed":false,"campfire_upgraded":1,"win_rate":0,"timestamp":1551308361,"path_taken":["M","$","?","M","?","E","?","R","T","?","E","M","R","?","R","BOSS","M","M","?"],"build_version":"2019-02-06","purchased_purges":0,"victory":false,"max_hp_per_floor":[66,66,66,66,66,66,66,66,66,66,66,66,66,66,66,66,66,66,66,66],"card_choices":[{"not_picked":["Flechettes","Dodge and Roll"],"picked":"Heel Hook","floor":1},{"not_picked":["Outmaneuver","Bane"],"picked":"Flying Knee","floor":4},{"not_picked":["Accuracy","Venomology"],"picked":"Deadly Poison","floor":6},{"not_picked":["PiercingWail","Masterful Stab","Tactician"],"picked":"SKIP","floor":7},{"not_picked":["Quick Slash","Concentrate"],"picked":"Bane","floor":10},{"not_picked":["Accuracy","Terror"],"picked":"Backflip","floor":11},{"not_picked":["Reflex","Underhanded Strike"],"picked":"Well Laid Plans","floor":12},{"not_picked":["A Thousand Cuts","After Image"],"picked":"Burst","floor":16},{"not_picked":["Terror","PiercingWail"],"picked":"Backflip","floor":18},{"not_picked":["Cloak And Dagger","Poisoned Stab"],"picked":"Deadly Poison","floor":19}],"player_experience":823144,"relics_obtained":[{"floor":5,"key":"Happy Flower"},{"floor":6,"key":"The Specimen"},{"floor":9,"key":"Regal Pillow"},{"floor":10,"key":"Odd Mushroom"},{"floor":11,"key":"Singing Bowl"}],"event_choices":[{"cards_removed":["Defend_G"],"damage_healed":0,"gold_gain":0,"player_choice":"Card Removal","damage_taken":0,"max_hp_gain":0,"max_hp_loss":0,"event_name":"The Cleric","floor":3,"gold_loss":75},{"damage_healed":0,"gold_gain":0,"player_choice":"Fought Mushrooms","damage_taken":0,"max_hp_gain":0,"max_hp_loss":0,"event_name":"Mushrooms","floor":10,"gold_loss":0},{"damage_healed":0,"gold_gain":0,"player_choice":"Bought 0 Potions","damage_taken":0,"max_hp_gain":0,"max_hp_loss":0,"event_name":"The Woman in Blue","floor":14,"gold_loss":0},{"damage_healed":0,"gold_gain":0,"player_choice":"Fought Bandits","damage_taken":0,"max_hp_gain":0,"max_hp_loss":0,"event_name":"Masked Bandits","floor":20,"gold_loss":0}],"is_beta":true,"boss_relics":[{"not_picked":["Tiny House","Black Star"],"picked":"Empty Cage"}],"items_purged_floors":[],"is_endless":false,"potions_floor_spawned":[1,6,11,12,16],"killed_by":"Masked Bandits","ascension_level":18}