{"path_per_floor":["M","?","?","?","M","R","$","E","T","E","$","?","?","$","R","B",null,"M","M","?","?","M","E","R","$","T","$","R","M","T","M","R","B",null,"M","?","?","?","$","E","R","M","T","$","R","?","T","M","R"],"character_chosen":"THE_SILENT","items_purchased":["Poison Potion","Sucker Punch","Poisoned Stab"],"gold_per_floor":[111,111,111,111,126,126,3,34,34,66,42,42,13,13,13,109,109,64,64,64,64,64,64,64,17,17,17,17,17,17,17,17,17,17,17,17,0,0,0,0,0,0,0,0,0,0,0,0,0,0],"floor_reached":50,"campfire_rested":7,"playtime":2912,"current_hp_per_floor":[70,56,49,42,44,65,65,53,53,35,35,40,40,40,62,47,75,75,73,59,59,56,28,52,52,52,52,52,54,54,44,68,7,80,80,80,80,80,80,23,47,46,46,46,70,60,60,51,75,0],"items_purged":["Strike_G"],"gold":0,"score":515,"play_id":"f110f868-329e-4841-9751-153fdd743619","local_time":"20180324041152","is_prod":false,"is_daily":false,"is_ascension_mode":false,"campfire_upgraded":0,"timestamp":1521879112,"path_taken":["M","?","?","?","?","R","$","E","T","E","$","?","?","?","R","BOSS","M","?","?","?","?","E","R","$","T","?","R","M","?","M","R","BOSS","M","?","?","?","?","E","R","M","T","$","R","?","?","M","R","BOSS"],"build_version":"2018-03-22v2","purchased_purges":1,"victory":false,"master_deck":["Defend_G+1","Defend_G+1","Defend_G","Defend_G","Defend_G","Strike_G+1","Strike_G+1","Strike_G+1","Survivor","Neutralize","Poisoned Stab","Bane","Poisoned Stab+1","Backflip+1","Sucker Punch","Adrenaline+1","Dagger Throw+1","Caltrops+1","Backstab","Poisoned Stab","Prepared+1","Backflip+1","Tactician+1","All Out Attack+1","Deadly Poison+1","Injury","Madness+1","Madness+1","Writhe","Deflect+1"],"max_hp_per_floor":[70,70,70,70,70,70,70,70,70,70,70,75,75,75,75,75,75,75,75,80,80,80,80,80,80,80,80,80,80,80,80,80,80,80,80,80,80,80,80,80,80,80,80,80,80,80,80,80,80,80],"relics":["Ring of the Snake","Blood Vial","Shovel","Toxic Egg 2","Pen Nib","Ectoplasm","War Paint","Snake Skull","Paper Crane","Juzu Bracelet","Cursed Key","Red Mask","Whetstone","Toolbox","Torii"],"card_choices":[{"not_picked":["Outmaneuver","Dagger Spray"],"picked":"Poisoned Stab","floor":1},{"not_picked":["Underhanded Strike","Flechettes"],"picked":"Bane","floor":5},{"not_picked":["Adrenaline","Terror"],"picked":"Poisoned Stab","floor":8},{"not_picked":["Reflex","Sucker Punch"],"picked":"Backflip","floor":10},{"not_picked":["Tools of the Trade","Night Terror"],"picked":"Adrenaline","floor":16},{"not_picked":["Underhanded Strike","Acrobatics"],"picked":"Dagger Throw","floor":18},{"not_picked":["Backstab","Deflect"],"picked":"Caltrops","floor":19},{"not_picked":["Sucker Punch","Dagger Throw"],"picked":"Prepared","floor":22},{"not_picked":["Calculated Gamble","Deflect"],"picked":"Backstab","floor":23},{"not_picked":["PiercingWail","Predator"],"picked":"Prepared","floor":29},{"not_picked":["Dagger Spray","Crippling Poison"],"picked":"Backflip","floor":31},{"not_picked":["Unload","Wraith Form"],"picked":"Tactician","floor":33},{"not_picked":["Deflect","Flechettes"],"picked":"All Out Attack","floor":35},{"not_picked":["Infinite Blades","Underhanded Strike"],"picked":"Deadly Poison","floor":42},{"not_picked":["Dodge and Roll","Well Laid Plans"],"picked":"Deflect","floor":48}],"player_experience":14348,"potions_floor_usage":[8,22,31,33,40,40,50],"damage_taken":[{"damage":0,"enemies":"2 Louse","floor":1,"turns":3},{"damage":0,"enemies":"Cultist","floor":5,"turns":3},{"damage":14,"enemies":"3 Sentries","floor":8,"turns":8},{"damage":20,"enemies":"Lagavulin","floor":10,"turns":7},{"damage":17,"enemies":"The Guardian","floor":16,"turns":12},{"damage":0,"enemies":"2 Thieves","floor":18,"turns":4},{"damage":2,"enemies":"3 Byrds","floor":19,"turns":6},{"damage":5,"enemies":"Cultist and Chosen","floor":22,"turns":5},{"damage":30,"enemies":"Slavers","floor":23,"turns":6},{"damage":0,"enemies":"3 Cultists","floor":29,"turns":4},{"damage":12,"enemies":"Centurion and Healer","floor":31,"turns":3},{"damage":63,"enemies":"Collector","floor":33,"turns":9},{"damage":0,"enemies":"Orb Walker","floor":35,"turns":3},{"damage":57,"enemies":"Giant Head","floor":40,"turns":9},{"damage":3,"enemies":"3 Shapes","floor":42,"turns":3},{"damage":11,"enemies":"3 Darklings","floor":48,"turns":4},{"damage":91,"enemies":"Time Eater","floor":50,"turns":11}],"event_choices":[{"event_name":"Shining Light","player_choice":"Entered Light","floor":2,"damage_taken":0},{"event_name":"Scrap Ooze","player_choice":"success","floor":3,"damage_taken":7},{"event_name":"Golden Wing","player_choice":"Card Removal","floor":4,"damage_taken":0},{"event_name":"Big Fish","player_choice":"Donut","floor":12,"damage_taken":0},{"event_name":"World of Goop","player_choice":"Left","floor":13,"damage_taken":0},{"event_name":"Forgotten Altar","player_choice":"Shed Blood","floor":20,"damage_taken":0},{"event_name":"The Lab","player_choice":"Got Potions","floor":21,"damage_taken":0},{"event_name":"Tomb of Lord Red Mask","player_choice":"Paid","floor":37,"damage_taken":0},{"event_name":"Mysterious Sphere","player_choice":"Ignore","floor":38,"damage_taken":0},{"event_name":"Winding Halls","player_choice":"Embrace Madness","floor":46,"damage_taken":0}],"boss_relics":[{"not_picked":["Question Card","Velvet Choker"],"picked":"Ectoplasm"},{"not_picked":["Snecko Eye","Runic Pyramid"],"picked":"Cursed Key"}],"potions_floor_spawned":[8,10,18,29,35,48],"seed_played":"-5547745917577549995","killed_by":"Time Eater","ascension_level":0,"is_trial":false}