{"gold_per_floor":[119,194,194,207,227,267,292,292,292,372,332,332,371,395,395,395],"floor_reached":16,"playtime":543,"items_purged":[],"score":263,"play_id":"5e4a5f23-7763-416c-a985-f9d2dd690e7a","local_time":"20190214085245","is_ascension_mode":true,"campfire_choices":[{"floor":8,"key":"REST"},{"data":"Perfected Strike","floor":12,"key":"SMITH"},{"data":"Perfected Strike","floor":15,"key":"SMITH"}],"neow_cost":"NONE","seed_source_timestamp":86987387909546,"circlet_count":0,"master_deck":["AscendersBane","Strike_R","Strike_R","Strike_R","Strike_R","Strike_R","Defend_R","Defend_R","Defend_R","Defend_R","Bash+1","Pommel Strike","Perfected Strike","Shrug It Off","Perfected Strike+1","Perfected Strike+1","Iron Wave","Ghostly Armor","Thunderclap"],"relics":["Burning Blood","Golden Idol","Bag of Marbles","Kunai","Incense Burner","Ornamental Fan"],"potions_floor_usage":[10,13,16],"damage_taken":[{"damage":4,"enemies":"Jaw Worm","floor":1,"turns":4},{"damage":2,"enemies":"2 Louse","floor":4,"turns":4},{"damage":1,"enemies":"Small Slimes","floor":5,"turns":3},{"damage":46,"enemies":"Lagavulin","floor":6,"turns":6},{"damage":19,"enemies":"3 Louse","floor":7,"turns":3},{"damage":32,"enemies":"3 Sentries","floor":10,"turns":8},{"damage":0,"enemies":"Gremlin Nob","floor":13,"turns":2},{"damage":0,"enemies":"Red Slaver","floor":14,"turns":1},{"damage":45,"enemies":"Hexaghost","floor":16,"turns":7}],"seed_played":"-4489265547748263421","potions_obtained":[{"floor":1,"key":"Regen Potion"},{"floor":5,"key":"SneckoOil"},{"floor":10,"key":"SpeedPotion"},{"floor":11,"key":"Regen Potion"},{"floor":11,"key":"SkillPotion"}],"is_trial":false,"path_per_floor":["M","?","?","M","M","E","M","R","T","?","?","R","E","M","R","B"],"character_chosen":"IRONCLAD","items_purchased":[],"campfire_rested":1,"item_purchase_floors":[],"current_hp_per_floor":[70,59,59,63,68,28,15,35,35,24,24,24,35,41,41,0],"gold":395,"neow_bonus":"UPGRADE_CARD","is_prod":false,"is_daily":false,"chose_seed":false,"campfire_upgraded":2,"win_rate":0,"timestamp":1550130765,"path_taken":["M","?","?","M","M","E","M","R","T","?","?","R","E","?","R","BOSS"],"build_version":"2019-02-06","purchased_purges":0,"victory":false,"max_hp_per_floor":[75,75,68,68,68,68,68,68,68,68,68,68,68,68,68,68],"card_choices":[{"not_picked":["Fire Breathing","Twin Strike"],"picked":"Pommel Strike","floor":1},{"not_picked":["True Grit","Sentinel"],"picked":"Perfected Strike","floor":4},{"not_picked":["True Grit","Iron Wave"],"picked":"Shrug It Off","floor":5},{"not_picked":["Dropkick","Cleave"],"picked":"Perfected Strike","floor":6},{"not_picked":["Armaments","Sword Boomerang"],"picked":"Perfected Strike","floor":7},{"not_picked":["Flame Barrier","Exhume"],"picked":"Iron Wave","floor":10},{"not_picked":["Clash","Sword Boomerang"],"picked":"Ghostly Armor","floor":13},{"not_picked":["Fiend Fire","Twin Strike"],"picked":"Thunderclap","floor":14}],"player_experience":758886,"relics_obtained":[{"floor":6,"key":"Bag of Marbles"},{"floor":9,"key":"Kunai"},{"floor":10,"key":"Incense Burner"},{"floor":13,"key":"Ornamental Fan"}],"event_choices":[{"damage_healed":0,"gold_gain":75,"player_choice":"Gather Gold","damage_taken":11,"max_hp_gain":0,"max_hp_loss":0,"event_name":"World of Goop","floor":2,"gold_loss":0},{"damage_healed":0,"gold_gain":0,"player_choice":"Lose Max HP","damage_taken":0,"relics_obtained":["Golden Idol"],"max_hp_gain":0,"max_hp_loss":7,"event_name":"Golden Idol","floor":3,"gold_loss":0},{"damage_healed":0,"gold_gain":0,"player_choice":"Searched \u00271\u0027 times","damage_taken":0,"max_hp_gain":0,"max_hp_loss":0,"event_name":"Dead Adventurer","floor":10,"gold_loss":0},{"damage_healed":0,"gold_gain":0,"player_choice":"Bought 3 Potions","damage_taken":0,"max_hp_gain":0,"max_hp_loss":0,"event_name":"The Woman in Blue","floor":11,"gold_loss":0}],"is_beta":true,"boss_relics":[],"items_purged_floors":[],"is_endless":false,"potions_floor_spawned":[1,5,10],"killed_by":"Hexaghost","ascension_level":19}