{"path_per_floor":["M","?","?","M","M","R","$","E","T","$","E","?","?","$","R","B",null,"M","M","?","$","M","R","E","R","T"],"character_chosen":"THE_SILENT","items_purchased":["Poisoned Stab","Infinite Blades","Crippling Poison","Prepared","Flying Knee"],"gold_per_floor":[109,109,109,130,144,144,45,83,109,36,77,77,77,7,7,133,133,146,166,81,11,26,26,64,64,89,89],"floor_reached":27,"campfire_rested":3,"playtime":1628,"current_hp_per_floor":[70,53,58,55,55,55,55,32,32,32,21,21,6,6,28,17,75,75,64,64,64,46,68,28,50,50,0],"items_purged":["Strike_G"],"gold":89,"score":237,"play_id":"bdbf79cf-8e34-4ef2-82be-466bc0214b5f","local_time":"20180324092119","is_prod":false,"is_daily":false,"is_ascension_mode":false,"campfire_upgraded":1,"timestamp":1521897679,"path_taken":["M","?","?","M","M","R","$","E","T","$","E","?","?","$","R","BOSS","M","M","?","$","?","R","E","R","T","E"],"build_version":"2018-03-22v2","purchased_purges":1,"victory":false,"master_deck":["Defend_G","Defend_G","Defend_G","Strike_G+1","Strike_G+1","Survivor","Neutralize","Envenom+1","Infinite Blades","Bane","Bouncing Flask","Poisoned Stab","Flying Knee","Infinite Blades","Corpse Explosion","Crippling Poison","Burst","Sucker Punch+1","Deadly Poison+1","Dagger Spray+1","Sucker Punch","Prepared","Prepared","Flying Knee","Blur+1","Prepared"],"max_hp_per_floor":[70,70,75,75,75,75,75,75,75,75,75,75,75,75,75,75,75,75,75,75,75,75,75,75,75,75,75],"relics":["Ring of the Snake","Golden Idol","Du-Vu Doll","Pen Nib","Bottled Lightning","Astrolabe","Anchor","Shuriken","Orichalcum"],"card_choices":[{"not_picked":["Underhanded Strike","Blade Dance"],"picked":"Infinite Blades","floor":1},{"not_picked":["Slice","Infinite Blades"],"picked":"Bane","floor":4},{"not_picked":["Dagger Throw","Dodge and Roll"],"picked":"Bouncing Flask","floor":5},{"not_picked":["Endless Agony","Slice"],"picked":"Flying Knee","floor":8},{"not_picked":["Quick Slash","Blur"],"picked":"Corpse Explosion","floor":11},{"not_picked":["Doppelganger","Corpse Explosion"],"picked":"Burst","floor":16},{"not_picked":["Well Laid Plans","Underhanded Strike"],"picked":"Sucker Punch","floor":18},{"not_picked":["Acrobatics","Malaise"],"picked":"Prepared","floor":19},{"not_picked":["Dodge and Roll","PiercingWail"],"picked":"Blur","floor":22},{"not_picked":["Deflect","Dodge and Roll"],"picked":"Prepared","floor":24}],"player_experience":19331,"potions_floor_usage":[11,16,24,24,24],"damage_taken":[{"damage":0,"enemies":"2 Louse","floor":1,"turns":3},{"damage":3,"enemies":"Jaw Worm","floor":4,"turns":7},{"damage":0,"enemies":"Cultist","floor":5,"turns":4},{"damage":23,"enemies":"Lagavulin","floor":8,"turns":5},{"damage":11,"enemies":"3 Sentries","floor":11,"turns":7},{"damage":11,"enemies":"Slime Boss","floor":16,"turns":7},{"damage":0,"enemies":"Chosen","floor":18,"turns":3},{"damage":11,"enemies":"Shell Parasite","floor":19,"turns":5},{"damage":18,"enemies":"Snake Plant","floor":22,"turns":4},{"damage":40,"enemies":"Slavers","floor":24,"turns":7},{"damage":51,"enemies":"Gremlin Leader","floor":27,"turns":6}],"event_choices":[{"event_name":"Golden Idol","player_choice":"Take Damage","floor":2,"damage_taken":0},{"event_name":"Big Fish","player_choice":"Donut","floor":3,"damage_taken":0},{"event_name":"Bonfire Elementals","player_choice":"BASIC","floor":12,"damage_taken":0},{"event_name":"Shining Light","player_choice":"Entered Light","floor":13,"damage_taken":0},{"event_name":"Addict","player_choice":"Obtained Relic","floor":20,"damage_taken":0}],"boss_relics":[{"not_picked":["Orrery","Runic Dome"],"picked":"Astrolabe"}],"potions_floor_spawned":[4,8,11,16,19,24],"seed_played":"-5095149954624222708","killed_by":"Gremlin Leader","ascension_level":0,"is_trial":false}