{"gold_per_floor":[118,118,135,152,163,163,197,197,276,286,305,40,40,50,50,127,127,127,127,47,47],"floor_reached":21,"playtime":3503,"items_purged":[],"score":357,"play_id":"10c70907-65d4-4af3-80a2-99d43eeb4fcd","local_time":"20190214221202","is_ascension_mode":true,"campfire_choices":[{"data":"Bash","floor":6,"key":"SMITH"},{"floor":8,"key":"REST"},{"data":"Limit Break","floor":15,"key":"SMITH"}],"neow_cost":"NONE","seed_source_timestamp":131983319571200,"circlet_count":0,"master_deck":["AscendersBane","Strike_R","Strike_R","Strike_R","Strike_R","Defend_R","Defend_R","Defend_R","Defend_R","Bash+1","Limit Break+1","Headbutt","Twin Strike","Shrug It Off","Shrug It Off","Pummel","Spot Weakness","Anger","Sword Boomerang","Offering","Pummel","Heavy Blade"],"relics":["Burning Blood","Nunchaku","Singing Bowl","Pantograph","Bottled Flame","Ectoplasm"],"potions_floor_usage":[3,16,21],"damage_taken":[{"damage":14,"enemies":"Small Slimes","floor":1,"turns":5},{"damage":2,"enemies":"Cultist","floor":3,"turns":4},{"damage":4,"enemies":"Jaw Worm","floor":4,"turns":4},{"damage":30,"enemies":"Lots of Slimes","floor":5,"turns":5},{"damage":41,"enemies":"3 Sentries","floor":7,"turns":10},{"damage":3,"enemies":"2 Fungi Beasts","floor":10,"turns":4},{"damage":6,"enemies":"Looter","floor":11,"turns":3},{"damage":2,"enemies":"3 Louse","floor":14,"turns":3},{"damage":33,"enemies":"Slime Boss","floor":16,"turns":9},{"damage":12,"enemies":"Chosen","floor":18,"turns":3},{"damage":23,"enemies":"2 Thieves","floor":20,"turns":4},{"damage":45,"enemies":"Snake Plant","floor":21,"turns":3}],"seed_played":"-418711793107377725","potions_obtained":[{"floor":1,"key":"Swift Potion"},{"floor":7,"key":"Ancient Potion"},{"floor":11,"key":"SkillPotion"},{"floor":16,"key":"Dexterity Potion"},{"floor":18,"key":"SteroidPotion"}],"is_trial":false,"path_per_floor":["M","?","M","M","M","R","E","R","T","M","M","$","T","M","R","B",null,"M","?","M","M"],"character_chosen":"IRONCLAD","items_purchased":["Pantograph"],"campfire_rested":1,"item_purchase_floors":[12],"current_hp_per_floor":[60,60,64,66,42,42,7,29,29,32,32,32,32,36,36,34,65,59,59,42,0],"gold":47,"neow_bonus":"ONE_RANDOM_RARE_CARD","is_prod":false,"is_daily":false,"chose_seed":false,"campfire_upgraded":2,"win_rate":0,"timestamp":1550178722,"path_taken":["M","?","?","M","M","R","E","R","T","M","M","$","?","M","R","BOSS","M","?","M","M"],"build_version":"2019-02-06","purchased_purges":0,"victory":false,"max_hp_per_floor":[75,75,75,75,75,75,75,75,75,75,75,75,75,75,75,75,75,75,75,75,75],"card_choices":[{"not_picked":["Blood for Blood","Body Slam"],"picked":"Headbutt","floor":1},{"not_picked":["Twin Strike","Headbutt","Body Slam"],"picked":"SKIP","floor":3},{"not_picked":["Headbutt","Body Slam"],"picked":"Twin Strike","floor":3},{"not_picked":["Rupture","Anger"],"picked":"Shrug It Off","floor":4},{"not_picked":["Entrench","Searing Blow"],"picked":"Shrug It Off","floor":5},{"not_picked":["Body Slam","Fire Breathing"],"picked":"Pummel","floor":7},{"not_picked":["Headbutt","Warcry"],"picked":"Spot Weakness","floor":10},{"not_picked":["Entrench","Flex"],"picked":"Anger","floor":11},{"not_picked":["Headbutt","Barricade"],"picked":"Sword Boomerang","floor":14},{"not_picked":["Fiend Fire","Berserk"],"picked":"Offering","floor":16},{"not_picked":["Ghostly Armor","Headbutt"],"picked":"Pummel","floor":18},{"not_picked":["Body Slam","Anger"],"picked":"Heavy Blade","floor":20}],"player_experience":761515,"relics_obtained":[{"floor":7,"key":"Nunchaku"},{"floor":9,"key":"Singing Bowl"},{"floor":13,"key":"Bottled Flame"}],"event_choices":[{"cards_removed":["Strike_R"],"damage_healed":0,"gold_gain":0,"player_choice":"Offered Basic","damage_taken":0,"max_hp_gain":0,"max_hp_loss":0,"event_name":"Bonfire Elementals","floor":2,"gold_loss":0},{"damage_healed":0,"gold_gain":0,"player_choice":"Got Potions","damage_taken":0,"max_hp_gain":0,"max_hp_loss":0,"event_name":"Lab","floor":19,"gold_loss":0}],"is_beta":true,"boss_relics":[{"not_picked":["Busted Crown","Runic Cube"],"picked":"Ectoplasm"}],"items_purged_floors":[],"is_endless":false,"potions_floor_spawned":[1,7,11,16,18],"killed_by":"Snake Plant","ascension_level":19}