{"gold_per_floor":[119,131,131,206,206,239,239,253,253,253,12,45,45,58,58,130,130,50,50,50,50,50,50,50,50,50,50,0,0,0,0,0,0,0,0,0,0,0,0,0,0,0,0,0,0,0,0,0,0,0],"floor_reached":51,"playtime":3437,"items_purged":[],"score":1610,"play_id":"58c4c74f-793f-4588-b10e-5d2f87df3b09","local_time":"20190305114325","is_ascension_mode":true,"campfire_choices":[{"data":"Dagger Spray","floor":7.0,"key":"SMITH"},{"data":"A Thousand Cuts","floor":13,"key":"SMITH"},{"data":"Finisher","floor":15,"key":"SMITH"},{"data":"After Image","floor":23,"key":"SMITH"},{"floor":25,"key":"REST"},{"data":"Infinite Blades","floor":29,"key":"SMITH"},{"floor":32,"key":"REST"},{"data":"Finisher","floor":40,"key":"SMITH"},{"data":"Bullet Time","floor":42,"key":"SMITH"},{"data":"Skewer","floor":49,"key":"SMITH"}],"neow_cost":"NONE","seed_source_timestamp":1022946530585774,"circlet_count":0,"master_deck":["AscendersBane","Defend_G","Defend_G","Defend_G","Defend_G","Strike_G","Strike_G","Strike_G","Survivor","Neutralize+1","Dagger Spray+1","Acrobatics","Infinite Blades+1","Escape Plan","Well Laid Plans","A Thousand Cuts+1","Finisher+1","After Image+1","Finisher+1","Infinite Blades","Leg Sweep","Noxious Fumes+1","Bullet Time+1","Backflip+1","Footwork+1","Noxious Fumes+1","Blade Dance+1","Blade Dance","Terror","Skewer+1"],"special_seed":0,"relics":["Ring of the Snake","NeowsBlessing","Ornamental Fan","Darkstone Periapt","Ninja Scroll","Oddly Smooth Stone","Potion Belt","Ectoplasm","Mummified Hand","Frozen Egg 2","Empty Cage","Gambling Chip","Gremlin Horn","Blood Vial","Snake Skull","Meat on the Bone"],"potions_floor_usage":[12,31,31,33,45,48,50,50,50],"damage_taken":[{"damage":0.0,"enemies":"2 Louse","floor":1.0,"turns":1.0},{"damage":0.0,"enemies":"Jaw Worm","floor":2.0,"turns":1.0},{"damage":0.0,"enemies":"Lagavulin","floor":6.0,"turns":1.0},{"damage":2.0,"enemies":"Cultist","floor":8.0,"turns":4.0},{"damage":0,"enemies":"3 Sentries","floor":12,"turns":4},{"damage":0,"enemies":"Looter","floor":14,"turns":3},{"damage":15,"enemies":"Hexaghost","floor":16,"turns":10},{"damage":12,"enemies":"2 Thieves","floor":18,"turns":4},{"damage":0,"enemies":"Chosen","floor":20,"turns":3},{"damage":12,"enemies":"Centurion and Healer","floor":21,"turns":7},{"damage":27,"enemies":"Gremlin Leader","floor":24,"turns":6},{"damage":0,"enemies":"Snake Plant","floor":30,"turns":4},{"damage":0,"enemies":"3 Cultists","floor":31,"turns":4},{"damage":37,"enemies":"Automaton","floor":33,"turns":10},{"damage":0,"enemies":"Orb Walker","floor":35,"turns":3},{"damage":0,"enemies":"3 Shapes","floor":36,"turns":4},{"damage":2,"enemies":"Mind Bloom Boss Battle","floor":38,"turns":6},{"damage":0,"enemies":"Giant Head","floor":41,"turns":8},{"damage":0,"enemies":"Jaw Worm Horde","floor":44,"turns":3},{"damage":13,"enemies":"Reptomancer","floor":45,"turns":4},{"damage":17,"enemies":"Sphere and 2 Shapes","floor":46,"turns":4},{"damage":0,"enemies":"Nemesis","floor":47,"turns":5},{"damage":3,"enemies":"Transient","floor":48,"turns":6},{"damage":36,"enemies":"Donu and Deca","floor":50,"turns":10}],"seed_played":"-7655875916784635974","potions_obtained":[{"floor":8.0,"key":"Strength Potion"},{"floor":12,"key":"Ancient Potion"},{"floor":21,"key":"Energy Potion"},{"floor":24,"key":"Energy Potion"},{"floor":30,"key":"Explosive Potion"},{"floor":31,"key":"Block Potion"},{"floor":33,"key":"Block Potion"},{"floor":35,"key":"Energy Potion"},{"floor":47,"key":"SkillPotion"},{"floor":48,"key":"Poison Potion"}],"is_trial":false,"path_per_floor":["M","M","?","T","?","E","R","M","T","?","$","E","R","M","R","B",null,"M","?","M","M","?","R","E","R","T","$","?","R","M","M","R","B",null,"M","M","$","?","$","R","E","R","T","M","E","M","E","M","R","B",null],"character_chosen":"THE_SILENT","items_purchased":["Well Laid Plans","Oddly Smooth Stone"],"campfire_rested":2,"item_purchase_floors":[11,11],"current_hp_per_floor":[59,59,59,59,59,59,59,57,57,50,50,50,50,50,50,35,58,46,46,46,34,34,34,7,26,26,26,26,26,26,26,45,8,52,52,52,52,50,50,50,50,50,50,52,41,26,28,39,39,17],"gold":0,"neow_bonus":"THREE_ENEMY_KILL","is_prod":false,"is_daily":false,"chose_seed":false,"campfire_upgraded":8,"win_rate":0,"timestamp":1551782605,"path_taken":["M","M","?","?","?","E","R","M","T","?","?","E","R","M","R","BOSS","M","?","?","M","?","R","E","R","T","?","?","R","M","M","R","BOSS","M","M","?","?","?","R","E","R","T","?","E","M","E","M","R","BOSS"],"build_version":"2019-02-06","purchased_purges":0,"victory":true,"max_hp_per_floor":[66,66,66,66,66,66,66,66,66,66,66,66,66,66,66,66,66,66,66,66,66,66,66,66,66,66,66,66,66,66,66,66,66,66,66,66,66,66,66,66,66,66,66,66,66,66,66,66,66,66],"card_choices":[{"not_picked":["Flying Knee","Infinite Blades"],"picked":"Dagger Spray","floor":1.0},{"not_picked":["Concentrate","Quick Slash"],"picked":"Acrobatics","floor":2.0},{"not_picked":["Underhanded Strike","Acrobatics"],"picked":"Infinite Blades","floor":6.0},{"not_picked":["Bane","Poisoned Stab"],"picked":"Escape Plan","floor":8.0},{"not_picked":["Glass Knife","Blur"],"picked":"A Thousand Cuts","floor":12},{"not_picked":["Quick Slash","Sucker Punch"],"picked":"Finisher","floor":14},{"not_picked":["Storm of Steel","Phantasmal Killer"],"picked":"After Image","floor":16},{"not_picked":["Outmaneuver","Quick Slash","Prepared"],"picked":"SKIP","floor":18},{"not_picked":["Slice+1","Prepared"],"picked":"Finisher","floor":20},{"not_picked":["Catalyst","Flying Knee","Dagger Throw"],"picked":"SKIP","floor":21},{"not_picked":["Bane","Concentrate+1"],"picked":"Leg Sweep","floor":24},{"not_picked":["Poisoned Stab","Grand Finale","Sucker Punch"],"picked":"SKIP","floor":30},{"not_picked":["Sucker Punch","Dagger Spray"],"picked":"Noxious Fumes+1","floor":31},{"not_picked":["Die Die Die","Glass Knife"],"picked":"Bullet Time","floor":33},{"not_picked":["Distraction","Bane"],"picked":"Backflip+1","floor":35},{"not_picked":["Reflex","Quick Slash"],"picked":"Footwork+1","floor":36},{"not_picked":["Outmaneuver","Dodge and Roll"],"picked":"Noxious Fumes+1","floor":38},{"not_picked":["Setup+1","Tactician+1"],"picked":"Blade Dance+1","floor":41},{"not_picked":["Catalyst+1","Slice+1","Sucker Punch"],"picked":"SKIP","floor":44},{"not_picked":["Bane+1","Setup+1","Heel Hook"],"picked":"SKIP","floor":45},{"not_picked":["Slice","Burst"],"picked":"Blade Dance","floor":46},{"not_picked":["Venomology","Underhanded Strike"],"picked":"Terror","floor":47},{"not_picked":["Quick Slash","Outmaneuver"],"picked":"Skewer","floor":48}],"player_experience":845977,"relics_obtained":[{"floor":4.0,"key":"Ornamental Fan"},{"floor":6.0,"key":"Darkstone Periapt"},{"floor":9.0,"key":"Ninja Scroll"},{"floor":12,"key":"Potion Belt"},{"floor":24,"key":"Mummified Hand"},{"floor":26,"key":"Frozen Egg 2"},{"floor":38,"key":"Gambling Chip"},{"floor":41,"key":"Gremlin Horn"},{"floor":43,"key":"Blood Vial"},{"floor":45,"key":"Snake Skull"},{"floor":47,"key":"Meat on the Bone"}],"event_choices":[{"damage_healed":0.0,"max_hp_gain":0.0,"max_hp_loss":0.0,"gold_gain":0.0,"event_name":"Liars Game","player_choice":"Ignored","floor":3.0,"gold_loss":0.0,"damage_taken":0.0},{"damage_healed":0.0,"max_hp_gain":0.0,"max_hp_loss":0.0,"gold_gain":0.0,"event_name":"Living Wall","player_choice":"Grow","floor":5.0,"gold_loss":0.0,"damage_taken":0.0,"cards_upgraded":["Neutralize"]},{"cards_removed":["Strike_G"],"damage_healed":0.0,"max_hp_gain":0.0,"max_hp_loss":0.0,"gold_gain":0.0,"event_name":"Golden Wing","player_choice":"Card Removal","floor":10.0,"gold_loss":0.0,"damage_taken":7.0},{"damage_healed":0,"gold_gain":0,"player_choice":"Leave","damage_taken":0,"max_hp_gain":0,"max_hp_loss":0,"event_name":"FaceTrader","floor":19,"gold_loss":0},{"damage_healed":0,"gold_gain":0,"player_choice":"Copied","damage_taken":0,"max_hp_gain":0,"max_hp_loss":0,"event_name":"Duplicator","floor":22,"gold_loss":0,"cards_obtained":["Infinite Blades"]},{"damage_healed":0,"gold_gain":100,"player_choice":"Bet on Murderer","damage_taken":0,"max_hp_gain":0,"max_hp_loss":0,"event_name":"The Joust","floor":28,"gold_loss":50},{"damage_healed":0,"gold_gain":0,"player_choice":"Fight","damage_taken":0,"max_hp_gain":0,"max_hp_loss":0,"event_name":"MindBloom","floor":38,"gold_loss":0}],"is_beta":true,"boss_relics":[{"not_picked":["Runic Dome","Tiny House"],"picked":"Ectoplasm"},{"not_picked":["Lizard Tail","HoveringKite"],"picked":"Empty Cage"}],"items_purged_floors":[],"is_endless":false,"potions_floor_spawned":[8,12,21,24,30,31,33,35,44,47,48],"ascension_level":19}