{"gold_per_floor":[116,130,55,65,65,65,109,109,187,187,187,203,242,40,40,129,129,148,148,163,163,179,179],"floor_reached":23,"playtime":8720,"items_purged":["Defend_B"],"score":523,"play_id":"4dd64105-115e-4113-bf46-016d81119588","local_time":"20190305231311","is_ascension_mode":true,"campfire_choices":[{"data":"Streamline","floor":6,"key":"SMITH"},{"data":"Genetic Algorithm","floor":10,"key":"SMITH"},{"floor":15,"key":"REST"}],"neow_cost":"NONE","seed_source_timestamp":1059092410964807,"circlet_count":0,"master_deck":["AscendersBane","Strike_B","Strike_B","Defend_B","Defend_B","Defend_B","Zap","Dualcast","Streamline+1","Conserve Battery","Defragment","Genetic Algorithm+1","Ball Lightning","Sweeping Beam","Echo Form","Echo Form","Capacitor","Amplify","Thunder Strike","BootSequence","Stack+1"],"special_seed":0,"relics":["Cracked Core","Golden Idol","Centennial Puzzle","Gremlin Horn","Shuriken","Cursed Key"],"potions_floor_usage":[7,16,16,22],"damage_taken":[{"damage":1,"enemies":"Cultist","floor":1,"turns":3},{"damage":7,"enemies":"Jaw Worm","floor":2,"turns":2},{"damage":7,"enemies":"Small Slimes","floor":4,"turns":3},{"damage":28,"enemies":"3 Sentries","floor":7,"turns":5},{"damage":1,"enemies":"2 Fungi Beasts","floor":12,"turns":3},{"damage":24,"enemies":"Gremlin Nob","floor":13,"turns":4},{"damage":11,"enemies":"The Guardian","floor":16,"turns":9},{"damage":12,"enemies":"Chosen","floor":18,"turns":4},{"damage":28,"enemies":"3 Byrds","floor":20,"turns":4},{"damage":12,"enemies":"Centurion and Healer","floor":22,"turns":6},{"damage":24,"enemies":"Book of Stabbing","floor":23,"turns":3}],"seed_played":"-2334840914296859036","potions_obtained":[{"floor":1,"key":"AttackPotion"},{"floor":13,"key":"Explosive Potion"},{"floor":16,"key":"SteroidPotion"},{"floor":20,"key":"Swift Potion"}],"is_trial":false,"path_per_floor":["M","M","$","M","?","R","E","?","T","R","?","M","E","$","R","B",null,"M","?","M","?","M","E"],"character_chosen":"DEFECT","items_purchased":["Echo Form","Block Potion"],"campfire_rested":1,"item_purchase_floors":[14,14],"current_hp_per_floor":[63,56,56,49,49,49,21,21,21,21,26,25,1,1,21,10,54,42,42,14,14,2,0],"gold":179,"neow_bonus":"THREE_CARDS","is_prod":false,"is_daily":false,"chose_seed":false,"campfire_upgraded":2,"win_rate":0,"timestamp":1551823991,"path_taken":["M","M","$","?","?","R","E","?","T","R","?","?","E","$","R","BOSS","M","?","M","?","M","E"],"build_version":"2019-02-06","purchased_purges":1,"victory":false,"max_hp_per_floor":[71,71,71,71,64,64,64,64,64,64,69,69,69,69,69,69,69,69,69,69,69,69,69],"card_choices":[{"not_picked":["Melter","Turbo"],"picked":"Compile Driver","floor":0.0},{"not_picked":["Lockon","Go for the Eyes"],"picked":"Streamline","floor":1},{"not_picked":["Turbo","Barrage"],"picked":"Conserve Battery","floor":2},{"not_picked":["Fusion","Redo"],"picked":"Defragment","floor":4},{"not_picked":["Hologram","Double Energy"],"picked":"Genetic Algorithm","floor":7},{"not_picked":["Rebound","Reprogram"],"picked":"Ball Lightning","floor":12},{"not_picked":["Compile Driver","Streamline"],"picked":"Sweeping Beam","floor":13},{"not_picked":["Meteor Strike","Hyperbeam"],"picked":"Echo Form","floor":16},{"not_picked":["Compile Driver","White Noise"],"picked":"Capacitor","floor":18},{"not_picked":["Blizzard","Turbo+1"],"picked":"BootSequence","floor":20},{"not_picked":["Stack+1","Turbo","Ball Lightning"],"picked":"SKIP","floor":22},{"not_picked":["Stack+1","Turbo","Ball Lightning"],"picked":"SKIP","floor":22},{"not_picked":["Turbo","Ball Lightning"],"picked":"Stack+1","floor":22}],"player_experience":859413,"relics_obtained":[{"floor":7,"key":"Centennial Puzzle"},{"floor":9,"key":"Gremlin Horn"},{"floor":13,"key":"Shuriken"}],"event_choices":[{"damage_healed":0,"gold_gain":0,"player_choice":"Lose Max HP","damage_taken":0,"relics_obtained":["Golden Idol"],"max_hp_gain":0,"max_hp_loss":7,"event_name":"Golden Idol","floor":5,"gold_loss":0},{"damage_healed":0,"gold_gain":0,"player_choice":"Ignored","damage_taken":0,"max_hp_gain":0,"max_hp_loss":0,"event_name":"Liars Game","floor":8,"gold_loss":0},{"damage_healed":0,"gold_gain":0,"player_choice":"Donut","damage_taken":0,"max_hp_gain":5,"max_hp_loss":0,"event_name":"Big Fish","floor":11,"gold_loss":0},{"damage_healed":0,"gold_gain":0,"cards_transformed":["Strike_B","Strike_B"],"player_choice":"Became Test Subject","damage_taken":0,"max_hp_gain":0,"max_hp_loss":0,"event_name":"Drug Dealer","floor":19,"gold_loss":0,"cards_obtained":["Amplify","Thunder Strike"]},{"damage_healed":0,"gold_gain":0,"player_choice":"Ignored","damage_taken":0,"max_hp_gain":0,"max_hp_loss":0,"event_name":"Vampires","floor":21,"gold_loss":0}],"is_beta":true,"boss_relics":[{"not_picked":["Tiny House","Snecko Eye"],"picked":"Cursed Key"}],"items_purged_floors":[3],"is_endless":false,"potions_floor_spawned":[1,13,16,20],"killed_by":"Book of Stabbing","ascension_level":15}