{"gold_per_floor":[10,22,40,40,59,91,108,108,108,126,126,145,170,170,170,272,272,289,42,42,42,59,59,71,71],"floor_reached":25,"playtime":1991,"items_purged":["Regret"],"score":255,"play_id":"65c35f6f-19f3-4366-a743-6fac1dbf7faa","local_time":"20190312175149","is_ascension_mode":false,"campfire_choices":[{"floor":8.0,"key":"REST"},{"data":"Noxious Fumes","floor":15,"key":"SMITH"},{"floor":23,"key":"REST"}],"neow_cost":"NO_GOLD","seed_source_timestamp":43052594503407,"circlet_count":0,"master_deck":["Defend_G+1","Defend_G","Defend_G","Defend_G","Defend_G","Strike_G","Strike_G","Strike_G","Survivor","Neutralize","Night Terror","Noxious Fumes+1","Cloak And Dagger","Quick Slash","Deadly Poison","Flying Knee","Backflip","Flying Knee","Backflip","Parasite","Bouncing Flask","Burst+1","Pain","Clumsy","Regret","Noxious Fumes+1","Noxious Fumes+1","Dramatic Entrance","Ghostly+1","Ghostly","Ghostly","Ghostly","Ghostly","Prepared+1","Prepared"],"special_seed":0,"relics":["Ring of the Snake","Shuriken","Blue Candle","Anchor","PreservedInsect","Calling Bell","War Paint","Frozen Egg 2","Torii"],"potions_floor_usage":[18,24,25],"damage_taken":[{"damage":0.0,"enemies":"Jaw Worm","floor":1.0,"turns":5.0},{"damage":0.0,"enemies":"Small Slimes","floor":2.0,"turns":6.0},{"damage":0.0,"enemies":"2 Louse","floor":3.0,"turns":3.0},{"damage":35.0,"enemies":"Gremlin Gang","floor":5.0,"turns":5.0},{"damage":14.0,"enemies":"3 Sentries","floor":6.0,"turns":8.0},{"damage":16.0,"enemies":"Lots of Slimes","floor":7.0,"turns":4.0},{"damage":8.0,"enemies":"Exordium Wildlife","floor":10.0,"turns":4.0},{"damage":1,"enemies":"Exordium Thugs","floor":12,"turns":5},{"damage":21,"enemies":"Hexaghost","floor":16,"turns":7},{"damage":3,"enemies":"3 Byrds","floor":18,"turns":6},{"damage":22,"enemies":"Shell Parasite","floor":22,"turns":6},{"damage":21,"enemies":"Chosen and Byrds","floor":24,"turns":7},{"damage":2,"enemies":"Snake Plant","floor":25,"turns":4}],"seed_played":"-3639393980755711657","potions_obtained":[{"floor":2.0,"key":"Regen Potion"},{"floor":5.0,"key":"FearPotion"},{"floor":6.0,"key":"EssenceOfSteel"},{"floor":12,"key":"Block Potion"},{"floor":24,"key":"Weak Potion"}],"is_trial":false,"path_per_floor":["M","M","M","$","M","E","M","R","T","M","?","M","T","?","R","B",null,"M","$","?","?","M","R","M","M"],"character_chosen":"THE_SILENT","items_purchased":["Noxious Fumes+1","Dramatic Entrance"],"campfire_rested":2,"item_purchase_floors":[19,19],"current_hp_per_floor":[70,70,70,70,35,36,20,41,41,33,50,49,49,49,49,28,70,67,67,35,35,13,23,2,0],"gold":71,"neow_bonus":"TRANSFORM_TWO_CARDS","is_prod":false,"is_daily":false,"chose_seed":false,"campfire_upgraded":1,"win_rate":0,"timestamp":1552427509,"path_taken":["M","M","M","$","M","E","M","R","T","M","?","M","?","?","R","BOSS","M","$","?","?","?","R","M","M"],"build_version":"2019-01-23","purchased_purges":1,"victory":false,"max_hp_per_floor":[70,70,70,70,70,70,70,70,70,70,70,70,70,70,70,70,70,70,70,35,35,35,35,35,35],"card_choices":[{"not_picked":["Outmaneuver","Blade Dance"],"picked":"Cloak And Dagger","floor":1.0},{"not_picked":["Caltrops","Slice"],"picked":"Quick Slash","floor":2.0},{"not_picked":["Acrobatics","Well Laid Plans"],"picked":"Deadly Poison","floor":3.0},{"not_picked":["Underhanded Strike","Acrobatics"],"picked":"Flying Knee","floor":5.0},{"not_picked":["Acrobatics","Grand Finale"],"picked":"Backflip","floor":6.0},{"not_picked":["PiercingWail","Deflect"],"picked":"Flying Knee","floor":7.0},{"not_picked":["Distraction","PiercingWail"],"picked":"Backflip","floor":10.0},{"not_picked":["Dagger Spray","Dagger Throw"],"picked":"Bouncing Flask","floor":12},{"not_picked":["Glass Knife","Night Terror"],"picked":"Burst","floor":16},{"not_picked":["Outmaneuver","Underhanded Strike"],"picked":"Noxious Fumes+1","floor":18},{"not_picked":["Calculated Gamble+1","Skewer+1"],"picked":"Prepared+1","floor":22},{"not_picked":["Flechettes+1","Malaise"],"picked":"Prepared","floor":24}],"player_experience":88144,"relics_obtained":[{"floor":6.0,"key":"Shuriken"},{"floor":9.0,"key":"Blue Candle"},{"floor":13,"key":"Anchor"},{"floor":17,"key":"War Paint"},{"floor":17,"key":"Frozen Egg 2"},{"floor":17,"key":"Torii"}],"event_choices":[{"damage_healed":17,"gold_gain":0,"player_choice":"Healed and dodged fight","damage_taken":0,"max_hp_gain":0,"max_hp_loss":0,"event_name":"Mushrooms","floor":11,"gold_loss":0,"cards_obtained":["Parasite"]},{"damage_healed":0,"gold_gain":0,"player_choice":"Box","damage_taken":0,"relics_obtained":["PreservedInsect"],"max_hp_gain":0,"max_hp_loss":0,"event_name":"Big Fish","floor":14,"gold_loss":0,"cards_obtained":["Regret"]},{"damage_healed":0,"gold_gain":0,"player_choice":"Became a Ghost","damage_taken":0,"max_hp_gain":0,"max_hp_loss":35,"event_name":"Ghosts","floor":20,"gold_loss":0,"cards_obtained":["Ghostly","Ghostly","Ghostly","Ghostly","Ghostly"]},{"damage_healed":0,"gold_gain":0,"player_choice":"Forge","damage_taken":0,"max_hp_gain":0,"max_hp_loss":0,"event_name":"Accursed Blacksmith","floor":21,"gold_loss":0,"cards_upgraded":["Ghostly"]}],"is_beta":false,"boss_relics":[{"not_picked":["Empty Cage","White Beast Statue"],"picked":"Calling Bell"}],"items_purged_floors":[19],"is_endless":false,"potions_floor_spawned":[2,5,6,12,16,24],"killed_by":"Snake Plant","ascension_level":0}