{"gold_per_floor":[109,109,109,124,124,124,151,151,177,177,177,140,172,172,172,244,244,254,254,254,254,254,281,281,301,351,368,368],"floor_reached":28,"playtime":2699,"items_purged":[],"score":481,"play_id":"b12c8c0f-e1c3-48c5-b479-793c5015d914","local_time":"20190228011334","is_ascension_mode":true,"campfire_choices":[{"floor":6,"key":"REST"},{"floor":8,"key":"REST"},{"data":"Neutralize","floor":10,"key":"SMITH"},{"data":"Skewer","floor":15,"key":"SMITH"},{"data":"Venomology","floor":24,"key":"SMITH"}],"neow_cost":"CURSE","seed_source_timestamp":553921683292992,"circlet_count":0,"master_deck":["AscendersBane","Defend_G","Defend_G","Defend_G","Defend_G","Defend_G","Survivor","Neutralize+1","Corpse Explosion+1","Leg Sweep","Dagger Spray+1","Bouncing Flask","Skewer+1","Venomology+1","Footwork+1","Neutralize","Bite+1","Bite","Bite","Bite","Bite","Footwork+1"],"relics":["Ring of the Serpent","Oddly Smooth Stone","Frozen Egg 2","PreservedInsect","Juzu Bracelet","Torii","Whetstone","Omamori"],"potions_floor_usage":[7,16,16,18,23,25,27,28],"damage_taken":[{"damage":6,"enemies":"Jaw Worm","floor":1,"turns":5},{"damage":3,"enemies":"Small Slimes","floor":4,"turns":5},{"damage":30,"enemies":"Gremlin Nob","floor":7,"turns":5},{"damage":6,"enemies":"Lagavulin","floor":13,"turns":6},{"damage":3,"enemies":"Hexaghost","floor":16,"turns":8},{"damage":4,"enemies":"3 Byrds","floor":18,"turns":3},{"damage":27,"enemies":"Colosseum Slavers","floor":21,"turns":4},{"damage":19,"enemies":"Book of Stabbing","floor":23,"turns":9},{"damage":14,"enemies":"Chosen","floor":25,"turns":7},{"damage":41,"enemies":"Sentry and Sphere","floor":27,"turns":8},{"damage":32,"enemies":"Chosen and Byrds","floor":28,"turns":5}],"seed_played":"-7802645586333541212","potions_obtained":[{"floor":1,"key":"Strength Potion"},{"floor":14,"key":"Poison Potion"},{"floor":14,"key":"AttackPotion"},{"floor":16,"key":"AttackPotion"},{"floor":23,"key":"GamblersBrew"}],"is_trial":false,"path_per_floor":["M","?","?","M","T","R","E","R","T","R","?","?","E","?","R","B",null,"M","?","?","?","?","E","R","M","T","M","M"],"character_chosen":"THE_SILENT","items_purchased":[],"campfire_rested":2,"item_purchase_floors":[],"current_hp_per_floor":[53,27,20,17,17,36,6,25,25,25,25,25,19,19,19,16,54,50,50,50,23,23,20,20,18,18,12,0],"gold":368,"neow_bonus":"THREE_RARE_CARDS","is_prod":false,"is_daily":false,"chose_seed":false,"campfire_upgraded":3,"win_rate":0,"timestamp":1551312814,"path_taken":["M","?","?","M","?","R","E","R","T","R","?","?","E","?","R","BOSS","M","?","?","?","?","E","R","M","T","M","M"],"build_version":"2019-02-06","purchased_purges":0,"victory":false,"max_hp_per_floor":[66,66,66,66,66,66,66,66,66,66,66,66,66,66,66,66,66,66,66,66,66,46,46,46,46,46,46,46],"card_choices":[{"not_picked":["Adrenaline","Burst"],"picked":"Corpse Explosion","floor":0},{"not_picked":["Prepared","All Out Attack"],"picked":"Leg Sweep","floor":1},{"not_picked":["Cloak And Dagger","Blade Dance"],"picked":"Dagger Spray","floor":4},{"not_picked":["Expertise","Deadly Poison"],"picked":"Bouncing Flask","floor":7},{"not_picked":["Tactician","Reflex"],"picked":"Skewer","floor":13},{"not_picked":["Phantasmal Killer","Glass Knife"],"picked":"Venomology","floor":16},{"not_picked":["All Out Attack","Acrobatics","Blade Dance"],"picked":"SKIP","floor":18},{"not_picked":["Backstab","Dagger Throw"],"picked":"Footwork+1","floor":23},{"not_picked":["Prepared","Eviscerate","Outmaneuver"],"picked":"SKIP","floor":25},{"not_picked":["Outmaneuver","Dagger Throw","Storm of Steel"],"picked":"SKIP","floor":27}],"player_experience":825928,"relics_obtained":[{"floor":5,"key":"Frozen Egg 2"},{"floor":7,"key":"PreservedInsect"},{"floor":9,"key":"Juzu Bracelet"},{"floor":13,"key":"Torii"},{"floor":23,"key":"Whetstone"},{"floor":26,"key":"Omamori"}],"event_choices":[{"damage_healed":0,"gold_gain":0,"player_choice":"Success","damage_taken":26,"relics_obtained":["Oddly Smooth Stone"],"max_hp_gain":0,"max_hp_loss":0,"event_name":"Scrap Ooze","floor":2,"gold_loss":0},{"cards_removed":["Pain"],"damage_healed":0,"gold_gain":0,"player_choice":"Card Removal","damage_taken":7,"max_hp_gain":0,"max_hp_loss":0,"event_name":"Golden Wing","floor":3,"gold_loss":0},{"damage_healed":0,"gold_gain":0,"player_choice":"Forge","damage_taken":0,"max_hp_gain":0,"max_hp_loss":0,"event_name":"Accursed Blacksmith","floor":11,"gold_loss":0,"cards_upgraded":["Corpse Explosion"]},{"damage_healed":0,"gold_gain":0,"player_choice":"Left Gold","damage_taken":0,"max_hp_gain":0,"max_hp_loss":0,"event_name":"World of Goop","floor":12,"gold_loss":37},{"damage_healed":0,"gold_gain":0,"player_choice":"Got Potions","damage_taken":0,"max_hp_gain":0,"max_hp_loss":0,"event_name":"Lab","floor":14,"gold_loss":0},{"damage_healed":0,"gold_gain":0,"player_choice":"Read","damage_taken":0,"max_hp_gain":0,"max_hp_loss":0,"event_name":"The Library","floor":19,"gold_loss":0,"cards_obtained":["Footwork"]},{"damage_healed":0,"gold_gain":0,"player_choice":"1 cards matched","damage_taken":0,"max_hp_gain":0,"max_hp_loss":0,"event_name":"Match and Keep!","floor":20,"gold_loss":0,"cards_obtained":["Neutralize"]},{"damage_healed":0,"gold_gain":0,"player_choice":"Fight","damage_taken":0,"max_hp_gain":0,"max_hp_loss":0,"event_name":"Colosseum","floor":21,"gold_loss":0},{"damage_healed":0,"gold_gain":0,"player_choice":"Fled From Nobs","damage_taken":0,"max_hp_gain":0,"max_hp_loss":0,"event_name":"Colosseum","floor":21,"gold_loss":0},{"damage_healed":0,"gold_gain":0,"player_choice":"Became a vampire","damage_taken":0,"max_hp_gain":0,"max_hp_loss":20,"event_name":"Vampires","floor":22,"gold_loss":0,"cards_obtained":["Bite","Bite","Bite","Bite","Bite"]}],"is_beta":true,"boss_relics":[{"not_picked":["Eternal Feather","Calling Bell"],"picked":"Ring of the Serpent"}],"items_purged_floors":[],"is_endless":false,"potions_floor_spawned":[1,16,23,25,27],"killed_by":"Chosen and Byrds","ascension_level":18}