{"path_per_floor":["M","?","M","?","?","E","R","M","T","E","T","?","R","T","R","B",null,"M","$","M","$","M","E","?","R","T","M"],"character_chosen":"IRONCLAD","items_purchased":["Anger","Shrug It Off"],"gold_per_floor":[118,118,131,131,81,143,143,157,157,186,186,261,261,261,261,358,358,368,293,303,99,116,148,148,148,148,163],"floor_reached":28,"campfire_rested":1,"playtime":1993,"current_hp_per_floor":[80,73,79,85,85,58,58,62,62,11,21,10,40,40,40,30,107,97,97,71,71,55,20,20,20,20,20],"items_purged":["Strike_R","Strike_R"],"gold":163,"score":294,"play_id":"dee06e9d-4d94-4558-bd1e-0f92baddf1cc","is_prod":false,"is_daily":false,"is_ascension_mode":false,"campfire_upgraded":3,"path_taken":["M","?","M","?","?","E","R","?","T","E","?","?","R","?","R","BOSS","M","?","M","$","M","E","?","R","T","M","M"],"build_version":"2018-02-08-BETA1","purchased_purges":2,"victory":false,"master_deck":["Defend_R","Defend_R","Defend_R","Defend_R","Bash","Headbutt","Feed+1","Thunderclap","Inflame+1","Limit Break+1","Metallicize","Heavy Blade","Anger","Shrug It Off","Sword Boomerang"],"max_hp_per_floor":[80,80,80,86,86,89,89,93,93,93,103,103,103,103,103,107,107,111,111,115,115,119,123,123,123,123,123],"relics":["Burning Blood","Darkstone Periapt","Tiny Chest","Dodecahedron","Shuriken","Pear","Gambling Chip","Black Star","Bottled Flame","Letter Opener"],"card_choices":[{"not_picked":["Anger","Sword Boomerang"],"picked":"Headbutt"},{"not_picked":["Pummel","Second Wind"],"picked":"Feed"},{"not_picked":["Clash","Pummel"],"picked":"Thunderclap"},{"not_picked":["Warcry","Twin Strike"],"picked":"Inflame"},{"not_picked":["Demon Form","Berserk"],"picked":"Limit Break"},{"not_picked":["True Grit","Rampage"],"picked":"Metallicize"},{"not_picked":["Anger","Headbutt"],"picked":"Heavy Blade"},{"not_picked":["Anger","Metallicize"],"picked":"Sword Boomerang"}],"player_experience":27329,"potions_floor_usage":[10,22,23],"damage_taken":[{"damage":1,"enemies":"Cultist","floor":1,"turns":3},{"damage":0,"enemies":"2 Louse","floor":3,"turns":3},{"damage":36,"enemies":"3 Sentries","floor":6,"turns":10},{"damage":6,"enemies":"Jaw Worm","floor":8,"turns":3},{"damage":57,"enemies":"Lagavulin","floor":10,"turns":8},{"damage":20,"enemies":"Slime Boss","floor":16,"turns":6},{"damage":20,"enemies":"2 Thieves","floor":18,"turns":3},{"damage":36,"enemies":"3 Byrds","floor":20,"turns":6},{"damage":41,"enemies":"Slaver and Parasite","floor":22,"turns":7},{"damage":45,"enemies":"Slavers","floor":23,"turns":5},{"damage":6,"enemies":"Snecko","floor":27,"turns":4},{"damage":60,"enemies":"Cultist and Chosen","floor":28,"turns":7}],"event_choices":[{"event_name":"Golden Wing","player_choice":"Card Removal","floor":2,"damage_taken":0},{"event_name":"Big Fish","player_choice":"Box","floor":4,"damage_taken":0},{"event_name":"The Cleric","player_choice":"Card Removal","floor":5,"damage_taken":0},{"event_name":"World of Goop","player_choice":"Gather Gold","floor":12,"damage_taken":0},{"event_name":"Back to Basics","player_choice":"Elegance","floor":24,"damage_taken":0}],"boss_relics":[{"not_picked":["Runic Dome","Black Blood"],"picked":"Black Star"}],"potions_floor_spawned":[3,16,20],"seed_played":"4618958540224581511","killed_by":"Cultist and Chosen","ascension_level":0,"is_trial":false}