{"gold_per_floor":[13,13,13,24,41,41,41,41,41,69,69,94,94,113,113,113],"floor_reached":16,"playtime":1269,"items_purged":[],"score":108,"play_id":"a75febeb-4647-4f8e-b5ae-9ad5c389e1a6","local_time":"20190312181325","is_ascension_mode":false,"campfire_choices":[{"data":"Blur","floor":6,"key":"SMITH"},{"data":"Cloak And Dagger","floor":8,"key":"SMITH"},{"floor":11,"key":"REST"},{"floor":15,"key":"REST"}],"neow_cost":"NO_GOLD","seed_source_timestamp":45150725278330,"circlet_count":0,"master_deck":["Defend_G","Defend_G","Defend_G","Defend_G","Defend_G","Strike_G","Strike_G","Strike_G","Strike_G","Strike_G","Survivor","Neutralize","Swift Strike","Forethought","Cloak And Dagger+1","Blur+1","Calculated Gamble","Crippling Poison","Crippling Poison+1"],"relics":["Ring of the Snake","Kunai","Potion Belt","Art of War"],"potions_floor_usage":[],"damage_taken":[{"damage":0,"enemies":"Small Slimes","floor":1,"turns":3},{"damage":4,"enemies":"Cultist","floor":4,"turns":4},{"damage":0,"enemies":"2 Louse","floor":5,"turns":3},{"damage":37,"enemies":"Gremlin Nob","floor":10,"turns":7},{"damage":17,"enemies":"3 Sentries","floor":12,"turns":13},{"damage":0,"enemies":"2 Fungi Beasts","floor":14,"turns":4},{"damage":58,"enemies":"Hexaghost","floor":16,"turns":23}],"seed_played":"2845164410167801257","potions_obtained":[{"floor":1,"key":"SpeedPotion"},{"floor":2,"key":"FearPotion"},{"floor":2,"key":"Weak Potion"},{"floor":10,"key":"Energy Potion"},{"floor":12,"key":"SteroidPotion"}],"is_trial":false,"path_per_floor":["M","?","$","M","M","R","$","R","T","E","R","E","?","M","R","B"],"character_chosen":"THE_SILENT","items_purchased":[],"campfire_rested":2,"item_purchase_floors":[],"current_hp_per_floor":[70,70,70,66,66,66,66,66,66,29,50,33,33,33,54,0],"gold":113,"neow_bonus":"RANDOM_COLORLESS_2","is_prod":false,"is_daily":false,"chose_seed":false,"campfire_upgraded":2,"win_rate":0,"timestamp":1552428805,"path_taken":["M","?","$","M","M","R","?","R","T","E","R","E","?","M","R","BOSS"],"build_version":"2019-01-23","purchased_purges":0,"victory":false,"max_hp_per_floor":[70,70,70,70,70,70,70,70,70,70,70,70,70,70,70,70],"card_choices":[{"not_picked":["Underhanded Strike","Deflect"],"picked":"Cloak And Dagger","floor":1},{"not_picked":["Outmaneuver","Dagger Throw"],"picked":"Blur","floor":4},{"not_picked":["Poisoned Stab","Slice"],"picked":"Calculated Gamble","floor":5},{"not_picked":["Deadly Poison","Eviscerate"],"picked":"Crippling Poison","floor":10},{"not_picked":["Quick Slash","Tools of the Trade"],"picked":"Crippling Poison","floor":12},{"not_picked":["Poisoned Stab","Setup","Eviscerate"],"picked":"SKIP","floor":14}],"player_experience":90135,"relics_obtained":[{"floor":9,"key":"Kunai"},{"floor":10,"key":"Potion Belt"},{"floor":12,"key":"Art of War"}],"event_choices":[{"damage_healed":0,"gold_gain":0,"player_choice":"Got Potions","damage_taken":0,"max_hp_gain":0,"max_hp_loss":0,"event_name":"Lab","floor":2,"gold_loss":0},{"damage_healed":0,"gold_gain":0,"player_choice":"Grow","damage_taken":0,"max_hp_gain":0,"max_hp_loss":0,"event_name":"Living Wall","floor":13,"gold_loss":0,"cards_upgraded":["Crippling Poison"]}],"is_beta":false,"boss_relics":[],"items_purged_floors":[],"is_endless":false,"potions_floor_spawned":[1,10,12],"killed_by":"Hexaghost","ascension_level":0}