{"gold_per_floor":[112,112,112,133,87,87,155,155,155,155,175,175,189,233,233,329,329,269,8,23,23,73,112,135,135,135,175,93,93,93,111,111,111],"floor_reached":33,"playtime":2386,"items_purged":["Defend_B"],"score":506,"play_id":"bf51a5ce-facf-4ea6-a17e-3517b2dfb547","local_time":"20190305235329","is_ascension_mode":true,"campfire_choices":[{"data":"Hologram","floor":6,"key":"SMITH"},{"data":"Creative AI","floor":8,"key":"SMITH"},{"floor":10,"key":"REST"},{"data":"Reinforced Body","floor":15,"key":"SMITH"},{"floor":25,"key":"REST"},{"floor":32,"key":"REST"}],"neow_cost":"NONE","seed_source_timestamp":1067849349805632,"circlet_count":0,"master_deck":["AscendersBane","Strike_B","Strike_B","Strike_B","Strike_B","Defend_B","Defend_B","Defend_B","Zap+1","Dualcast","Creative AI+1","Reinforced Body+1","Hologram+1","Coolheaded","Doom and Gloom","Coolheaded+1","Capacitor","Chill+1","Electrodynamics","Glacier+1","Static Discharge+1","Recycle+1","Defragment+1","Loop","Injury","Fission+1","Storm"],"relics":["Cracked Core","Golden Idol","Tiny Chest","Toxic Egg 2","DataDisk","Pen Nib","Cursed Key","Bottled Lightning","Dodecahedron","Pear"],"potions_floor_usage":[14,14,23,23,27],"damage_taken":[{"damage":4,"enemies":"Jaw Worm","floor":1,"turns":3},{"damage":4,"enemies":"2 Louse","floor":4,"turns":2},{"damage":33,"enemies":"3 Sentries","floor":7,"turns":8},{"damage":0,"enemies":"Cultist","floor":11,"turns":4},{"damage":1,"enemies":"Blue Slaver","floor":13,"turns":3},{"damage":9,"enemies":"Gremlin Nob","floor":14,"turns":4},{"damage":17,"enemies":"Slime Boss","floor":16,"turns":10},{"damage":15,"enemies":"2 Thieves","floor":18,"turns":4},{"damage":0,"enemies":"3 Byrds","floor":20,"turns":4},{"damage":11,"enemies":"Book of Stabbing","floor":23,"turns":6},{"damage":13,"enemies":"Snecko","floor":24,"turns":6},{"damage":18,"enemies":"Slavers","floor":27,"turns":3},{"damage":0,"enemies":"Centurion and Healer","floor":31,"turns":5},{"damage":42,"enemies":"Champ","floor":33,"turns":8}],"seed_played":"-1207901538406032865","potions_obtained":[{"floor":7,"key":"Weak Potion"},{"floor":13,"key":"GamblersBrew"},{"floor":16,"key":"SkillPotion"},{"floor":20,"key":"Block Potion"},{"floor":24,"key":"Block Potion"},{"floor":27,"key":"Ancient Potion"}],"is_trial":false,"path_per_floor":["M","?","?","M","$","R","E","R","T","R","M","T","M","E","R","B",null,"M","$","M","?","?","E","M","R","T","E","$","$","?","M","R","B"],"character_chosen":"DEFECT","items_purchased":["Hologram","Electrodynamics","Glacier+1","Storm"],"campfire_rested":3,"item_purchase_floors":[5,19,19,28],"current_hp_per_floor":[60,60,60,56,56,56,23,23,23,42,42,42,41,32,32,15,52,37,37,37,37,31,20,7,26,26,18,18,18,18,18,40,0],"gold":111,"neow_bonus":"ONE_RANDOM_RARE_CARD","is_prod":false,"is_daily":false,"chose_seed":false,"campfire_upgraded":3,"win_rate":0,"timestamp":1551826409,"path_taken":["M","?","?","?","$","R","E","R","T","R","M","?","M","E","R","BOSS","M","$","M","?","?","E","?","R","T","E","?","$","?","M","R","BOSS"],"build_version":"2019-02-06","purchased_purges":1,"victory":false,"max_hp_per_floor":[71,64,64,64,64,64,64,64,64,64,64,64,64,64,64,64,64,64,64,64,64,64,64,64,64,64,74,74,74,74,74,74,74],"card_choices":[{"not_picked":["Beam Cell","Turbo","Redo"],"picked":"SKIP","floor":1},{"not_picked":["Rebound","Steam"],"picked":"Reinforced Body","floor":4},{"not_picked":["Amplify","Chaos"],"picked":"Coolheaded","floor":7},{"not_picked":["Tempest+1","Hologram+1"],"picked":"Doom and Gloom","floor":11},{"not_picked":["Rebound","Stack+1"],"picked":"Coolheaded+1","floor":13},{"not_picked":["Ball Lightning","Gash"],"picked":"Capacitor","floor":14},{"not_picked":["Coolheaded+1","Conserve Battery+1"],"picked":"Chill+1","floor":18},{"not_picked":["Hologram+1","FTL"],"picked":"Static Discharge+1","floor":20},{"not_picked":["Reinforced Body+1","Redo+1"],"picked":"Defragment+1","floor":23},{"not_picked":["Lockon","Leap+1"],"picked":"Loop","floor":24},{"not_picked":["Chaos+1","Darkness+1"],"picked":"Fission+1","floor":27},{"not_picked":["Force Field+1","Tempest+1","Coolheaded+1"],"picked":"SKIP","floor":31}],"player_experience":868133,"relics_obtained":[{"floor":7,"key":"Tiny Chest"},{"floor":9,"key":"Toxic Egg 2"},{"floor":12,"key":"DataDisk"},{"floor":14,"key":"Pen Nib"},{"floor":23,"key":"Bottled Lightning"},{"floor":26,"key":"Dodecahedron"},{"floor":27,"key":"Pear"}],"event_choices":[{"damage_healed":0,"gold_gain":0,"player_choice":"Lose Max HP","damage_taken":0,"relics_obtained":["Golden Idol"],"max_hp_gain":0,"max_hp_loss":7,"event_name":"Golden Idol","floor":2,"gold_loss":0},{"damage_healed":0,"gold_gain":0,"player_choice":"Upgraded","damage_taken":0,"max_hp_gain":0,"max_hp_loss":0,"event_name":"Upgrade Shrine","floor":3,"gold_loss":0,"cards_upgraded":["Zap"]},{"damage_healed":0,"gold_gain":0,"player_choice":"Read","damage_taken":0,"max_hp_gain":0,"max_hp_loss":0,"event_name":"The Library","floor":21,"gold_loss":0,"cards_obtained":["Recycle"]},{"damage_healed":0,"gold_gain":50,"player_choice":"Touch","damage_taken":6,"max_hp_gain":0,"max_hp_loss":0,"event_name":"FaceTrader","floor":22,"gold_loss":0},{"damage_healed":0,"gold_gain":0,"player_choice":"Ignored","damage_taken":0,"max_hp_gain":0,"max_hp_loss":0,"event_name":"Ghosts","floor":30,"gold_loss":0}],"is_beta":true,"boss_relics":[{"not_picked":["Ectoplasm","Fusion Hammer"],"picked":"Cursed Key"}],"items_purged_floors":[19],"is_endless":false,"potions_floor_spawned":[7,13,16,20,24,27],"killed_by":"Champ","ascension_level":15}