{"gold_per_floor":[118,135,145,31,42,42,52,83,134,134,149,149,160,180,180,285,285,298,312,330,330],"floor_reached":21,"playtime":1956,"items_purged":[],"score":187,"play_id":"070c2be7-5959-487b-aba4-5a88bbcc793b","local_time":"20190203011655","is_ascension_mode":false,"campfire_choices":[{"floor":6.0,"key":"REST"},{"floor":12.0,"key":"REST"},{"floor":15.0,"key":"REST"}],"neow_cost":"NONE","seed_source_timestamp":0,"circlet_count":0,"master_deck":["Defend_G","Defend_G","Defend_G","Defend_G","Defend_G","Strike_G","Strike_G","Strike_G","Strike_G","Strike_G","Survivor","Neutralize","Noxious Fumes","Deadly Poison","Flying Knee","Dagger Throw","Dagger Spray","Dodge and Roll","Underhanded Strike","Flying Knee","Dash","Deflect","Blade Dance","Die Die Die","Bullet Time","Reflex+1","Crippling Poison","Flechettes"],"special_seed":0,"relics":["Ring of the Snake","Girya","Strawberry","Mummified Hand","HoveringKite"],"potions_floor_usage":[],"damage_taken":[{"damage":1.0,"enemies":"Cultist","floor":1.0,"turns":5.0},{"damage":1.0,"enemies":"Jaw Worm","floor":2.0,"turns":5.0},{"damage":15.0,"enemies":"Small Slimes","floor":3.0,"turns":4.0},{"damage":17.0,"enemies":"Gremlin Gang","floor":5.0,"turns":4.0},{"damage":15.0,"enemies":"2 Fungi Beasts","floor":7.0,"turns":4.0},{"damage":47.0,"enemies":"Gremlin Nob","floor":8.0,"turns":5.0},{"damage":3.0,"enemies":"Blue Slaver","floor":11.0,"turns":3.0},{"damage":5.0,"enemies":"3 Louse","floor":13.0,"turns":2.0},{"damage":13.0,"enemies":"Large Slime","floor":14.0,"turns":8.0},{"damage":27.0,"enemies":"Hexaghost","floor":16.0,"turns":9.0},{"damage":27.0,"enemies":"Chosen","floor":18.0,"turns":8.0},{"damage":26.0,"enemies":"2 Thieves","floor":19.0,"turns":4.0},{"damage":15,"enemies":"Snecko","floor":20,"turns":7},{"damage":18,"enemies":"Centurion and Healer","floor":21,"turns":4}],"seed_played":"8112847622880326750","potions_obtained":[{"floor":1.0,"key":"Weak Potion"},{"floor":3.0,"key":"LiquidBronze"},{"floor":8.0,"key":"Strength Potion"},{"floor":14.0,"key":"FearPotion"},{"floor":19,"key":"Strength Potion"},{"floor":20,"key":"SteroidPotion"}],"is_trial":false,"path_per_floor":["M","M","M","$","M","R","M","E","T","T","M","R","M","M","R","B",null,"M","M","M","M"],"character_chosen":"THE_SILENT","items_purchased":["Dagger Throw","Dagger Spray","Dodge and Roll"],"campfire_rested":3,"item_purchase_floors":[4,4,4],"current_hp_per_floor":[76,75,60,60,43,66,51,4,11,11,8,33,28,15,40,13,84,57,31,16,0],"gold":330,"neow_bonus":"TEN_PERCENT_HP_BONUS","is_prod":false,"is_daily":false,"chose_seed":false,"campfire_upgraded":0,"win_rate":0.0,"timestamp":1549174615,"path_taken":["M","M","M","$","M","R","M","E","T","?","M","R","M","M","R","BOSS","M","M","M","M"],"build_version":"2019-01-23","purchased_purges":0,"victory":false,"max_hp_per_floor":[77,77,77,77,77,77,77,77,84,84,84,84,84,84,84,84,84,84,84,84,84],"card_choices":[{"not_picked":["Terror","Quick Slash"],"picked":"Noxious Fumes","floor":1.0},{"not_picked":["Prepared","Terror"],"picked":"Deadly Poison","floor":2.0},{"not_picked":["Deadly Poison","Poisoned Stab"],"picked":"Flying Knee","floor":3.0},{"not_picked":["Caltrops","Acrobatics"],"picked":"Underhanded Strike","floor":5.0},{"not_picked":["Masterful Stab","Distraction"],"picked":"Flying Knee","floor":7.0},{"not_picked":["Infinite Blades","Dagger Spray"],"picked":"Dash","floor":8.0},{"not_picked":["Reflex","Slice"],"picked":"Deflect","floor":11.0},{"not_picked":["Dash","Underhanded Strike"],"picked":"Blade Dance","floor":13.0},{"not_picked":["Dagger Spray","Predator"],"picked":"Die Die Die","floor":14.0},{"not_picked":["Envenom","Venomology"],"picked":"Bullet Time","floor":16.0},{"not_picked":["Flying Knee","Dodge and Roll"],"picked":"Reflex+1","floor":18.0},{"not_picked":["Blade Dance","Dagger Spray"],"picked":"Crippling Poison","floor":19},{"not_picked":["All Out Attack","Calculated Gamble"],"picked":"Flechettes","floor":20}],"player_experience":13195,"relics_obtained":[{"floor":8.0,"key":"Girya"},{"floor":9.0,"key":"Strawberry"},{"floor":10.0,"key":"Mummified Hand"}],"event_choices":[],"is_beta":false,"boss_relics":[{"not_picked":["Runic Dome","Empty Cage"],"picked":"HoveringKite"}],"items_purged_floors":[],"is_endless":false,"potions_floor_spawned":[1,3,8,14,19,20],"killed_by":"Centurion and Healer","ascension_level":0}