{"gold_per_floor":[118,118,18,36,36,36,67,67,112,139,160,160,180,180,180,254,254,274,291,308,308,88,88,98,98,98,98,123,141,66,79,79,156,156,166,166,66,83,96,96,96,96,96,114,130,130,160,176,176,176],"floor_reached":50,"playtime":3522,"items_purged":["Strike_B","Strike_B+1"],"score":1006,"play_id":"d03229d0-5435-43dd-9e23-c81afa6b9b83","local_time":"20190305180041","is_ascension_mode":true,"campfire_choices":[{"data":"Redo","floor":6.0,"key":"SMITH"},{"data":"Genetic Algorithm","floor":8.0,"key":"SMITH"},{"floor":15.0,"key":"REST"},{"data":"Fission","floor":23.0,"key":"SMITH"},{"data":"Doom and Gloom","floor":25.0,"key":"SMITH"},{"data":"Buffer","floor":32.0,"key":"SMITH"},{"data":"White Noise","floor":40.0,"key":"SMITH"},{"data":"Hologram","floor":42.0,"key":"SMITH"},{"data":"Doom and Gloom","floor":46.0,"key":"SMITH"},{"data":"Zap","floor":49,"key":"SMITH"}],"neow_cost":"NONE","seed_source_timestamp":1045471522271331,"circlet_count":0,"master_deck":["AscendersBane","Defend_B","Defend_B","Defend_B+1","Defend_B+1","Zap+1","Dualcast","Self Repair","Doom and Gloom+1","Conserve Battery","Redo+1","Genetic Algorithm+1","Hologram+1","FTL","White Noise+1","Fission+1","Echo Form","Glacier","Auto Shields","Double Energy","Buffer+1","Ghostly","Ghostly","Ghostly","Redo","Capacitor+1","Seek","Doom and Gloom+1","Compile Driver"],"special_seed":0,"relics":["Cracked Core","NeowsBlessing","WarpedTongs","War Paint","Whetstone","Omamori","Odd Mushroom","Coffee Dripper","Ornamental Fan","Cables","Inserter","Mercury Hourglass","Question Card","Boot"],"potions_floor_usage":[50,50],"damage_taken":[{"damage":0.0,"enemies":"2 Louse","floor":1.0,"turns":1.0},{"damage":0.0,"enemies":"Cultist","floor":4.0,"turns":1.0},{"damage":0.0,"enemies":"3 Sentries","floor":7.0,"turns":1.0},{"damage":23.0,"enemies":"Gremlin Nob","floor":10.0,"turns":4.0},{"damage":19.0,"enemies":"The Mushroom Lair","floor":11.0,"turns":4.0},{"damage":4.0,"enemies":"Jaw Worm","floor":13.0,"turns":2.0},{"damage":20.0,"enemies":"Slime Boss","floor":16.0,"turns":7.0},{"damage":18.0,"enemies":"Shell Parasite","floor":18.0,"turns":5.0},{"damage":12.0,"enemies":"2 Thieves","floor":19.0,"turns":4.0},{"damage":18.0,"enemies":"Snake Plant","floor":20.0,"turns":6.0},{"damage":9.0,"enemies":"3 Cultists","floor":24.0,"turns":6.0},{"damage":20.0,"enemies":"Slavers","floor":28.0,"turns":9.0},{"damage":0.0,"enemies":"Centurion and Healer","floor":29.0,"turns":7.0},{"damage":0.0,"enemies":"Sentry and Sphere","floor":31.0,"turns":7.0},{"damage":0.0,"enemies":"Automaton","floor":33.0,"turns":12.0},{"damage":0.0,"enemies":"Orb Walker","floor":35.0,"turns":9.0},{"damage":8.0,"enemies":"3 Shapes","floor":38.0,"turns":4.0},{"damage":3.0,"enemies":"Sphere and 2 Shapes","floor":39.0,"turns":5.0},{"damage":0.0,"enemies":"Jaw Worm Horde","floor":44.0,"turns":7.0},{"damage":0.0,"enemies":"Writhing Mass","floor":45.0,"turns":7.0},{"damage":13,"enemies":"Reptomancer","floor":47,"turns":7},{"damage":0,"enemies":"Spire Growth","floor":48,"turns":7},{"damage":35,"enemies":"Time Eater","floor":50,"turns":9}],"seed_played":"3148295317222140710","potions_obtained":[{"floor":10.0,"key":"Strength Potion"},{"floor":13.0,"key":"Swift Potion"},{"floor":16.0,"key":"EntropicBrew"},{"floor":20.0,"key":"Regen Potion"},{"floor":28.0,"key":"EssenceOfSteel"},{"floor":33.0,"key":"PowerPotion"},{"floor":35.0,"key":"Ancient Potion"},{"floor":38.0,"key":"FearPotion"},{"floor":48,"key":"GamblersBrew"}],"is_trial":false,"path_per_floor":["M","?","$","M","$","R","E","R","T","E","?","?","M","?","R","B",null,"M","M","M","?","$","R","M","R","T","?","E","M","?","M","R","B",null,"M","?","$","M","M","R","?","R","T","M","M","R","E","M","R","B"],"character_chosen":"DEFECT","items_purchased":["Doom and Gloom","Conserve Battery","Buffer"],"campfire_rested":1,"item_purchase_floors":[3,3,22],"current_hp_per_floor":[64,64,64,64,64,64,64,64,64,48,29,22,18,18,39,26,60,49,47,36,29,29,29,45,45,45,35,35,35,35,35,35,35,35,35,35,35,35,35,35,35,35,35,35,35,35,29,35,35,0],"gold":176,"neow_bonus":"THREE_ENEMY_KILL","is_prod":false,"is_daily":false,"chose_seed":false,"campfire_upgraded":9,"win_rate":0,"timestamp":1551805241,"path_taken":["M","?","$","?","$","R","E","R","T","E","?","?","M","?","R","BOSS","M","M","?","?","$","R","?","R","T","?","E","M","?","M","R","BOSS","M","?","$","M","?","R","?","R","T","M","M","R","E","M","R","BOSS"],"build_version":"2019-02-06","purchased_purges":2,"victory":false,"max_hp_per_floor":[71,71,71,71,71,71,71,71,71,71,71,71,71,71,71,71,71,71,71,71,71,71,71,71,71,71,35,35,35,35,35,35,35,35,35,35,35,35,35,35,35,35,35,35,35,35,35,35,35,35],"card_choices":[{"not_picked":["Coolheaded","Steam Power"],"picked":"Self Repair","floor":1.0},{"not_picked":["Gash","Beam Cell"],"picked":"Redo","floor":4.0},{"not_picked":["Coolheaded","FTL"],"picked":"Genetic Algorithm","floor":7.0},{"not_picked":["Reprogram","Barrage"],"picked":"Hologram","floor":10.0},{"not_picked":["Coolheaded","Steam"],"picked":"FTL","floor":11.0},{"not_picked":["Gash","Rip and Tear"],"picked":"White Noise","floor":13.0},{"not_picked":["Biased Cognition","Machine Learning"],"picked":"Echo Form","floor":16.0},{"not_picked":["Aggregate","Stack"],"picked":"Glacier","floor":18.0},{"not_picked":["Scrape","Redo"],"picked":"Auto Shields","floor":19.0},{"not_picked":["Steam","Hologram"],"picked":"Double Energy","floor":20.0},{"not_picked":["Coolheaded","Streamline","Turbo"],"picked":"SKIP","floor":24.0},{"not_picked":["Undo","Thunder Strike","Leap"],"picked":"SKIP","floor":28.0},{"not_picked":["Conserve Battery+1","FTL"],"picked":"Redo","floor":29.0},{"not_picked":["Stack","Self Repair"],"picked":"Capacitor+1","floor":31.0},{"not_picked":["Buffer","Biased Cognition"],"picked":"Seek","floor":33.0},{"not_picked":["Steam","Turbo","Lockon"],"picked":"SKIP","floor":35.0},{"not_picked":["Coolheaded","Stack","Heatsinks+1"],"picked":"SKIP","floor":38.0},{"not_picked":["Beam Cell","Glacier","Go for the Eyes"],"picked":"SKIP","floor":39.0},{"not_picked":["Auto Shields","Streamline+1","Static Discharge","Reinforced Body"],"picked":"SKIP","floor":44.0},{"not_picked":["Stack","Hologram+1","Conserve Battery"],"picked":"Doom and Gloom","floor":45.0},{"not_picked":["Heatsinks","Sunder","Seek","Conserve Battery"],"picked":"SKIP","floor":47},{"not_picked":["Self Repair","Scrape","Barrage"],"picked":"Compile Driver","floor":48}],"player_experience":851786,"relics_obtained":[{"floor":7.0,"key":"War Paint"},{"floor":9.0,"key":"Whetstone"},{"floor":10.0,"key":"Omamori"},{"floor":11.0,"key":"Odd Mushroom"},{"floor":26.0,"key":"Ornamental Fan"},{"floor":28.0,"key":"Cables"},{"floor":43.0,"key":"Question Card"},{"floor":47,"key":"Boot"}],"event_choices":[{"damage_healed":0.0,"max_hp_gain":0.0,"max_hp_loss":0.0,"gold_gain":0.0,"event_name":"Accursed Blacksmith","player_choice":"Rummage","floor":2.0,"gold_loss":0.0,"damage_taken":0.0,"relics_obtained":["WarpedTongs"],"cards_obtained":["Pain"]},{"damage_healed":0.0,"max_hp_gain":0.0,"max_hp_loss":0.0,"gold_gain":0.0,"event_name":"Mushrooms","player_choice":"Fought Mushrooms","floor":11.0,"gold_loss":0.0,"damage_taken":0.0},{"cards_removed":["Pain"],"damage_healed":0.0,"max_hp_gain":0.0,"max_hp_loss":0.0,"gold_gain":0.0,"event_name":"Golden Wing","player_choice":"Card Removal","floor":12.0,"gold_loss":0.0,"damage_taken":7.0},{"damage_healed":0.0,"max_hp_gain":0.0,"max_hp_loss":0.0,"gold_gain":0.0,"cards_transformed":["Strike_B"],"event_name":"Transmorgrifier","player_choice":"Transformed","floor":14.0,"gold_loss":0.0,"damage_taken":0.0,"cards_obtained":["Fission"]},{"damage_healed":0.0,"max_hp_gain":0.0,"max_hp_loss":0.0,"gold_gain":0.0,"event_name":"Knowing Skull","player_choice":"","floor":21.0,"potions_obtained":[],"gold_loss":0.0,"damage_taken":7.0,"cards_obtained":[]},{"damage_healed":0.0,"max_hp_gain":0.0,"max_hp_loss":36.0,"gold_gain":0.0,"event_name":"Ghosts","player_choice":"Became a Ghost","floor":27.0,"gold_loss":0.0,"damage_taken":0.0,"cards_obtained":["Ghostly","Ghostly","Ghostly"]},{"cards_removed":["Strike_B"],"damage_healed":0.0,"max_hp_gain":0.0,"max_hp_loss":0.0,"gold_gain":0.0,"event_name":"Beggar","player_choice":"Gave Gold","floor":30.0,"gold_loss":75.0,"damage_taken":0.0},{"damage_healed":0.0,"max_hp_gain":0.0,"max_hp_loss":0.0,"gold_gain":0.0,"event_name":"WeMeetAgain","player_choice":"Gave Potion","floor":36.0,"gold_loss":0.0,"damage_taken":0.0,"relics_obtained":["Mercury Hourglass"]},{"damage_healed":0.0,"max_hp_gain":0.0,"max_hp_loss":0.0,"gold_gain":0.0,"event_name":"Transmorgrifier","player_choice":"Ignored","floor":41.0,"gold_loss":0.0,"damage_taken":0.0}],"is_beta":true,"boss_relics":[{"not_picked":["Fusion Hammer","Lizard Tail"],"picked":"Coffee Dripper"},{"not_picked":["Snecko Eye","Philosopher\u0027s Stone"],"picked":"Inserter"}],"items_purged_floors":[22,37],"is_endless":false,"potions_floor_spawned":[10,13,16,20,28,31,33,35,38,45,48],"killed_by":"Time Eater","ascension_level":15}