{"gold_per_floor":[116,127,127,52,63,98,116,150,199,199,99,119,132,163,175,289,301,332,354,378,420,447,459,503,527,539,551,574,586,611,643,655,667],"floor_reached":33,"playtime":2247,"items_purged":["Strike_G","Strike_G"],"score":352,"play_id":"a8f265e2-56e6-4970-bfb7-d7e83528fa63","local_time":"20190312223732","is_ascension_mode":true,"campfire_choices":[{"floor":10,"key":"REST"},{"data":"Footwork","floor":15,"key":"SMITH"},{"data":"Footwork","floor":23,"key":"SMITH"},{"floor":27,"key":"REST"},{"data":"Storm of Steel","floor":29,"key":"SMITH"},{"floor":32,"key":"REST"}],"neow_cost":"NONE","seed_source_timestamp":273888689745344,"circlet_count":0,"master_deck":["Defend_G","Defend_G","Defend_G","Defend_G","Defend_G","Strike_G","Strike_G","Strike_G","Survivor","Neutralize","Masterful Stab","Sucker Punch","Backflip","Poisoned Stab","Predator","Dagger Spray","Heel Hook","Grand Finale","Footwork+1","Footwork+1","Adrenaline","PiercingWail","Storm of Steel+1","Underhanded Strike+1","Acrobatics","Skewer","Bouncing Flask","Prepared+1","Backflip"],"relics":["Ring of the Snake","Oddly Smooth Stone","Meat on the Bone","Bronze Scales","MawBank","Snecko Eye","Tiny Chest","Lantern","StoneCalendar"],"potions_floor_usage":[14,18,20,24,25,33],"damage_taken":[{"damage":0,"enemies":"Cultist","floor":1,"turns":3},{"damage":0,"enemies":"Jaw Worm","floor":2,"turns":4},{"damage":0,"enemies":"Small Slimes","floor":5,"turns":2},{"damage":52,"enemies":"Lagavulin","floor":6,"turns":10},{"damage":0,"enemies":"Exordium Wildlife","floor":7,"turns":3},{"damage":16,"enemies":"3 Sentries","floor":8,"turns":7},{"damage":0,"enemies":"Blue Slaver","floor":12,"turns":3},{"damage":0,"enemies":"Exordium Thugs","floor":13,"turns":3},{"damage":13,"enemies":"Gremlin Nob","floor":14,"turns":3},{"damage":11,"enemies":"Hexaghost","floor":16,"turns":11},{"damage":6,"enemies":"2 Thieves","floor":18,"turns":4},{"damage":0,"enemies":"Chosen","floor":19,"turns":5},{"damage":34,"enemies":"Shelled Parasite and Fungi","floor":20,"turns":10},{"damage":0,"enemies":"Snecko","floor":22,"turns":3},{"damage":30,"enemies":"Book of Stabbing","floor":24,"turns":5},{"damage":20,"enemies":"Chosen and Byrds","floor":25,"turns":6},{"damage":12,"enemies":"Centurion and Healer","floor":28,"turns":7},{"damage":6,"enemies":"Sentry and Sphere","floor":30,"turns":5},{"damage":0,"enemies":"Snecko","floor":31,"turns":4},{"damage":67,"enemies":"Collector","floor":33,"turns":7}],"seed_played":"8473080757488038173","potions_obtained":[{"floor":5,"key":"SpeedPotion"},{"floor":12,"key":"AttackPotion"},{"floor":14,"key":"Weak Potion"},{"floor":16,"key":"Fire Potion"},{"floor":18,"key":"Strength Potion"},{"floor":20,"key":"LiquidBronze"},{"floor":28,"key":"Strength Potion"}],"is_trial":false,"path_per_floor":["M","M","?","$","M","E","M","E","T","R","$","M","M","E","R","B",null,"M","M","M","?","M","R","E","M","T","R","M","R","M","M","R","B"],"character_chosen":"THE_SILENT","items_purchased":[],"campfire_rested":3,"item_purchase_floors":[],"current_hp_per_floor":[70,70,70,70,70,18,18,2,2,23,23,35,47,46,46,47,70,64,64,42,42,42,42,24,16,16,37,37,37,43,43,64,0],"gold":667,"neow_bonus":"THREE_CARDS","is_prod":false,"is_daily":false,"chose_seed":false,"campfire_upgraded":3,"win_rate":0,"timestamp":1552426652,"path_taken":["M","M","?","?","?","E","M","E","T","R","$","M","M","E","R","BOSS","M","M","M","?","M","R","E","M","T","R","?","R","M","M","R","BOSS"],"build_version":"2019-01-23","purchased_purges":2,"victory":false,"max_hp_per_floor":[70,70,70,70,70,70,70,70,70,70,70,70,70,70,70,70,70,70,70,70,70,70,70,70,70,70,70,70,70,70,70,70,70],"card_choices":[{"not_picked":["Distraction","Tactician"],"picked":"Masterful Stab","floor":0},{"not_picked":["Predator","Reflex"],"picked":"Sucker Punch","floor":1},{"not_picked":["Bane","Slice"],"picked":"Backflip","floor":2},{"not_picked":["PiercingWail","Night Terror"],"picked":"Poisoned Stab","floor":5},{"not_picked":["Outmaneuver","Backflip"],"picked":"Predator","floor":6},{"not_picked":["Deflect","Bane"],"picked":"Dagger Spray","floor":7},{"not_picked":["Dodge and Roll","Sucker Punch"],"picked":"Heel Hook","floor":8},{"not_picked":["Expertise","Dagger Throw"],"picked":"Grand Finale","floor":12},{"not_picked":["PiercingWail","Cloak And Dagger"],"picked":"Footwork","floor":13},{"not_picked":["Flying Knee","Caltrops"],"picked":"Footwork","floor":14},{"not_picked":["After Image","Night Terror"],"picked":"Adrenaline","floor":16},{"not_picked":["Underhanded Strike","Deflect+1"],"picked":"PiercingWail","floor":18},{"not_picked":["Deflect","Backflip"],"picked":"Storm of Steel","floor":19},{"not_picked":["Concentrate+1","Tactician+1"],"picked":"Underhanded Strike+1","floor":20},{"not_picked":["Flying Knee","Sucker Punch","Deflect+1"],"picked":"SKIP","floor":22},{"not_picked":["Prepared+1","Poisoned Stab"],"picked":"Acrobatics","floor":24},{"not_picked":["Accuracy","Bane"],"picked":"Skewer","floor":25},{"not_picked":["PiercingWail","Choke"],"picked":"Bouncing Flask","floor":28},{"not_picked":["Bane+1","Dagger Throw+1"],"picked":"Prepared+1","floor":30},{"not_picked":["Deflect","Dagger Spray"],"picked":"Backflip","floor":31}],"player_experience":200141,"relics_obtained":[{"floor":6,"key":"Oddly Smooth Stone"},{"floor":8,"key":"Meat on the Bone"},{"floor":9,"key":"Bronze Scales"},{"floor":14,"key":"MawBank"},{"floor":24,"key":"Lantern"},{"floor":26,"key":"StoneCalendar"}],"event_choices":[{"damage_healed":0,"gold_gain":0,"player_choice":"Bought 0 Potions","damage_taken":0,"max_hp_gain":0,"max_hp_loss":0,"event_name":"The Woman in Blue","floor":3,"gold_loss":0},{"damage_healed":0,"gold_gain":0,"player_choice":"Gave Potion","damage_taken":0,"relics_obtained":["Tiny Chest"],"max_hp_gain":0,"max_hp_loss":0,"event_name":"WeMeetAgain","floor":21,"gold_loss":0}],"is_beta":false,"boss_relics":[{"not_picked":["Philosopher\u0027s Stone","Pandora\u0027s Box"],"picked":"Snecko Eye"}],"items_purged_floors":[4,11],"is_endless":false,"potions_floor_spawned":[5,12,14,16,18,20,28],"killed_by":"Collector","ascension_level":4}