{"gold_per_floor":[116,127,145,160,180,215,215,232,232,232,287,49,67,82,82,180,180,200,219,238,238,269,299,34,34,34,52,62,75,93,93,93,198,198,214,231,13,235,254,254,254,10,10,110,110,127,127,141,141,141],"floor_reached":50,"playtime":3263,"items_purged":[],"score":580,"play_id":"b0db5bac-ca69-4b60-85b2-161307e9aa53","local_time":"20190206165033","is_ascension_mode":false,"campfire_choices":[{"floor":7,"key":"REST"},{"floor":15,"key":"REST"},{"floor":25,"key":"REST"},{"floor":32,"key":"REST"},{"data":"Glass Knife","floor":40,"key":"SMITH"},{"floor":47,"key":"REST"},{"floor":49,"key":"REST"}],"neow_cost":"NONE","seed_source_timestamp":1118941868562560,"circlet_count":0,"master_deck":["Defend_G","Defend_G","Defend_G","Defend_G","Defend_G","Strike_G","Strike_G","Strike_G","Strike_G","Strike_G","Survivor","Neutralize","Dagger Throw","Dagger Throw","Deflect","Backflip","Endless Agony","Quick Slash","Choke","Dagger Throw","Caltrops","Slice","Noxious Fumes","Backflip","Glass Knife+1","Endless Agony","Terror","Riddle With Holes+1","PiercingWail+1","Tactician","Noxious Fumes","All Out Attack+1","Cloak And Dagger+1","Heel Hook+1","Deflect+1","Predator","Malaise","Quick Slash","Blade Dance+1","Crippling Poison","Blur+1","Dagger Throw","Blind","Flying Knee","Noxious Fumes","Writhe","Accuracy+1","Flechettes+1","Dagger Spray+1","Backstab+1"],"relics":["Ring of the Snake","Orichalcum","Oddly Smooth Stone","FossilizedHelix","Tiny Chest","Art of War","Sozu","Vajra","Red Mask","The Courier","Pear","Dream Catcher","Pocketwatch","Velvet Choker","TheAbacus","Gremlin Horn","Snake Skull","Dodecahedron","Tingsha"],"potions_floor_usage":[6,11,35,50],"damage_taken":[{"damage":0,"enemies":"Cultist","floor":1,"turns":3},{"damage":6,"enemies":"2 Louse","floor":2,"turns":3},{"damage":0,"enemies":"Jaw Worm","floor":3,"turns":5},{"damage":3,"enemies":"Blue Slaver","floor":4,"turns":4},{"damage":3,"enemies":"3 Louse","floor":5,"turns":5},{"damage":30,"enemies":"Lagavulin","floor":6,"turns":14},{"damage":0,"enemies":"Exordium Wildlife","floor":8,"turns":2},{"damage":9,"enemies":"3 Sentries","floor":11,"turns":10},{"damage":0,"enemies":"2 Fungi Beasts","floor":13,"turns":2},{"damage":0,"enemies":"3 Louse","floor":14,"turns":3},{"damage":25,"enemies":"The Guardian","floor":16,"turns":12},{"damage":3,"enemies":"3 Byrds","floor":18,"turns":4},{"damage":0,"enemies":"2 Thieves","floor":19,"turns":4},{"damage":12,"enemies":"Centurion and Healer","floor":20,"turns":5},{"damage":8,"enemies":"Masked Bandits","floor":22,"turns":4},{"damage":27,"enemies":"Slavers","floor":23,"turns":7},{"damage":0,"enemies":"Snecko","floor":27,"turns":4},{"damage":0,"enemies":"Cultist and Chosen","floor":28,"turns":3},{"damage":21,"enemies":"Snake Plant","floor":29,"turns":5},{"damage":0,"enemies":"Snecko","floor":30,"turns":5},{"damage":44,"enemies":"Collector","floor":33,"turns":8},{"damage":14,"enemies":"3 Shapes","floor":35,"turns":3},{"damage":0,"enemies":"3 Darklings","floor":36,"turns":5},{"damage":15,"enemies":"Jaw Worm Horde","floor":39,"turns":5},{"damage":0,"enemies":"Mind Bloom Boss Battle","floor":44,"turns":6},{"damage":29,"enemies":"4 Shapes","floor":46,"turns":4},{"damage":10,"enemies":"Sphere and 2 Shapes","floor":48,"turns":4},{"damage":80,"enemies":"Time Eater","floor":50,"turns":11}],"seed_played":"-3104967433720398557","potions_obtained":[{"floor":2,"key":"Ancient Potion"},{"floor":4,"key":"GamblersBrew"},{"floor":5,"key":"SkillPotion"},{"floor":10,"key":"Dexterity Potion"},{"floor":10,"key":"GhostInAJar"},{"floor":10,"key":"SteroidPotion"}],"is_trial":false,"path_per_floor":["M","M","M","M","M","E","R","M","T","?","E","$","M","M","R","B",null,"M","M","M","T","?","E","$","R","T","M","M","M","M","T","R","B",null,"M","M","$","?","M","R","T","$","T","?","?","M","R","M","R","B"],"character_chosen":"THE_SILENT","items_purchased":["Caltrops","Art of War","Slice","Noxious Fumes","Pear","Crippling Poison","TheAbacus","Dagger Throw","Snake Skull","Blind","Flying Knee"],"campfire_rested":6,"item_purchase_floors":[12,12,12,24,24,37,37,42,42,42,42],"current_hp_per_floor":[70,64,64,61,58,28,49,49,49,49,40,40,40,40,61,36,70,67,67,55,55,47,20,30,54,54,54,54,33,33,33,57,13,80,66,66,66,66,51,51,51,51,51,51,71,42,66,56,80,0],"gold":141,"neow_bonus":"RANDOM_COMMON_RELIC","is_prod":false,"is_daily":false,"chose_seed":false,"campfire_upgraded":1,"win_rate":0.0,"timestamp":1549489833,"path_taken":["M","M","M","?","M","E","R","M","T","?","E","$","M","M","R","BOSS","M","M","M","?","?","E","$","R","T","M","M","M","M","?","R","BOSS","M","M","$","?","M","R","?","$","T","?","?","?","R","M","R","BOSS"],"build_version":"2019-01-23","purchased_purges":0,"victory":false,"max_hp_per_floor":[70,70,70,70,70,70,70,70,70,70,70,70,70,70,70,70,70,70,70,70,70,70,70,80,80,80,80,80,80,80,80,80,80,80,80,80,80,80,80,80,80,80,80,80,80,80,80,80,80,80],"card_choices":[{"not_picked":["Cloak And Dagger","Quick Slash"],"picked":"Dagger Throw","floor":1},{"not_picked":["Deadly Poison","Quick Slash"],"picked":"Dagger Throw","floor":2},{"not_picked":["Expertise","Acrobatics"],"picked":"Deflect","floor":3},{"not_picked":["Leg Sweep","Cloak And Dagger"],"picked":"Backflip","floor":4},{"not_picked":["Sucker Punch","Eviscerate"],"picked":"Endless Agony","floor":5},{"not_picked":["Bane","Wraith Form v2"],"picked":"Quick Slash","floor":6},{"not_picked":["Tactician","Escape Plan"],"picked":"Choke","floor":8},{"not_picked":["All Out Attack","Flechettes"],"picked":"Dagger Throw","floor":11},{"not_picked":["Underhanded Strike","Deadly Poison"],"picked":"Noxious Fumes","floor":13},{"not_picked":["Dagger Throw","Underhanded Strike"],"picked":"Backflip","floor":14},{"not_picked":["Bullet Time","After Image"],"picked":"Glass Knife","floor":16},{"not_picked":["Choke","Slice"],"picked":"Endless Agony","floor":18},{"not_picked":["Acrobatics+1","Backflip"],"picked":"Terror","floor":19},{"not_picked":["Underhanded Strike","Blade Dance+1"],"picked":"Riddle With Holes+1","floor":20},{"not_picked":["Skewer","Adrenaline"],"picked":"PiercingWail+1","floor":22},{"not_picked":["Slice","Expertise"],"picked":"Tactician","floor":23},{"not_picked":["Sucker Punch","Acrobatics"],"picked":"All Out Attack+1","floor":27},{"not_picked":["Deadly Poison","Acrobatics"],"picked":"Cloak And Dagger+1","floor":28},{"not_picked":["PiercingWail","Flying Knee"],"picked":"Heel Hook+1","floor":29},{"not_picked":["Deadly Poison","Masterful Stab"],"picked":"Deflect+1","floor":30},{"not_picked":["Bane","Acrobatics"],"picked":"Predator","floor":32},{"not_picked":["Phantasmal Killer","Adrenaline"],"picked":"Malaise","floor":33},{"not_picked":["Catalyst+1","Poisoned Stab+1"],"picked":"Quick Slash","floor":35},{"not_picked":["Quick Slash+1","Poisoned Stab"],"picked":"Blade Dance+1","floor":36},{"not_picked":["Blade Dance","Outmaneuver"],"picked":"Blur+1","floor":39},{"not_picked":["Bouncing Flask","Outmaneuver"],"picked":"Noxious Fumes","floor":44},{"not_picked":["Blade Dance","Infinite Blades"],"picked":"Accuracy+1","floor":46},{"not_picked":["Underhanded Strike","Calculated Gamble"],"picked":"Flechettes+1","floor":47},{"not_picked":["Quick Slash+1","Outmaneuver"],"picked":"Dagger Spray+1","floor":48},{"not_picked":["Cloak And Dagger+1","Prepared"],"picked":"Backstab+1","floor":49}],"player_experience":46842,"relics_obtained":[{"floor":6,"key":"Oddly Smooth Stone"},{"floor":9,"key":"FossilizedHelix"},{"floor":11,"key":"Tiny Chest"},{"floor":21,"key":"Vajra"},{"floor":22,"key":"Red Mask"},{"floor":23,"key":"The Courier"},{"floor":26,"key":"Dream Catcher"},{"floor":31,"key":"Pocketwatch"},{"floor":41,"key":"Gremlin Horn"},{"floor":43,"key":"Dodecahedron"},{"floor":44,"key":"Tingsha"}],"event_choices":[{"damage_healed":0,"gold_gain":0,"player_choice":"Got Potions","damage_taken":0,"max_hp_gain":0,"max_hp_loss":0,"event_name":"Lab","floor":10,"gold_loss":0},{"damage_healed":0,"gold_gain":0,"player_choice":"Fought Bandits","damage_taken":0,"max_hp_gain":0,"max_hp_loss":0,"event_name":"Masked Bandits","floor":22,"gold_loss":0},{"damage_healed":0,"gold_gain":222,"player_choice":"Wore Mask","damage_taken":0,"max_hp_gain":0,"max_hp_loss":0,"event_name":"Tomb of Lord Red Mask","floor":38,"gold_loss":0},{"damage_healed":0,"gold_gain":0,"player_choice":"Fight","damage_taken":0,"max_hp_gain":0,"max_hp_loss":0,"event_name":"MindBloom","floor":44,"gold_loss":0},{"damage_healed":20,"gold_gain":0,"player_choice":"Writhe","damage_taken":0,"max_hp_gain":0,"max_hp_loss":0,"event_name":"Winding Halls","floor":45,"gold_loss":0,"cards_obtained":["Writhe"]}],"is_beta":false,"boss_relics":[{"not_picked":["Orrery","Philosopher\u0027s Stone"],"picked":"Sozu"},{"not_picked":["HoveringKite","Runic Pyramid"],"picked":"Velvet Choker"}],"items_purged_floors":[],"is_endless":false,"potions_floor_spawned":[2,4,5,18,22,23,28,29,39,46,48],"killed_by":"Time Eater","ascension_level":0}