{"gold_per_floor":[109,34,97,109,109,109,127,127,127,127,144,164,0,12,12,91,91,107,126,126,141,153,53,53,53,132,132,132],"floor_reached":28,"playtime":1145,"items_purged":["Shame","Strike_B"],"score":378,"play_id":"82532019-028d-4704-9592-ac37273b2dd3","local_time":"20190307203347","is_ascension_mode":true,"campfire_choices":[{"data":"Zap","floor":6,"key":"SMITH"},{"data":"Streamline","floor":8,"key":"SMITH"},{"data":"Dualcast","floor":10,"key":"SMITH"},{"data":"Self Repair","floor":15,"key":"SMITH"},{"floor":24,"key":"REST"}],"neow_cost":"CURSE","seed_source_timestamp":1229908993259955,"circlet_count":0,"master_deck":["AscendersBane","Strike_B","Defend_B","Defend_B","Defend_B","Zap+1","Dualcast+1","Streamline+1","Heatsinks","Self Repair+1","Sweeping Beam","Chill","FTL","Core Surge","BootSequence+1","White Noise","Necronomicurse"],"relics":["Cracked Core","Anchor","Oddly Smooth Stone","Black Star","Necronomicon","Frozen Egg 2"],"potions_floor_usage":[16,21],"damage_taken":[{"damage":0,"enemies":"2 Louse","floor":1,"turns":2},{"damage":7,"enemies":"Small Slimes","floor":4,"turns":3},{"damage":7,"enemies":"Jaw Worm","floor":7,"turns":3},{"damage":0,"enemies":"Red Slaver","floor":11,"turns":2},{"damage":5,"enemies":"3 Louse","floor":12,"turns":3},{"damage":5,"enemies":"Blue Slaver","floor":14,"turns":3},{"damage":55,"enemies":"Slime Boss","floor":16,"turns":9},{"damage":17,"enemies":"Spheric Guardian","floor":18,"turns":4},{"damage":11,"enemies":"2 Thieves","floor":19,"turns":4},{"damage":23,"enemies":"Sentry and Sphere","floor":21,"turns":7},{"damage":22,"enemies":"Snake Plant","floor":22,"turns":4},{"damage":30,"enemies":"3 Cultists","floor":28,"turns":4}],"seed_played":"-5510296699630195148","potions_obtained":[{"floor":1,"key":"EssenceOfSteel"},{"floor":4,"key":"Weak Potion"},{"floor":14,"key":"FairyPotion"},{"floor":18,"key":"Block Potion"}],"is_trial":false,"path_per_floor":["M","$","?","M","?","R","M","R","T","R","M","M","$","M","R","B",null,"M","M","?","M","M","$","R","?","T","?","M"],"character_chosen":"DEFECT","items_purchased":["Oddly Smooth Stone"],"campfire_rested":1,"item_purchase_floors":[13],"current_hp_per_floor":[64,64,64,64,64,64,64,64,64,64,71,71,71,66,66,21,59,52,51,31,18,17,17,39,18,18,18,0],"gold":132,"neow_bonus":"TRANSFORM_TWO_CARDS","is_prod":false,"is_daily":false,"chose_seed":false,"campfire_upgraded":4,"win_rate":0,"timestamp":1551987227,"path_taken":["M","$","?","M","?","R","M","R","T","R","M","M","$","M","R","BOSS","M","M","?","M","M","$","R","?","T","?","?"],"build_version":"2019-02-06","purchased_purges":2,"victory":false,"max_hp_per_floor":[71,71,71,71,71,71,71,71,71,71,71,71,71,71,71,71,71,71,71,76,76,76,76,76,76,76,76,76],"card_choices":[{"not_picked":["Conserve Battery","Gash"],"picked":"Self Repair","floor":1},{"not_picked":["Coolheaded","Barrage"],"picked":"Sweeping Beam","floor":4},{"not_picked":["Steam","Stack","Leap"],"picked":"SKIP","floor":7},{"not_picked":["Steam","Stack","Leap"],"picked":"SKIP","floor":7},{"not_picked":["Rebound","Tempest","Gash"],"picked":"SKIP","floor":11},{"not_picked":["Rebound","Tempest","Gash"],"picked":"SKIP","floor":11},{"not_picked":["Fusion","Double Energy"],"picked":"Chill","floor":12},{"not_picked":["Cold Snap","Streamline"],"picked":"FTL","floor":14},{"not_picked":["Rainbow","Biased Cognition"],"picked":"Core Surge","floor":16},{"not_picked":["Redo","Go for the Eyes"],"picked":"BootSequence+1","floor":18},{"not_picked":["Hologram","BootSequence+1"],"picked":"White Noise","floor":19},{"not_picked":["Compile Driver","Go for the Eyes","Leap"],"picked":"SKIP","floor":21},{"not_picked":["Coolheaded","Sweeping Beam","Static Discharge"],"picked":"SKIP","floor":22}],"player_experience":908093,"relics_obtained":[{"floor":9,"key":"Anchor"},{"floor":25,"key":"Necronomicon"},{"floor":26,"key":"Frozen Egg 2"}],"event_choices":[{"damage_healed":0,"gold_gain":63,"player_choice":"Gained Gold","damage_taken":0,"max_hp_gain":0,"max_hp_loss":0,"event_name":"Golden Wing","floor":3,"gold_loss":0},{"damage_healed":0,"gold_gain":0,"player_choice":"Ignored","damage_taken":0,"max_hp_gain":0,"max_hp_loss":0,"event_name":"Liars Game","floor":5,"gold_loss":0},{"damage_healed":0,"gold_gain":0,"player_choice":"Shed Blood","damage_taken":25,"max_hp_gain":5,"max_hp_loss":0,"event_name":"Forgotten Altar","floor":20,"gold_loss":0},{"damage_healed":0,"gold_gain":0,"player_choice":"Obtained Book","damage_taken":21,"max_hp_gain":0,"max_hp_loss":0,"event_name":"Cursed Tome","floor":25,"gold_loss":0},{"cards_removed":["Strike_B"],"damage_healed":0,"gold_gain":0,"player_choice":"Purged","damage_taken":0,"max_hp_gain":0,"max_hp_loss":0,"event_name":"Purifier","floor":27,"gold_loss":0}],"is_beta":true,"boss_relics":[{"not_picked":["Velvet Choker","Philosopher\u0027s Stone"],"picked":"Black Star"}],"items_purged_floors":[2,23],"is_endless":false,"potions_floor_spawned":[1,4,14,18],"killed_by":"3 Cultists","ascension_level":16}