{"gold_per_floor":[109,128,128,128,48,79,98,98,98,136,160,160,185,198,198,292,292,310,335,175,213,35,35,66,87,140,140,174,174,174,197,197,295,295,315,339,71,404,92,92,92,92,92,126,144,144,173,23,23,23],"floor_reached":51,"playtime":3083,"items_purged":["Strike_G","Strike_G","Strike_G","Strike_G"],"score":1572,"play_id":"5f549c0a-ac21-4ba8-8f67-66046c902dab","local_time":"20190304180529","is_ascension_mode":true,"campfire_choices":[{"data":"Cloak And Dagger","floor":12,"key":"SMITH"},{"data":"Accuracy","floor":15,"key":"SMITH"},{"data":"Accuracy","floor":23,"key":"SMITH"},{"floor":27,"key":"REST"},{"data":"Footwork","floor":30,"key":"SMITH"},{"floor":32,"key":"REST"},{"data":"Apotheosis","floor":40,"key":"SMITH"},{"data":"After Image","floor":42,"key":"SMITH"},{"floor":46,"key":"REST"},{"data":"A Thousand Cuts","floor":49,"key":"SMITH"}],"neow_cost":"NONE","seed_source_timestamp":959857088668899,"circlet_count":0,"master_deck":["AscendersBane","Defend_G","Defend_G","Defend_G","Defend_G","Survivor","Neutralize","Backstab","Crippling Poison","Infinite Blades","Accuracy+1","Cloak And Dagger","Cloak And Dagger+1","Adrenaline","PiercingWail","Cloak And Dagger","A Thousand Cuts+1","Terror","Accuracy+1","Leg Sweep","Footwork+1","Backflip","Deflect","Parasite","Bullet Time","After Image+1","Backflip","Apotheosis+1","Flash of Steel","Backflip","Endless Agony+1"],"relics":["Ring of the Serpent","NeowsBlessing","Nunchaku","Shuriken","Question Card","FossilizedHelix","Cursed Key","Red Mask","Anchor","Boot","Pen Nib","Ornamental Fan","Happy Flower","Blood Vial"],"potions_floor_usage":[16,16,21,33,50],"damage_taken":[{"damage":0,"enemies":"Jaw Worm","floor":1,"turns":1},{"damage":0,"enemies":"Cultist","floor":2,"turns":1},{"damage":0,"enemies":"Gremlin Nob","floor":6,"turns":1},{"damage":0,"enemies":"2 Louse","floor":7,"turns":3},{"damage":13,"enemies":"3 Sentries","floor":10,"turns":7},{"damage":0,"enemies":"Exordium Wildlife","floor":11,"turns":3},{"damage":0,"enemies":"Exordium Thugs","floor":13,"turns":3},{"damage":0,"enemies":"Blue Slaver","floor":14,"turns":2},{"damage":3,"enemies":"Hexaghost","floor":16,"turns":7},{"damage":0,"enemies":"Shell Parasite","floor":18,"turns":4},{"damage":0,"enemies":"2 Thieves","floor":19,"turns":3},{"damage":17,"enemies":"Masked Bandits","floor":21,"turns":4},{"damage":15,"enemies":"Slavers","floor":24,"turns":5},{"damage":8,"enemies":"3 Cultists","floor":25,"turns":6},{"damage":16,"enemies":"Book of Stabbing","floor":28,"turns":5},{"damage":2,"enemies":"Chosen and Byrds","floor":31,"turns":4},{"damage":19,"enemies":"Champ","floor":33,"turns":10},{"damage":0,"enemies":"Orb Walker","floor":35,"turns":5},{"damage":0,"enemies":"3 Shapes","floor":36,"turns":6},{"damage":13,"enemies":"Reptomancer","floor":44,"turns":8},{"damage":0,"enemies":"3 Darklings","floor":45,"turns":6},{"damage":0,"enemies":"Giant Head","floor":47,"turns":6},{"damage":0,"enemies":"Awakened One","floor":50,"turns":10}],"seed_played":"-8119477696357393274","potions_obtained":[{"floor":2,"key":"SpeedPotion"},{"floor":6,"key":"Swift Potion"},{"floor":11,"key":"SkillPotion"},{"floor":14,"key":"AttackPotion"},{"floor":16,"key":"FairyPotion"},{"floor":19,"key":"AttackPotion"},{"floor":24,"key":"Weak Potion"},{"floor":28,"key":"Block Potion"},{"floor":35,"key":"Strength Potion"}],"is_trial":false,"path_per_floor":["M","M","?","?","$","E","M","?","T","E","M","R","M","M","R","B",null,"M","M","$","?","$","R","E","M","T","R","E","?","R","M","R","B",null,"M","M","$","?","$","R","?","R","T","E","M","R","E","$","R","B",null],"character_chosen":"THE_SILENT","items_purchased":["Infinite Blades","Accuracy","Footwork","Ornamental Fan","Apotheosis"],"campfire_rested":3,"item_purchase_floors":[5,20,22,37,39],"current_hp_per_floor":[59,59,48,48,48,48,48,48,48,35,35,35,35,35,35,32,53,53,53,53,36,36,36,21,13,13,31,15,15,15,13,31,12,48,48,48,48,48,48,48,48,48,48,35,35,53,53,53,53,55],"gold":23,"neow_bonus":"THREE_ENEMY_KILL","is_prod":false,"is_daily":false,"chose_seed":false,"campfire_upgraded":7,"win_rate":0,"timestamp":1551719129,"path_taken":["M","M","?","?","$","E","?","?","T","E","M","R","M","M","R","BOSS","M","M","$","?","?","R","E","M","T","R","E","?","R","?","R","BOSS","M","M","$","?","$","R","?","R","T","E","M","R","E","$","R","BOSS"],"build_version":"2019-02-06","purchased_purges":4,"victory":true,"max_hp_per_floor":[66,66,66,66,66,66,66,60,60,60,60,60,60,60,60,60,60,60,60,60,60,60,60,60,60,60,60,60,60,60,60,60,60,60,60,60,60,60,60,60,60,60,60,60,60,60,60,60,60,60],"card_choices":[{"not_picked":["Dodge and Roll","Flying Knee"],"picked":"Backstab","floor":1},{"not_picked":["Flechettes","Riddle With Holes"],"picked":"Crippling Poison","floor":2},{"not_picked":["Acrobatics","Calculated Gamble"],"picked":"Accuracy","floor":6},{"not_picked":["Dagger Spray","Eviscerate"],"picked":"Cloak And Dagger","floor":7},{"not_picked":["Acrobatics","Well Laid Plans","Bouncing Flask"],"picked":"Cloak And Dagger","floor":10},{"not_picked":["Riddle With Holes","Acrobatics","Leg Sweep"],"picked":"Adrenaline","floor":11},{"not_picked":["Distraction","Eviscerate","Flechettes"],"picked":"PiercingWail","floor":13},{"not_picked":["PiercingWail","Dodge and Roll","Sucker Punch"],"picked":"Cloak And Dagger","floor":14},{"not_picked":["Doppelganger","Burst","Bullet Time"],"picked":"A Thousand Cuts","floor":16},{"not_picked":["Concentrate","Calculated Gamble","Reflex"],"picked":"Terror","floor":18},{"not_picked":["Flying Knee","Sucker Punch","Concentrate","Setup"],"picked":"SKIP","floor":19},{"not_picked":["Acrobatics+1","Eviscerate","Quick Slash"],"picked":"Leg Sweep","floor":21},{"not_picked":["Poisoned Stab","Prepared","PiercingWail"],"picked":"Backflip","floor":24},{"not_picked":["Crippling Poison","Distraction","Flying Knee"],"picked":"Deflect","floor":25},{"not_picked":["Terror","Crippling Poison","Setup","All Out Attack"],"picked":"SKIP","floor":28},{"not_picked":["Masterful Stab","Dagger Spray","Poisoned Stab"],"picked":"Bullet Time","floor":31},{"not_picked":["Doppelganger","Malaise","Corpse Explosion"],"picked":"After Image","floor":33},{"not_picked":["Flechettes+1","Flying Knee","Heel Hook"],"picked":"Backflip","floor":35},{"not_picked":["Leg Sweep","Acrobatics","Deadly Poison","Expertise"],"picked":"SKIP","floor":36},{"not_picked":["Mind Blast","Finesse","Jack Of All Trades"],"picked":"Flash of Steel","floor":41},{"not_picked":["Terror","Slice","Dash+1"],"picked":"Backflip","floor":44},{"not_picked":["Choke","Sucker Punch","Setup+1"],"picked":"Endless Agony+1","floor":45},{"not_picked":["Acrobatics+1","Quick Slash","Tactician+1","Doppelganger"],"picked":"SKIP","floor":47}],"player_experience":839313,"relics_obtained":[{"floor":6,"key":"Shuriken"},{"floor":9,"key":"Question Card"},{"floor":10,"key":"FossilizedHelix"},{"floor":21,"key":"Red Mask"},{"floor":24,"key":"Anchor"},{"floor":26,"key":"Boot"},{"floor":28,"key":"Pen Nib"},{"floor":44,"key":"Happy Flower"},{"floor":47,"key":"Blood Vial"}],"event_choices":[{"damage_healed":0,"gold_gain":0,"player_choice":"Success","damage_taken":11,"relics_obtained":["Nunchaku"],"max_hp_gain":0,"max_hp_loss":0,"event_name":"Scrap Ooze","floor":3,"gold_loss":0},{"cards_removed":["Defend_G"],"damage_healed":0,"gold_gain":0,"player_choice":"Purged","damage_taken":0,"max_hp_gain":0,"max_hp_loss":0,"event_name":"Purifier","floor":4,"gold_loss":0},{"damage_healed":0,"gold_gain":0,"player_choice":"Lose Max HP","damage_taken":0,"relics_obtained":["Golden Idol"],"max_hp_gain":0,"max_hp_loss":6,"event_name":"Golden Idol","floor":8,"gold_loss":0},{"damage_healed":0,"gold_gain":0,"player_choice":"Fought Bandits","damage_taken":0,"max_hp_gain":0,"max_hp_loss":0,"event_name":"Masked Bandits","floor":21,"gold_loss":0},{"cards_removed":["Strike_G"],"damage_healed":0,"gold_gain":0,"player_choice":"Purged","damage_taken":0,"max_hp_gain":0,"max_hp_loss":0,"event_name":"Purifier","floor":29,"gold_loss":0},{"damage_healed":0,"gold_gain":333,"player_choice":"Gave Idol","damage_taken":0,"max_hp_gain":0,"max_hp_loss":0,"event_name":"The Moai Head","floor":38,"relics_lost":["Golden Idol"],"gold_loss":0},{"damage_healed":0,"gold_gain":0,"player_choice":"Memory 1","damage_taken":0,"max_hp_gain":0,"max_hp_loss":0,"event_name":"SensoryStone","floor":41,"gold_loss":0}],"is_beta":true,"boss_relics":[{"not_picked":["Coffee Dripper","Pandora\u0027s Box"],"picked":"Cursed Key"},{"not_picked":["Fusion Hammer","Eternal Feather"],"picked":"Ring of the Serpent"}],"items_purged_floors":[20,22,39,48],"is_endless":false,"potions_floor_spawned":[2,6,7,11,14,16,19,24,28,31,35,36,44],"ascension_level":18}