{"gold_per_floor":[116,116,126,37,53,53,80,145,198,226,226,243,243,270,270,347,347,364,364,375,24,40,71,71,86,165,177,205,216,231,258,258,258],"floor_reached":33,"playtime":1801,"items_purged":[],"score":744,"play_id":"b25b3978-58da-4be4-a590-5547903eb2d2","local_time":"20190311113820","is_ascension_mode":true,"campfire_choices":[{"data":"Zap","floor":6,"key":"SMITH"},{"data":"Electrodynamics","floor":11,"key":"SMITH"},{"floor":13,"key":"REST"},{"data":"Lockon","floor":15,"key":"SMITH"},{"data":"Defragment","floor":24,"key":"SMITH"},{"data":"Fission","floor":32,"key":"SMITH"}],"neow_cost":"TEN_PERCENT_HP_LOSS","seed_source_timestamp":1542745126326025,"circlet_count":0,"master_deck":["AscendersBane","Strike_B+1","Strike_B","Strike_B+1","Defend_B","Defend_B","Defend_B","Defend_B","Zap+1","Dualcast","Electrodynamics+1","Go for the Eyes","Ball Lightning","Defragment+1","Defragment","Lockon+1","Reinforced Body","Fission+1","Thunder Strike","Capacitor","White Noise","White Noise","Barrage","BootSequence","Buffer"],"relics":["Cracked Core","Whetstone","Bottled Tornado","Bag of Marbles","Peace Pipe","Blood Vial","Busted Crown","FossilizedHelix","Runic Capacitor","Calipers","Gremlin Horn","Anchor","Bottled Flame"],"potions_floor_usage":[7,8,8,20,27,31,33],"damage_taken":[{"damage":7,"enemies":"Jaw Worm","floor":1,"turns":3},{"damage":3,"enemies":"Small Slimes","floor":3,"turns":4},{"damage":9,"enemies":"2 Louse","floor":5,"turns":2},{"damage":25,"enemies":"Lagavulin","floor":7,"turns":6},{"damage":13,"enemies":"Lagavulin Event","floor":8,"turns":4},{"damage":5,"enemies":"3 Sentries","floor":10,"turns":2},{"damage":9,"enemies":"Red Slaver","floor":12,"turns":2},{"damage":3,"enemies":"Gremlin Nob","floor":14,"turns":3},{"damage":0,"enemies":"Slime Boss","floor":16,"turns":4},{"damage":0,"enemies":"Chosen","floor":18,"turns":3},{"damage":0,"enemies":"Spheric Guardian","floor":20,"turns":3},{"damage":12,"enemies":"Snake Plant","floor":22,"turns":3},{"damage":0,"enemies":"Gremlin Leader","floor":23,"turns":5},{"damage":0,"enemies":"3 Cultists","floor":25,"turns":3},{"damage":0,"enemies":"Chosen and Byrds","floor":27,"turns":3},{"damage":17,"enemies":"Slavers","floor":28,"turns":3},{"damage":0,"enemies":"Centurion and Healer","floor":29,"turns":3},{"damage":2,"enemies":"Sentry and Sphere","floor":30,"turns":4},{"damage":10,"enemies":"Gremlin Leader","floor":31,"turns":4},{"damage":60,"enemies":"Automaton","floor":33,"turns":6}],"seed_played":"-8900740529209251686","potions_obtained":[{"floor":3,"key":"EssenceOfSteel"},{"floor":5,"key":"Regen Potion"},{"floor":7,"key":"Block Potion"},{"floor":10,"key":"Strength Potion"},{"floor":16,"key":"PowerPotion"},{"floor":22,"key":"Poison Potion"},{"floor":23,"key":"Energy Potion"},{"floor":27,"key":"SpeedPotion"},{"floor":29,"key":"PowerPotion"},{"floor":31,"key":"Swift Potion"}],"is_trial":false,"path_per_floor":["M","?","M","$","M","R","E","?","T","E","R","M","R","E","R","B",null,"M","?","M","$","M","E","R","M","T","M","E","M","M","E","R","B"],"character_chosen":"DEFECT","items_purchased":["Defragment","Runic Capacitor","Capacitor","White Noise"],"campfire_rested":1,"item_purchase_floors":[4,21,21,21],"current_hp_per_floor":[57,57,54,54,45,45,35,22,22,17,17,8,27,24,24,26,55,57,57,59,59,49,51,51,53,53,55,40,42,42,34,34,0],"gold":258,"neow_bonus":"THREE_RARE_CARDS","is_prod":false,"is_daily":false,"chose_seed":false,"campfire_upgraded":5,"win_rate":0,"timestamp":1552300700,"path_taken":["M","?","M","$","M","R","E","?","T","E","R","M","R","E","R","BOSS","M","?","M","$","M","E","R","M","T","?","E","M","M","E","R","BOSS"],"build_version":"2019-02-06","purchased_purges":0,"victory":false,"max_hp_per_floor":[64,64,64,64,64,64,64,64,64,64,64,64,64,64,64,64,64,64,64,64,64,64,64,64,64,64,64,64,64,64,64,64,64],"card_choices":[{"not_picked":["Hyperbeam","All For One"],"picked":"Electrodynamics","floor":0},{"not_picked":["Stack","Beam Cell"],"picked":"Go for the Eyes","floor":1},{"not_picked":["Sweeping Beam","Go for the Eyes"],"picked":"Ball Lightning","floor":3},{"not_picked":["Blizzard","Stack","Undo"],"picked":"SKIP","floor":5},{"not_picked":["Glacier","Sweeping Beam"],"picked":"Defragment","floor":7},{"not_picked":["Gash","Compile Driver"],"picked":"Lockon","floor":8},{"not_picked":["Steam Power","Loop"],"picked":"Reinforced Body","floor":10},{"not_picked":["Core Surge","Barrage","Darkness"],"picked":"SKIP","floor":12},{"not_picked":["Tempest","Static Discharge"],"picked":"Fission","floor":14},{"not_picked":["Reboot","Creative AI"],"picked":"Thunder Strike","floor":16},{"not_picked":["Turbo"],"picked":"SKIP","floor":18},{"not_picked":["Rip and Tear"],"picked":"SKIP","floor":20},{"not_picked":["Stack"],"picked":"SKIP","floor":22},{"not_picked":["Turbo"],"picked":"SKIP","floor":23},{"not_picked":[],"picked":"White Noise","floor":25},{"not_picked":["FTL"],"picked":"SKIP","floor":27},{"not_picked":["Steam"],"picked":"SKIP","floor":28},{"not_picked":[],"picked":"Barrage","floor":29},{"not_picked":[],"picked":"BootSequence","floor":30},{"not_picked":[],"picked":"Buffer","floor":31}],"player_experience":943455,"relics_obtained":[{"floor":7,"key":"Whetstone"},{"floor":8,"key":"Bottled Tornado"},{"floor":9,"key":"Bag of Marbles"},{"floor":10,"key":"Peace Pipe"},{"floor":14,"key":"Blood Vial"},{"floor":23,"key":"Calipers"},{"floor":26,"key":"Gremlin Horn"},{"floor":28,"key":"Anchor"},{"floor":31,"key":"Bottled Flame"}],"event_choices":[{"cards_removed":["Strike_B"],"damage_healed":0,"gold_gain":0,"player_choice":"Forget","damage_taken":0,"max_hp_gain":0,"max_hp_loss":0,"event_name":"Living Wall","floor":2,"gold_loss":0},{"damage_healed":0,"gold_gain":0,"player_choice":"Searched \u00271\u0027 times","damage_taken":0,"max_hp_gain":0,"max_hp_loss":0,"event_name":"Dead Adventurer","floor":8,"gold_loss":0},{"damage_healed":0,"gold_gain":0,"player_choice":"Gave Potion","damage_taken":0,"relics_obtained":["FossilizedHelix"],"max_hp_gain":0,"max_hp_loss":0,"event_name":"WeMeetAgain","floor":19,"gold_loss":0}],"is_beta":true,"boss_relics":[{"not_picked":["Fusion Hammer","FrozenCore"],"picked":"Busted Crown"}],"items_purged_floors":[],"is_endless":false,"potions_floor_spawned":[3,5,7,10,16,22,23,27,29,31],"killed_by":"Automaton","ascension_level":17}