{"gold_per_floor":[114,124,134,150,168,198,198,209,257,271,282,296,315,171,171,276,276,287,306,406,416,416,416,84,84,152,181,196,96,96],"floor_reached":30,"playtime":2879,"items_purged":["Pain","Shame"],"score":282,"play_id":"6e4da4bd-9e72-4062-ba89-92988c6a31d5","local_time":"20190206125135","is_ascension_mode":false,"campfire_choices":[{"data":"Noxious Fumes","floor":7,"key":"SMITH"},{"data":"Backflip","floor":15,"key":"SMITH"},{"data":"Bullet Time","floor":23,"key":"SMITH"},{"data":"Bane","floor":25,"key":"SMITH"}],"neow_cost":"NONE","seed_source_timestamp":1104980478083007,"circlet_count":0,"master_deck":["Defend_G","Defend_G","Defend_G","Defend_G","Defend_G","Strike_G","Strike_G","Strike_G","Strike_G","Strike_G","Survivor","Neutralize","Sucker Punch","Bouncing Flask","Dash","Backstab","Backflip+1","Noxious Fumes+1","Backflip","Underhanded Strike","Caltrops","Cloak And Dagger","Bane+1","Infinite Blades","Deadly Poison","Poisoned Stab","Bullet Time+1","Bane","Quick Slash","Blade Dance+1","Dagger Spray","Dash"],"relics":["Ring of the Snake","Darkstone Periapt","Lantern","Calling Bell","Art of War","StoneCalendar","Mummified Hand","Spirit Poop","Bottled Lightning","Shuriken","Anchor"],"potions_floor_usage":[16,18,27,28,30,30],"damage_taken":[{"damage":0,"enemies":"Cultist","floor":1,"turns":4},{"damage":0,"enemies":"Small Slimes","floor":2,"turns":3},{"damage":0,"enemies":"Jaw Worm","floor":3,"turns":3},{"damage":0,"enemies":"Red Slaver","floor":4,"turns":4},{"damage":0,"enemies":"Exordium Thugs","floor":5,"turns":5},{"damage":19,"enemies":"3 Sentries","floor":6,"turns":10},{"damage":5,"enemies":"Gremlin Gang","floor":8,"turns":6},{"damage":0,"enemies":"Blue Slaver","floor":10,"turns":3},{"damage":0,"enemies":"3 Louse","floor":11,"turns":3},{"damage":3,"enemies":"Large Slime","floor":12,"turns":7},{"damage":1,"enemies":"2 Fungi Beasts","floor":13,"turns":2},{"damage":26,"enemies":"Slime Boss","floor":16,"turns":12},{"damage":15,"enemies":"3 Byrds","floor":18,"turns":6},{"damage":10,"enemies":"Chosen","floor":19,"turns":4},{"damage":15,"enemies":"Snecko","floor":21,"turns":5},{"damage":23,"enemies":"Slavers","floor":27,"turns":5},{"damage":24,"enemies":"Centurion and Healer","floor":28,"turns":5},{"damage":11,"enemies":"Cultist and Chosen","floor":30,"turns":4}],"seed_played":"-2236029571737198339","potions_obtained":[{"floor":4,"key":"Strength Potion"},{"floor":5,"key":"SkillPotion"},{"floor":8,"key":"PowerPotion"},{"floor":10,"key":"GamblersBrew"},{"floor":12,"key":"Dexterity Potion"},{"floor":16,"key":"Dexterity Potion"},{"floor":18,"key":"EssenceOfSteel"},{"floor":27,"key":"Block Potion"}],"is_trial":false,"path_per_floor":["M","M","M","M","M","E","R","M","T","M","M","M","M","$","R","B",null,"M","M","?","M","?","R","$","R","T","E","M","$","M"],"character_chosen":"THE_SILENT","items_purchased":["Infinite Blades","Deadly Poison","Poisoned Stab","Bottled Lightning"],"campfire_rested":0,"item_purchase_floors":[14,14,14,24],"current_hp_per_floor":[77,77,77,77,77,58,58,53,53,53,53,50,49,49,49,23,95,80,70,70,55,55,55,55,55,55,32,8,8,0],"gold":96,"neow_bonus":"TEN_PERCENT_HP_BONUS","is_prod":false,"is_daily":false,"chose_seed":false,"campfire_upgraded":4,"win_rate":0.0,"timestamp":1549475495,"path_taken":["M","M","M","M","?","E","R","M","T","M","M","M","M","$","R","BOSS","M","M","?","?","?","R","$","R","T","E","M","$","M"],"build_version":"2019-01-23","purchased_purges":2,"victory":false,"max_hp_per_floor":[77,77,77,77,77,77,77,77,77,77,77,77,77,77,77,77,95,95,95,95,95,95,95,95,95,95,95,95,95,95],"card_choices":[{"not_picked":["Deadly Poison","Bane"],"picked":"Sucker Punch","floor":1},{"not_picked":["Dodge and Roll","Poisoned Stab"],"picked":"Bouncing Flask","floor":2},{"not_picked":["Underhanded Strike","Heel Hook"],"picked":"Dash","floor":3},{"not_picked":["Quick Slash","Prepared"],"picked":"Backstab","floor":4},{"not_picked":["Prepared","Blur"],"picked":"Backflip","floor":5},{"not_picked":["Die Die Die","Deflect"],"picked":"Noxious Fumes","floor":6},{"not_picked":["Accuracy","Cloak And Dagger"],"picked":"Backflip","floor":8},{"not_picked":["Acrobatics","Accuracy"],"picked":"Underhanded Strike","floor":10},{"not_picked":["Sucker Punch","Infinite Blades"],"picked":"Caltrops","floor":11},{"not_picked":["PiercingWail","Acrobatics"],"picked":"Cloak And Dagger","floor":12},{"not_picked":["Cloak And Dagger","Dagger Throw"],"picked":"Bane","floor":13},{"not_picked":["Doppelganger","Glass Knife"],"picked":"Bullet Time","floor":16},{"not_picked":["Skewer","Choke"],"picked":"Bane","floor":18},{"not_picked":["Expertise","Outmaneuver"],"picked":"Quick Slash","floor":19},{"not_picked":["Cloak And Dagger","Backstab"],"picked":"Blade Dance+1","floor":21},{"not_picked":["Outmaneuver","Sucker Punch"],"picked":"Dagger Spray","floor":27},{"not_picked":["Quick Slash","Expertise+1"],"picked":"Dash","floor":28}],"player_experience":38314,"relics_obtained":[{"floor":6,"key":"Darkstone Periapt"},{"floor":9,"key":"Lantern"},{"floor":17,"key":"Art of War"},{"floor":17,"key":"StoneCalendar"},{"floor":17,"key":"Mummified Hand"},{"floor":26,"key":"Shuriken"},{"floor":27,"key":"Anchor"}],"event_choices":[{"damage_healed":0,"gold_gain":100,"player_choice":"Pray","damage_taken":0,"max_hp_gain":0,"max_hp_loss":0,"event_name":"Golden Shrine","floor":20,"gold_loss":0},{"cards_removed":["Pain"],"damage_healed":0,"gold_gain":0,"player_choice":"Offered Curse","damage_taken":0,"relics_obtained":["Spirit Poop"],"max_hp_gain":0,"max_hp_loss":0,"event_name":"Bonfire Elementals","floor":22,"gold_loss":0}],"is_beta":false,"boss_relics":[{"not_picked":["Philosopher\u0027s Stone","Runic Pyramid"],"picked":"Calling Bell"}],"items_purged_floors":[24,29],"is_endless":false,"potions_floor_spawned":[4,5,8,10,12,16,18,27],"killed_by":"Cultist and Chosen","ascension_level":0}