{"path_per_floor":["M","$","M","?","$","E","M","E","T","?","T","M","M","M","R","B",null,"M","?","?","M","?","R","E","?","T","R","$","?","E","M","R"],"character_chosen":"IRONCLAD","items_purchased":["Iron Wave"],"gold_per_floor":[99,1,1,1,1,1,1,1,1,0,0,0,0,0,0,0,0,0,0,0,0,0,0,0,0,0,0,0,0,0,0,0],"floor_reached":33,"campfire_rested":4,"playtime":1768,"current_hp_per_floor":[80,80,78,78,78,62,62,54,54,54,54,38,30,28,52,7,85,63,63,63,40,40,66,34,34,34,60,60,36,18,18,49],"items_purged":["Defend_R"],"gold":0,"score":318,"play_id":"d4e37092-3fba-405a-a2bd-007659424cf5","local_time":"20180321210456","is_prod":false,"is_daily":false,"is_ascension_mode":false,"campfire_upgraded":0,"timestamp":1521680696,"path_taken":["M","?","?","?","?","E","?","E","T","?","?","M","M","M","R","BOSS","M","?","?","M","?","R","E","?","T","R","?","?","E","M","R","BOSS"],"build_version":"2018-03-15v3","purchased_purges":1,"victory":false,"master_deck":["Strike_R","Strike_R","Strike_R","Strike_R","Defend_R","Defend_R","Defend_R","Bash","Infernal Blade","Iron Wave","Armaments","Bludgeon","Cleave","Sword Boomerang","Juggernaut","Searing Blow","Infernal Blade+1","Feed+1","Armaments","Headbutt","Anger","Infernal Blade+1","Rage","Mind Blast","Madness","Bludgeon","Headbutt+1"],"max_hp_per_floor":[80,80,80,80,80,80,80,80,80,80,80,80,80,80,80,80,85,85,85,85,88,88,88,88,88,88,88,88,88,102,106,106],"relics":["Ectoplasm","Ancient Tea Set","Pantograph","Juzu Bracelet","Tiny House","Nloth\u0027s Gift","Dodecahedron","Bronze Scales","Pear"],"card_choices":[{"not_picked":["Pommel Strike","Headbutt"],"picked":"Infernal Blade"},{"not_picked":["Cleave","Heavy Blade"],"picked":"Armaments"},{"not_picked":["Shockwave","Thunderclap"],"picked":"Bludgeon"},{"not_picked":["Blood for Blood","Heavy Blade"],"picked":"Cleave"},{"not_picked":["Warcry","True Grit"],"picked":"Sword Boomerang"},{"not_picked":["Headbutt","Body Slam"],"picked":"Juggernaut"},{"not_picked":["Seeing Red","Headbutt"],"picked":"Searing Blow"},{"not_picked":["Thunderclap","Rampage"],"picked":"Infernal Blade"},{"not_picked":["Berserk","Double Tap"],"picked":"Feed"},{"not_picked":["Warcry","True Grit"],"picked":"Armaments"},{"not_picked":["Clash","Flex"],"picked":"Headbutt"},{"not_picked":["Reckless Charge","Blood for Blood"],"picked":"Anger"},{"not_picked":["Thunderclap","Battle Trance"],"picked":"Infernal Blade"},{"not_picked":["Limit Break","Iron Wave"],"picked":"Bludgeon"},{"not_picked":["Pummel","Heavy Blade"],"picked":"Headbutt"}],"player_experience":3672,"potions_floor_usage":[24,24,24],"damage_taken":[{"damage":0,"enemies":"Cultist","floor":1,"turns":2},{"damage":2,"enemies":"2 Louse","floor":3,"turns":2},{"damage":16,"enemies":"Lagavulin","floor":6,"turns":5},{"damage":0,"enemies":"Small Slimes","floor":7,"turns":1},{"damage":8,"enemies":"Gremlin Nob","floor":8,"turns":4},{"damage":16,"enemies":"Exordium Wildlife","floor":12,"turns":2},{"damage":8,"enemies":"Lots of Slimes","floor":13,"turns":3},{"damage":2,"enemies":"3 Louse","floor":14,"turns":3},{"damage":73,"enemies":"Hexaghost","floor":16,"turns":10},{"damage":22,"enemies":"Chosen","floor":18,"turns":4},{"damage":26,"enemies":"2 Thieves","floor":21,"turns":4},{"damage":35,"enemies":"Book of Stabbing","floor":24,"turns":4},{"damage":32,"enemies":"Slavers","floor":30,"turns":3},{"damage":4,"enemies":"Chosen and Byrds","floor":31,"turns":4},{"damage":76,"enemies":"Automaton","floor":33,"turns":8}],"event_choices":[{"event_name":"Liars Game","player_choice":"disagreed","floor":4,"damage_taken":0},{"event_name":"World of Goop","player_choice":"Left","floor":10,"damage_taken":0},{"event_name":"Addict","player_choice":"Ignored","floor":19,"damage_taken":0},{"event_name":"N\u0027loth","player_choice":"Traded a Magic Flower","floor":20,"damage_taken":0},{"event_name":"Upgrade Shrine","player_choice":"Upgraded","floor":22,"damage_taken":0},{"event_name":"Transmorgrifier","player_choice":"Transform","floor":25,"damage_taken":0},{"event_name":"Knowing Skull","player_choice":"CARD CARD ","floor":29,"damage_taken":0}],"boss_relics":[{"not_picked":["Orrery","Runic Pyramid"],"picked":"Tiny House"}],"potions_floor_spawned":[3,12,16,21],"seed_played":"-2559675389920952284","killed_by":"Automaton","ascension_level":0,"is_trial":false}