{"gold_per_floor":[117,117,192,202,202,241,265,265,292,292,307,345,105,123,123,219,219,232,251,275,275,275],"floor_reached":22,"playtime":1010,"items_purged":[],"score":445,"play_id":"6b004fe1-1f9f-48f4-ab00-5ab84847ff8c","local_time":"20190304165526","is_ascension_mode":true,"campfire_choices":[{"data":"Skewer","floor":8,"key":"SMITH"},{"data":"Infinite Blades","floor":10,"key":"SMITH"},{"floor":15,"key":"REST"}],"neow_cost":"NONE","seed_source_timestamp":957731304034597,"circlet_count":0,"master_deck":["AscendersBane","Defend_G","Defend_G","Defend_G","Defend_G","Survivor","Neutralize","Skewer+1","Deflect","PiercingWail","Infinite Blades+1","Cloak And Dagger","Terror","After Image","Finisher","Envenom","Noxious Fumes","Backstab","Bite","Bite","Bite","Bite","Bite"],"relics":["Ring of the Snake","NeowsBlessing","Golden Idol","Centennial Puzzle","Bag of Marbles","Lantern","Empty Cage"],"potions_floor_usage":[11,16,16,19,20,22],"damage_taken":[{"damage":0,"enemies":"2 Louse","floor":1,"turns":1},{"damage":0,"enemies":"Jaw Worm","floor":4,"turns":1},{"damage":0,"enemies":"3 Sentries","floor":6,"turns":1},{"damage":1,"enemies":"Small Slimes","floor":7,"turns":3},{"damage":3,"enemies":"Gremlin Gang","floor":11,"turns":4},{"damage":30,"enemies":"Gremlin Nob","floor":12,"turns":4},{"damage":0,"enemies":"Red Slaver","floor":14,"turns":3},{"damage":14,"enemies":"The Guardian","floor":16,"turns":9},{"damage":13,"enemies":"Shell Parasite","floor":18,"turns":8},{"damage":15,"enemies":"Spheric Guardian","floor":19,"turns":4},{"damage":20,"enemies":"Shelled Parasite and Fungi","floor":20,"turns":7},{"damage":10,"enemies":"Centurion and Healer","floor":22,"turns":1}],"seed_played":"6118923025417420257","potions_obtained":[{"floor":1,"key":"Strength Potion"},{"floor":6,"key":"AttackPotion"},{"floor":12,"key":"Swift Potion"},{"floor":18,"key":"SkillPotion"},{"floor":19,"key":"SkillPotion"},{"floor":20,"key":"SneckoOil"}],"is_trial":false,"path_per_floor":["M","?","?","M","?","E","M","R","T","R","M","E","$","M","R","B",null,"M","M","M","?","M"],"character_chosen":"THE_SILENT","items_purchased":["After Image","Finisher"],"campfire_rested":1,"item_purchase_floors":[13,13],"current_hp_per_floor":[59,59,48,48,48,48,47,47,47,47,44,14,14,14,32,18,50,37,22,2,2,0],"gold":275,"neow_bonus":"THREE_ENEMY_KILL","is_prod":false,"is_daily":false,"chose_seed":false,"campfire_upgraded":2,"win_rate":0,"timestamp":1551714926,"path_taken":["M","?","?","M","?","E","M","R","T","R","M","E","?","?","R","BOSS","M","M","M","?","M"],"build_version":"2019-02-06","purchased_purges":0,"victory":false,"max_hp_per_floor":[66,66,66,66,60,60,60,60,60,60,60,60,60,60,60,60,60,60,60,60,42,42],"card_choices":[{"not_picked":["Outmaneuver","Bane"],"picked":"Skewer","floor":1},{"not_picked":["Cloak And Dagger","Expertise"],"picked":"Deflect","floor":4},{"not_picked":["All Out Attack","Poisoned Stab"],"picked":"PiercingWail","floor":6},{"not_picked":["Blade Dance","Bane"],"picked":"Infinite Blades","floor":7},{"not_picked":["Deflect","Flechettes"],"picked":"Cloak And Dagger","floor":11},{"not_picked":["Setup","Crippling Poison"],"picked":"Terror","floor":12},{"not_picked":["Prepared","Dash","Poisoned Stab"],"picked":"SKIP","floor":14},{"not_picked":["Tools of the Trade","Venomology"],"picked":"Envenom","floor":16},{"not_picked":["Catalyst","Flying Knee+1","Quick Slash"],"picked":"SKIP","floor":18},{"not_picked":["Flying Knee","Sucker Punch"],"picked":"Noxious Fumes","floor":19},{"not_picked":["Heel Hook","Prepared"],"picked":"Backstab","floor":20}],"player_experience":838068,"relics_obtained":[{"floor":6,"key":"Centennial Puzzle"},{"floor":9,"key":"Bag of Marbles"},{"floor":12,"key":"Lantern"}],"event_choices":[{"damage_healed":0,"gold_gain":0,"player_choice":"Ignored","damage_taken":0,"max_hp_gain":0,"max_hp_loss":0,"event_name":"Liars Game","floor":2,"gold_loss":0},{"damage_healed":0,"gold_gain":75,"player_choice":"Gather Gold","damage_taken":11,"max_hp_gain":0,"max_hp_loss":0,"event_name":"World of Goop","floor":3,"gold_loss":0},{"damage_healed":0,"gold_gain":0,"player_choice":"Lose Max HP","damage_taken":0,"relics_obtained":["Golden Idol"],"max_hp_gain":0,"max_hp_loss":6,"event_name":"Golden Idol","floor":5,"gold_loss":0},{"damage_healed":0,"gold_gain":0,"player_choice":"Became a vampire","damage_taken":0,"max_hp_gain":0,"max_hp_loss":18,"event_name":"Vampires","floor":21,"gold_loss":0,"cards_obtained":["Bite","Bite","Bite","Bite","Bite"]}],"is_beta":true,"boss_relics":[{"not_picked":["Lizard Tail","Coffee Dripper"],"picked":"Empty Cage"}],"items_purged_floors":[],"is_endless":false,"potions_floor_spawned":[1,6,12,18,19,20],"killed_by":"Centurion and Healer","ascension_level":18}