{"gold_per_floor":[116,133,149,165,180,205,205,233,233,248,260,260,273,273,273,377,377,395,395,414,414,414],"floor_reached":22,"playtime":2239,"items_purged":[],"score":200,"play_id":"b3d9a86d-78c3-4e08-8a13-4fef1c62b618","local_time":"20190202013829","is_ascension_mode":false,"campfire_choices":[{"floor":7,"key":"REST"},{"floor":12,"key":"REST"},{"floor":15,"key":"REST"}],"neow_cost":"NONE","seed_source_timestamp":719645207771920,"circlet_count":0,"master_deck":["Defend_G","Defend_G","Defend_G","Defend_G","Defend_G","Strike_G","Strike_G","Strike_G+1","Strike_G","Strike_G","Survivor","Neutralize+1","Backstab","Predator","Poisoned Stab","Blade Dance","Deadly Poison","PiercingWail","Deflect","Leg Sweep","Dagger Throw","PiercingWail","Bullet Time","Dodge and Roll","Masterful Stab+1"],"relics":["Ring of the Serpent","Peace Pipe","Whetstone","Tough Bandages","Paper Crane"],"potions_floor_usage":[16],"damage_taken":[{"damage":0,"enemies":"Cultist","floor":1,"turns":6},{"damage":0,"enemies":"2 Louse","floor":2,"turns":2},{"damage":0,"enemies":"Small Slimes","floor":3,"turns":3},{"damage":3,"enemies":"Exordium Wildlife","floor":4,"turns":3},{"damage":6,"enemies":"Exordium Thugs","floor":5,"turns":4},{"damage":51,"enemies":"Gremlin Nob","floor":6,"turns":5},{"damage":27,"enemies":"3 Sentries","floor":8,"turns":8},{"damage":8,"enemies":"3 Louse","floor":10,"turns":3},{"damage":0,"enemies":"Red Slaver","floor":11,"turns":4},{"damage":4,"enemies":"Exordium Thugs","floor":13,"turns":4},{"damage":17,"enemies":"Hexaghost","floor":16,"turns":12},{"damage":15,"enemies":"Shell Parasite","floor":18,"turns":7},{"damage":10,"enemies":"3 Byrds","floor":20,"turns":10},{"damage":57,"enemies":"3 Cultists","floor":22,"turns":8}],"seed_played":"-6816833264881553573","potions_obtained":[{"floor":1,"key":"SpeedPotion"},{"floor":3,"key":"LiquidBronze"},{"floor":4,"key":"Energy Potion"},{"floor":10,"key":"Strength Potion"},{"floor":18,"key":"EssenceOfSteel"}],"is_trial":false,"path_per_floor":["M","M","M","M","M","E","R","E","T","M","M","R","M","?","R","B",null,"M","?","M","?","M"],"character_chosen":"THE_SILENT","items_purchased":[],"campfire_rested":3,"item_purchase_floors":[],"current_hp_per_floor":[77,77,77,74,68,17,40,13,13,5,5,28,24,24,47,30,77,62,62,52,52,0],"gold":414,"neow_bonus":"TEN_PERCENT_HP_BONUS","is_prod":false,"is_daily":false,"chose_seed":false,"campfire_upgraded":0,"win_rate":0.0,"timestamp":1549089509,"path_taken":["M","M","M","?","M","E","R","E","T","M","M","R","M","?","R","BOSS","M","?","M","?","?"],"build_version":"2019-01-23","purchased_purges":0,"victory":false,"max_hp_per_floor":[77,77,77,77,77,77,77,77,77,77,77,77,77,77,77,77,77,77,77,77,77,77],"card_choices":[{"not_picked":["Flechettes","Dagger Spray"],"picked":"Backstab","floor":1},{"not_picked":["Prepared","Riddle With Holes"],"picked":"Predator","floor":2},{"not_picked":["Quick Slash","Dagger Spray"],"picked":"Poisoned Stab","floor":3},{"not_picked":["All Out Attack","Endless Agony"],"picked":"Blade Dance","floor":4},{"not_picked":["Prepared","Noxious Fumes"],"picked":"Deadly Poison","floor":5},{"not_picked":["Dodge and Roll","Slice"],"picked":"PiercingWail","floor":6},{"not_picked":["Flying Knee","Sucker Punch"],"picked":"Deflect","floor":8},{"not_picked":["Finisher","Crippling Poison"],"picked":"Leg Sweep","floor":10},{"not_picked":["Acrobatics","Bouncing Flask"],"picked":"Dagger Throw","floor":11},{"not_picked":["Deflect","Flying Knee"],"picked":"PiercingWail","floor":13},{"not_picked":["Venomology","A Thousand Cuts"],"picked":"Bullet Time","floor":16},{"not_picked":["Acrobatics","Underhanded Strike"],"picked":"Dodge and Roll","floor":18},{"not_picked":["PiercingWail","Bouncing Flask"],"picked":"Masterful Stab+1","floor":20}],"player_experience":4060,"relics_obtained":[{"floor":6,"key":"Peace Pipe"},{"floor":8,"key":"Whetstone"},{"floor":9,"key":"Tough Bandages"},{"floor":21,"key":"Paper Crane"}],"event_choices":[{"damage_healed":0,"gold_gain":0,"player_choice":"Ignored","damage_taken":0,"max_hp_gain":0,"max_hp_loss":0,"event_name":"Liars Game","floor":14,"gold_loss":0},{"damage_healed":0,"gold_gain":0,"player_choice":"Ignored","damage_taken":0,"max_hp_gain":0,"max_hp_loss":0,"event_name":"Vampires","floor":19,"gold_loss":0},{"damage_healed":0,"gold_gain":0,"player_choice":"Relic","damage_taken":0,"max_hp_gain":0,"max_hp_loss":0,"event_name":"Wheel of Change","floor":21,"gold_loss":0}],"is_beta":false,"boss_relics":[{"not_picked":["Calling Bell","Fusion Hammer"],"picked":"Ring of the Serpent"}],"items_purged_floors":[],"is_endless":false,"potions_floor_spawned":[1,3,4,10,18],"killed_by":"3 Cultists","ascension_level":0}