{"path_per_floor":["M","M","?","M","$","E","R","E","T","$","E","M","$","M","R","B",null,"M","$","?","M","M","R","M","E","T","E","R","E","?","M","R"],"character_chosen":"IRONCLAD","items_purchased":["Flex","Pommel Strike","Armaments","Clash","Seeing Red","Offering"],"gold_per_floor":[116,126,126,149,70,101,101,144,144,24,68,88,64,82,82,201,201,190,34,34,50,70,70,88,121,168,199,199,242,192,216,216],"floor_reached":33,"campfire_rested":5,"playtime":3416,"current_hp_per_floor":[80,80,60,62,62,37,76,40,40,40,35,22,22,19,58,12,80,74,74,74,60,47,80,59,45,45,20,63,29,29,27,70],"items_purged":["Defend_R"],"gold":216,"play_id":"19856556-d3a6-426e-9c7d-1b009aa3fb56","is_prod":false,"is_daily":false,"campfire_rituals":0,"campfire_upgraded":0,"is_hardmode":false,"path_taken":["M","M","?","M","?","E","R","E","T","$","E","M","$","M","R","BOSS","M","$","?","M","M","R","?","E","T","E","R","E","?","M","R","BOSS"],"build_version":"2018-01-18-PROD4","purchased_purges":1,"victory":false,"master_deck":["Strike_R","Strike_R","Strike_R","Strike_R","Strike_R","Defend_R","Defend_R","Defend_R","Bash","Demon Form","Anger","Brutality","Flex","Pommel Strike","Rage","Anger","Armaments","Metallicize","Spot Weakness","Clash","Flex","Limit Break","Warcry","Seeing Red","Offering","Anger","Twin Strike","Flame Barrier","Pommel Strike","Iron Wave","Heavy Blade","Iron Wave","Heavy Blade"],"max_hp_per_floor":[80,80,80,80,80,80,80,80,80,80,80,80,80,80,80,80,80,80,80,80,80,80,80,80,94,94,94,94,94,94,94,94],"relics":["Burning Blood","Golden Idol","Regal Pillow","Charon\u0027s Ashes","Champion Belt","Bag of Preparation","White Beast Statue","Mango","Dream Catcher","Bottled Flame","Happy Flower"],"campfire_meditates":0,"card_choices":[{"not_picked":["Shrug It Off","Warcry"],"picked":"Anger"},{"not_picked":["Clothesline","Cleave"],"picked":"Brutality"},{"not_picked":["Combust","Twin Strike"],"picked":"Rage"},{"not_picked":["Dropkick","Power Through"],"picked":"Anger"},{"not_picked":["Twin Strike","Barricade"],"picked":"Metallicize"},{"not_picked":["Corruption","Armaments"],"picked":"Spot Weakness"},{"not_picked":["Metallicize","Perfected Strike"],"picked":"Flex"},{"not_picked":["Impervious","Bludgeon"],"picked":"Limit Break"},{"not_picked":["Perfected Strike","Burning Pact"],"picked":"Warcry"},{"not_picked":["Clash","Warcry"],"picked":"Anger"},{"not_picked":["Clothesline","True Grit"],"picked":"Twin Strike"},{"not_picked":["Metallicize","Clothesline"],"picked":"Flame Barrier"},{"not_picked":["Feed","Flame Barrier"],"picked":"Pommel Strike"},{"not_picked":["Combust","Limit Break"],"picked":"Iron Wave"},{"not_picked":["Seeing Red","Anger"],"picked":"Heavy Blade"},{"not_picked":["Clash","Corruption"],"picked":"Iron Wave"},{"not_picked":["Uppercut","Sever Soul"],"picked":"Heavy Blade"}],"player_experience":11703,"potions_floor_usage":[16,16,18,21,24,25,27,27,27,29,31,33],"damage_taken":[{"damage":3.0,"enemies":"Cultist","floor":1.0,"turns":5.0},{"damage":5.0,"enemies":"Small Slimes","floor":2.0,"turns":4.0},{"damage":4.0,"enemies":"Jaw Worm","floor":4.0,"turns":6.0},{"damage":31.0,"enemies":"Gremlin Nob","floor":6.0,"turns":4.0},{"damage":42.0,"enemies":"Lagavulin","floor":8.0,"turns":7.0},{"damage":11.0,"enemies":"Gremlin Nob","floor":11.0,"turns":4.0},{"damage":19,"enemies":"Lots of Slimes","floor":12,"turns":4},{"damage":9,"enemies":"2 Fungi Beasts","floor":14,"turns":3},{"damage":52,"enemies":"The Guardian","floor":16,"turns":8},{"damage":12,"enemies":"2 Thieves","floor":18,"turns":4},{"damage":20,"enemies":"Spheric Guardian","floor":21,"turns":4},{"damage":19,"enemies":"Snake Plant","floor":22,"turns":3},{"damage":27,"enemies":"Snecko","floor":24,"turns":5},{"damage":34,"enemies":"Book of Stabbing","floor":25,"turns":4},{"damage":40,"enemies":"Gremlin Leader","floor":27,"turns":4},{"damage":40,"enemies":"Book of Stabbing","floor":29,"turns":5},{"damage":8,"enemies":"Sentry and Sphere","floor":31,"turns":3},{"damage":75,"enemies":"Collector","floor":33,"turns":5}],"event_choices":[{"event_name":"Golden Idol","player_choice":"Take Damage","floor":3.0,"damage_taken":0.0},{"event_name":"Drug Dealer","player_choice":"Ignored","floor":20,"damage_taken":0},{"event_name":"The Joust","player_choice":"Bet on Owner","floor":30,"damage_taken":0}],"boss_relics":[{"not_picked":["Runic Cube","Sozu"],"picked":"White Beast Statue"}],"potions_floor_spawned":[8,11,14,16,18,21,22,24,25,27,29,31],"seed_played":"-1366163410698541996","killed_by":"Collector","is_trial":false}