{"gold_per_floor":[109,109,184,200,218,256,274,274,300,300,55,20,20,58,58,148,148,166,166,166,191,210,210],"floor_reached":23,"playtime":926,"items_purged":[],"score":380,"play_id":"243aa423-4cda-465f-90d7-36dd666cfc89","local_time":"20190309142557","is_ascension_mode":true,"campfire_choices":[{"floor":8,"key":"REST"},{"data":"Zap","floor":10,"key":"SMITH"},{"data":"Chaos","floor":13,"key":"SMITH"},{"data":"Chaos","floor":15,"key":"SMITH"}],"neow_cost":"NONE","seed_source_timestamp":1380869359001567,"circlet_count":0,"master_deck":["AscendersBane","Defend_B","Defend_B","Defend_B","Defend_B","Zap+1","Dualcast","Impatience","Chaos+1","Chill","BootSequence","Capacitor","Gash","Loop","Chaos+1","Electrodynamics","Chill","Capacitor","Genetic Algorithm","Redo","Consume","Bite","Bite","Bite","Bite","Bite","Coolheaded"],"relics":["Cracked Core","Golden Idol","Vajra","Ancient Tea Set","PreservedInsect","Whetstone","Orrery","DataDisk"],"potions_floor_usage":[16,16],"damage_taken":[{"damage":1,"enemies":"Cultist","floor":1,"turns":3},{"damage":10,"enemies":"Small Slimes","floor":4,"turns":3},{"damage":0,"enemies":"2 Louse","floor":5,"turns":2},{"damage":25,"enemies":"3 Sentries","floor":6,"turns":11},{"damage":0,"enemies":"Large Slime","floor":7,"turns":5},{"damage":23,"enemies":"Gremlin Nob","floor":14,"turns":5},{"damage":1,"enemies":"Slime Boss","floor":16,"turns":8},{"damage":19,"enemies":"Shell Parasite","floor":18,"turns":6},{"damage":0,"enemies":"Spheric Guardian","floor":22,"turns":3},{"damage":36,"enemies":"Gremlin Leader","floor":23,"turns":2}],"seed_played":"1230303482453116303","potions_obtained":[{"floor":5,"key":"FearPotion"},{"floor":7,"key":"Energy Potion"},{"floor":14,"key":"Poison Potion"},{"floor":22,"key":"Dexterity Potion"}],"is_trial":false,"path_per_floor":["M","?","?","M","M","E","M","R","T","R","$","?","R","E","R","B",null,"M","?","?","T","M","E"],"character_chosen":"DEFECT","items_purchased":["Loop","PreservedInsect"],"campfire_rested":1,"item_purchase_floors":[11,11],"current_hp_per_floor":[63,63,52,42,42,17,17,36,36,36,36,52,52,29,29,28,55,36,36,26,26,34,0],"gold":210,"neow_bonus":"RANDOM_COLORLESS","is_prod":false,"is_daily":false,"chose_seed":false,"campfire_upgraded":3,"win_rate":0,"timestamp":1552137957,"path_taken":["M","?","?","M","M","E","M","R","T","R","$","?","R","E","R","BOSS","M","?","?","?","?","E"],"build_version":"2019-02-06","purchased_purges":0,"victory":false,"max_hp_per_floor":[71,64,64,64,64,64,64,64,64,64,64,64,64,64,64,64,64,64,44,49,49,49,49],"card_choices":[{"not_picked":["Streamline","Stack"],"picked":"Chaos","floor":1},{"not_picked":["Aggregate","Steam"],"picked":"Chill","floor":4},{"not_picked":["Chaos","Tempest"],"picked":"BootSequence","floor":5},{"not_picked":["Sweeping Beam","Streamline"],"picked":"Capacitor","floor":6},{"not_picked":["Barrage","Compile Driver"],"picked":"Gash","floor":7},{"not_picked":["Stack","Redo"],"picked":"Chaos","floor":14},{"not_picked":["Core Surge","Creative AI"],"picked":"Electrodynamics","floor":16},{"not_picked":["Reprogram","Ball Lightning"],"picked":"Chill","floor":17},{"not_picked":["Storm","Gash"],"picked":"Capacitor","floor":17},{"not_picked":["Turbo","Tempest"],"picked":"Genetic Algorithm","floor":17},{"not_picked":["Compile Driver","Coolheaded"],"picked":"Redo","floor":17},{"not_picked":["Leap","Compile Driver+1"],"picked":"Consume","floor":18},{"not_picked":["Steam+1","Ball Lightning"],"picked":"Coolheaded","floor":22}],"player_experience":930972,"relics_obtained":[{"floor":6,"key":"Vajra"},{"floor":9,"key":"Ancient Tea Set"},{"floor":14,"key":"Whetstone"},{"floor":21,"key":"DataDisk"}],"event_choices":[{"damage_healed":0,"gold_gain":0,"player_choice":"Lose Max HP","damage_taken":0,"relics_obtained":["Golden Idol"],"max_hp_gain":0,"max_hp_loss":7,"event_name":"Golden Idol","floor":2,"gold_loss":0},{"damage_healed":0,"gold_gain":75,"player_choice":"Gather Gold","damage_taken":11,"max_hp_gain":0,"max_hp_loss":0,"event_name":"World of Goop","floor":3,"gold_loss":0},{"damage_healed":16,"gold_gain":0,"player_choice":"Healed","damage_taken":0,"max_hp_gain":0,"max_hp_loss":0,"event_name":"The Cleric","floor":12,"gold_loss":35},{"damage_healed":0,"gold_gain":0,"player_choice":"Became a vampire","damage_taken":0,"max_hp_gain":0,"max_hp_loss":20,"event_name":"Vampires","floor":19,"gold_loss":0,"cards_obtained":["Bite","Bite","Bite","Bite","Bite"]},{"damage_healed":0,"gold_gain":0,"player_choice":"Shed Blood","damage_taken":15,"max_hp_gain":5,"max_hp_loss":0,"event_name":"Forgotten Altar","floor":20,"gold_loss":0}],"is_beta":true,"boss_relics":[{"not_picked":["Coffee Dripper","Calling Bell"],"picked":"Orrery"}],"items_purged_floors":[],"is_endless":false,"potions_floor_spawned":[5,7,14,22],"killed_by":"Gremlin Leader","ascension_level":16}