{"gold_per_floor":[119,119,119,44,54,54,89,89,112,112,124,153,153,153,153,226,226,237,137,137,47,61,61,61,77,77,77,77,77,2,2],"floor_reached":31,"playtime":1221,"items_purged":["Strike_R","Strike_R"],"score":462,"play_id":"34d64b44-b368-4bd1-aa24-6504aecdeab3","local_time":"20190214223439","is_ascension_mode":true,"campfire_choices":[{"data":"Rampage","floor":6.0,"key":"SMITH"},{"data":"Bandage Up","floor":8.0,"key":"SMITH"},{"data":"Good Instincts","floor":10.0,"key":"SMITH"},{"data":"Warcry","floor":15.0,"key":"SMITH"},{"floor":23.0,"key":"REST"},{"data":"Double Tap","floor":27,"key":"SMITH"},{"floor":29,"key":"REST"}],"neow_cost":"PERCENT_DAMAGE","seed_source_timestamp":135528095079680,"circlet_count":0,"master_deck":["AscendersBane","Strike_R","Strike_R+1","Defend_R","Defend_R","Defend_R","Defend_R","Bash+1","Bandage Up+1","Good Instincts+1","Rampage+1","Flex","Pommel Strike","Warcry+1","Burning Pact","Exhume","Shrug It Off","Writhe","Rage","Double Tap+1","Shrug It Off","Rage"],"special_seed":0,"relics":["Burning Blood","Ancient Tea Set","Smiling Mask","Juzu Bracelet","Centennial Puzzle","Cursed Key","Frozen Egg 2"],"potions_floor_usage":[31],"damage_taken":[{"damage":3.0,"enemies":"2 Louse","floor":1.0,"turns":3.0},{"damage":7.0,"enemies":"Jaw Worm","floor":5.0,"turns":3.0},{"damage":20.0,"enemies":"Lagavulin","floor":7.0,"turns":7.0},{"damage":0.0,"enemies":"Cultist","floor":11.0,"turns":2.0},{"damage":8.0,"enemies":"Gremlin Nob","floor":12.0,"turns":3.0},{"damage":63.0,"enemies":"The Guardian","floor":16.0,"turns":10.0},{"damage":44.0,"enemies":"Shell Parasite","floor":18.0,"turns":5.0},{"damage":32.0,"enemies":"Spheric Guardian","floor":22.0,"turns":6.0},{"damage":20,"enemies":"Centurion and Healer","floor":25,"turns":8},{"damage":77,"enemies":"Cultist and Chosen","floor":31,"turns":8}],"seed_played":"-1869841020888854704","potions_obtained":[{"floor":1.0,"key":"Fire Potion"},{"floor":7.0,"key":"AttackPotion"},{"floor":25,"key":"Regen Potion"}],"is_trial":false,"path_per_floor":["M","?","T","$","M","R","E","R","T","R","M","E","?","?","R","B",null,"M","$","?","$","M","R","?","M","T","R","?","R","$","M"],"character_chosen":"IRONCLAD","items_purchased":["Shrug It Off","Rage","Rage"],"campfire_rested":2,"item_purchase_floors":[19,21,30],"current_hp_per_floor":[57,34,34,34,37,37,27,27,27,27,33,37,75,75,75,24,62,30,30,30,30,16,38,38,36,36,36,15,39,39,0],"gold":2,"neow_bonus":"RANDOM_COLORLESS_2","is_prod":false,"is_daily":false,"chose_seed":false,"campfire_upgraded":5,"win_rate":0,"timestamp":1550180079,"path_taken":["M","?","?","$","M","R","E","R","T","R","M","E","?","?","R","BOSS","M","?","?","$","M","R","?","M","T","R","?","R","$","M"],"build_version":"2019-02-06","purchased_purges":2,"victory":false,"max_hp_per_floor":[75,75,75,75,75,75,75,75,75,75,75,75,75,75,75,75,75,75,75,75,75,75,75,75,75,75,75,80,80,80,80],"card_choices":[{"not_picked":["Sword Boomerang","Pommel Strike"],"picked":"Rampage","floor":1.0},{"not_picked":["Clothesline","Heavy Blade"],"picked":"Flex","floor":5.0},{"not_picked":["Wild Strike","Anger"],"picked":"Pommel Strike","floor":7.0},{"not_picked":["Fiend Fire","Flex","Pommel Strike"],"picked":"SKIP","floor":11.0},{"not_picked":["Whirlwind","Clash"],"picked":"Warcry","floor":12.0},{"not_picked":["Brutality","Limit Break"],"picked":"Exhume","floor":16.0},{"not_picked":["Clash","Perfected Strike","Havoc"],"picked":"SKIP","floor":18.0},{"not_picked":["Clash","Perfected Strike","Havoc"],"picked":"SKIP","floor":18.0},{"not_picked":["Armaments","Clash","Seeing Red"],"picked":"SKIP","floor":22.0},{"not_picked":["Rampage","Sword Boomerang"],"picked":"Shrug It Off","floor":25}],"player_experience":765018,"relics_obtained":[{"floor":3.0,"key":"Ancient Tea Set"},{"floor":7.0,"key":"Smiling Mask"},{"floor":9.0,"key":"Juzu Bracelet"},{"floor":12.0,"key":"Centennial Puzzle"}],"event_choices":[{"damage_healed":0.0,"max_hp_gain":0.0,"max_hp_loss":0.0,"gold_gain":0.0,"event_name":"Shining Light","player_choice":"Entered Light","floor":2.0,"gold_loss":0.0,"damage_taken":23.0,"cards_upgraded":["Bash","Strike_R"]},{"damage_healed":38.0,"max_hp_gain":0.0,"max_hp_loss":0.0,"gold_gain":0.0,"event_name":"Wheel of Change","player_choice":"Full Heal","floor":13.0,"gold_loss":0.0,"damage_taken":0.0},{"damage_healed":0.0,"max_hp_gain":0.0,"max_hp_loss":0.0,"gold_gain":0.0,"cards_transformed":["Strike_R"],"event_name":"Transmorgrifier","player_choice":"Transformed","floor":14.0,"gold_loss":0.0,"damage_taken":0.0,"cards_obtained":["Burning Pact"]},{"damage_healed":0.0,"max_hp_gain":0.0,"max_hp_loss":0.0,"gold_gain":0.0,"event_name":"The Mausoleum","player_choice":"Opened","floor":20.0,"gold_loss":0.0,"damage_taken":0.0,"relics_obtained":["Frozen Egg 2"],"cards_obtained":["Writhe"]},{"damage_healed":0,"gold_gain":0,"player_choice":"1 cards matched","damage_taken":0,"max_hp_gain":0,"max_hp_loss":0,"event_name":"Match and Keep!","floor":24,"gold_loss":0,"cards_obtained":["Double Tap"]},{"damage_healed":0,"gold_gain":0,"player_choice":"Shed Blood","damage_taken":26,"max_hp_gain":5,"max_hp_loss":0,"event_name":"Forgotten Altar","floor":28,"gold_loss":0}],"is_beta":true,"boss_relics":[{"not_picked":["Ectoplasm","Lizard Tail"],"picked":"Cursed Key"}],"items_purged_floors":[4,19],"is_endless":false,"potions_floor_spawned":[1,7,25],"killed_by":"Cultist and Chosen","ascension_level":19}