{"gold_per_floor":[112,123,123,123,143,178,178,178,178,191,36,53,69,82,82,180,180,192,22,47,63,73,73,85,102,129,143,143,156,171,171,171,270,270,281,292,392,392,403,403,437,437,463,477,777,795,59,69,69,69,69,69,33,68,68],"floor_reached":55,"playtime":5083,"items_purged":[],"score":732,"play_id":"6992eae0-23df-4ecb-8333-c349a1a9b793","local_time":"20190210171201","is_ascension_mode":false,"campfire_choices":[{"floor":7.0,"key":"RECALL"},{"data":"Flechettes","floor":15.0,"key":"SMITH"},{"floor":23.0,"key":"REST"},{"data":"Glass Knife","floor":28.0,"key":"SMITH"},{"floor":32.0,"key":"REST"},{"data":"Adrenaline","floor":40.0,"key":"SMITH"},{"data":"Storm of Steel","floor":42.0,"key":"SMITH"},{"data":"Outmaneuver","floor":49.0,"key":"SMITH"},{"data":"Bouncing Flask","floor":52.0,"key":"SMITH"}],"neow_cost":"NONE","seed_source_timestamp":1463971923669331,"circlet_count":0,"master_deck":["Defend_G","Defend_G","Defend_G+1","Strike_G","Strike_G+1","Strike_G","Survivor","Neutralize","Dodge and Roll","Escape Plan","Flechettes+1","Backflip","Footwork+1","Backstab","Caltrops+1","Footwork+1","Backflip","Glass Knife+1","Dodge and Roll+1","Slice+1","Acrobatics+1","Blade Dance+1","Sucker Punch","Deflect","Dash+1","Well Laid Plans+1","Concentrate","Flying Knee","Dagger Spray","Backstab","Terror+1","Adrenaline+1","Backflip+1","Endless Agony+1","Deadly Poison+1","Dodge and Roll+1","Storm of Steel+1","Finisher+1","Blade Dance+1","Noxious Fumes+1","Bouncing Flask+1","Slice","Bane","Outmaneuver+1","Footwork+1","Accuracy+1"],"special_seed":0,"relics":["Ring of the Snake","Frozen Egg 2","Astrolabe","Happy Flower","Red Mask","Omamori","Pantograph","Runic Pyramid","Tingsha","Gambling Chip","Regal Pillow","Lantern","Bag of Marbles","TheAbacus","Tough Bandages"],"potions_floor_usage":[55],"damage_taken":[{"damage":0.0,"enemies":"2 Louse","floor":1.0,"turns":3.0},{"damage":1.0,"enemies":"Jaw Worm","floor":2.0,"turns":6.0},{"damage":0.0,"enemies":"Small Slimes","floor":5.0,"turns":5.0},{"damage":31.0,"enemies":"3 Sentries","floor":6.0,"turns":21.0},{"damage":22.0,"enemies":"Exordium Thugs","floor":10.0,"turns":11.0},{"damage":0.0,"enemies":"3 Louse","floor":12.0,"turns":5.0},{"damage":0.0,"enemies":"Red Slaver","floor":13.0,"turns":3.0},{"damage":2.0,"enemies":"Blue Slaver","floor":14.0,"turns":4.0},{"damage":31.0,"enemies":"Slime Boss","floor":16.0,"turns":21.0},{"damage":4.0,"enemies":"Spheric Guardian","floor":18.0,"turns":6.0},{"damage":33.0,"enemies":"Masked Bandits","floor":20.0,"turns":7.0},{"damage":3.0,"enemies":"3 Byrds","floor":21.0,"turns":5.0},{"damage":7.0,"enemies":"Shelled Parasite and Fungi","floor":22.0,"turns":7.0},{"damage":0.0,"enemies":"Snecko","floor":24.0,"turns":6.0},{"damage":1.0,"enemies":"Chosen and Byrds","floor":25.0,"turns":6.0},{"damage":7.0,"enemies":"Centurion and Healer","floor":27.0,"turns":10.0},{"damage":16.0,"enemies":"3 Cultists","floor":29.0,"turns":5.0},{"damage":11.0,"enemies":"Chosen and Byrds","floor":30.0,"turns":6.0},{"damage":64.0,"enemies":"Automaton","floor":33.0,"turns":21.0},{"damage":8.0,"enemies":"3 Darklings","floor":35.0,"turns":5.0},{"damage":11.0,"enemies":"3 Shapes","floor":36.0,"turns":5.0},{"damage":0.0,"enemies":"Mind Bloom Boss Battle","floor":37.0,"turns":5.0},{"damage":6.0,"enemies":"Sphere and 2 Shapes","floor":39.0,"turns":6.0},{"damage":2.0,"enemies":"Nemesis","floor":41.0,"turns":7.0},{"damage":2.0,"enemies":"Maw","floor":44.0,"turns":6.0},{"damage":9.0,"enemies":"Writhing Mass","floor":46.0,"turns":7.0},{"damage":8.0,"enemies":"3 Darklings","floor":48.0,"turns":4.0},{"damage":53.0,"enemies":"Awakened One","floor":50.0,"turns":15.0},{"damage":67,"enemies":"Shield and Spear","floor":54,"turns":7},{"damage":69,"enemies":"The Heart","floor":55,"turns":5}],"seed_played":"6386209122955712372","potions_obtained":[{"floor":2.0,"key":"Swift Potion"},{"floor":12.0,"key":"Weak Potion"},{"floor":13.0,"key":"SpeedPotion"},{"floor":16.0,"key":"SkillPotion"},{"floor":21.0,"key":"Ancient Potion"},{"floor":27.0,"key":"Swift Potion"},{"floor":33.0,"key":"GhostInAJar"},{"floor":35.0,"key":"SkillPotion"},{"floor":41.0,"key":"Fruit Juice"},{"floor":46.0,"key":"Fruit Juice"},{"floor":54,"key":"SkillPotion"}],"is_trial":false,"path_per_floor":["M","M","?","?","M","E","R","?","T","M","$","M","M","M","R","B",null,"M","$","?","M","M","R","M","M","T","M","R","M","M","?","R","B",null,"M","M","?","?","M","R","E","R","T","M","?","M","$","M","R","B",null,"R","$","E","B"],"character_chosen":"THE_SILENT","items_purchased":["Footwork+1","Backstab","Happy Flower","Sucker Punch","Lantern","Noxious Fumes+1","Bouncing Flask","Slice","Bag of Marbles","TheAbacus","Bane","Footwork+1"],"campfire_rested":2,"item_purchase_floors":[11,11,19,19,47,47,47,47,47,47,47,53],"current_hp_per_floor":[77,76,76,61,61,30,30,77,77,55,55,55,55,53,53,22,77,73,73,40,37,30,53,53,52,52,45,45,29,18,18,41,2,77,69,58,77,77,71,71,69,69,69,67,67,58,58,50,50,32,87,87,87,20,0],"gold":68,"neow_bonus":"TEN_PERCENT_HP_BONUS","is_prod":false,"is_daily":false,"chose_seed":false,"campfire_upgraded":6,"win_rate":0,"timestamp":1549836721,"path_taken":["M","M","?","?","M","E","R","?","T","M","$","?","M","M","R","BOSS","M","$","?","M","M","R","M","M","T","M","R","M","M","?","R","BOSS","M","M","?","?","M","R","E","R","T","M","?","M","$","M","R","BOSS","R","$","E","BOSS"],"build_version":"2019-01-23","purchased_purges":0,"victory":false,"max_hp_per_floor":[77,77,77,77,77,77,77,77,77,77,77,77,77,77,77,77,77,77,77,77,77,77,77,77,77,77,77,77,77,77,77,77,77,77,77,77,77,77,77,77,77,77,77,77,77,77,77,77,77,87,87,87,87,87,87],"card_choices":[{"not_picked":["Bane","Skewer"],"picked":"Dodge and Roll","floor":1.0},{"not_picked":["Skewer","Dagger Throw"],"picked":"Escape Plan","floor":2.0},{"not_picked":["Concentrate","Backstab"],"picked":"Leg Sweep","floor":5.0},{"not_picked":["Skewer","Deadly Poison"],"picked":"Flechettes","floor":6.0},{"not_picked":["Sucker Punch","Flying Knee"],"picked":"Backflip","floor":10.0},{"not_picked":["Distraction","All Out Attack"],"picked":"Caltrops+1","floor":12.0},{"not_picked":["PiercingWail","Dagger Spray"],"picked":"Footwork+1","floor":13.0},{"not_picked":["Expertise","Acrobatics"],"picked":"Backflip","floor":14.0},{"not_picked":["Bullet Time","Burst"],"picked":"Glass Knife","floor":16.0},{"not_picked":["Outmaneuver","Flying Knee"],"picked":"Blade Dance+1","floor":18.0},{"not_picked":["PiercingWail+1","Sucker Punch"],"picked":"Deflect","floor":20.0},{"not_picked":["Acrobatics","Underhanded Strike"],"picked":"Dash+1","floor":21.0},{"not_picked":["Concentrate","Wraith Form v2+1"],"picked":"Well Laid Plans+1","floor":22.0},{"not_picked":["Outmaneuver","Predator"],"picked":"Concentrate","floor":24.0},{"not_picked":["Infinite Blades+1","PiercingWail+1"],"picked":"Flying Knee","floor":25.0},{"not_picked":["Deadly Poison+1","Deflect+1"],"picked":"Dagger Spray","floor":27.0},{"not_picked":["Expertise","Deadly Poison+1"],"picked":"Backstab","floor":29.0},{"not_picked":["Prepared+1","Backflip+1"],"picked":"Terror+1","floor":30.0},{"not_picked":["Venomology","Storm of Steel"],"picked":"Adrenaline","floor":33.0},{"not_picked":["Caltrops+1","Flechettes"],"picked":"Backflip+1","floor":35.0},{"not_picked":["Deadly Poison","PiercingWail"],"picked":"Endless Agony+1","floor":36.0},{"not_picked":["Distraction","Poisoned Stab"],"picked":"Deadly Poison+1","floor":37.0},{"not_picked":["Deflect+1","Heel Hook+1"],"picked":"Dodge and Roll+1","floor":39.0},{"not_picked":["Expertise","Dagger Spray+1"],"picked":"Storm of Steel","floor":41.0},{"not_picked":["PiercingWail","Heel Hook+1"],"picked":"Finisher+1","floor":44.0},{"not_picked":["Deadly Poison","Dagger Throw"],"picked":"Blade Dance+1","floor":46.0},{"not_picked":["Acrobatics","Heel Hook+1"],"picked":"Outmaneuver","floor":48.0},{"not_picked":["Deflect","Sucker Punch+1"],"picked":"Accuracy+1","floor":54}],"player_experience":82139,"relics_obtained":[{"floor":6.0,"key":"Frozen Egg 2"},{"floor":20.0,"key":"Red Mask"},{"floor":26.0,"key":"Omamori"},{"floor":37.0,"key":"Tingsha"},{"floor":41.0,"key":"Gambling Chip"},{"floor":43.0,"key":"Regal Pillow"},{"floor":54,"key":"Tough Bandages"}],"event_choices":[{"damage_healed":0.0,"max_hp_gain":0.0,"max_hp_loss":0.0,"gold_gain":0.0,"cards_transformed":["Strike_G"],"event_name":"Living Wall","player_choice":"Change","floor":3.0,"gold_loss":0.0,"damage_taken":0.0,"cards_obtained":["Expertise"]},{"damage_healed":0.0,"max_hp_gain":0.0,"max_hp_loss":0.0,"gold_gain":0.0,"event_name":"Shining Light","player_choice":"Entered Light","floor":4.0,"gold_loss":0.0,"damage_taken":15.0,"cards_upgraded":["Strike_G","Defend_G"]},{"cards_removed":["Expertise"],"damage_healed":47.0,"max_hp_gain":0.0,"max_hp_loss":0.0,"gold_gain":0.0,"event_name":"Bonfire Elementals","player_choice":"Offered Uncommon","floor":8.0,"gold_loss":0.0,"damage_taken":0.0},{"damage_healed":0.0,"max_hp_gain":0.0,"max_hp_loss":0.0,"gold_gain":0.0,"event_name":"Masked Bandits","player_choice":"Fought Bandits","floor":20.0,"gold_loss":0.0,"damage_taken":0.0},{"damage_healed":0.0,"max_hp_gain":0.0,"max_hp_loss":0.0,"gold_gain":0.0,"event_name":"WeMeetAgain","player_choice":"Gave Potion","floor":31.0,"gold_loss":0.0,"damage_taken":0.0,"relics_obtained":["Pantograph"]},{"damage_healed":0.0,"max_hp_gain":0.0,"max_hp_loss":0.0,"gold_gain":0.0,"event_name":"MindBloom","player_choice":"Fight","floor":37.0,"gold_loss":0.0,"damage_taken":0.0},{"cards_removed":["Leg Sweep"],"damage_healed":0.0,"max_hp_gain":0.0,"max_hp_loss":0.0,"gold_gain":0.0,"event_name":"Falling","player_choice":"Removed Skill","floor":38.0,"gold_loss":0.0,"damage_taken":0.0},{"damage_healed":0.0,"max_hp_gain":0.0,"max_hp_loss":0.0,"gold_gain":300.0,"event_name":"Wheel of Change","player_choice":"Gold","floor":45.0,"gold_loss":0.0,"damage_taken":0.0}],"is_beta":false,"boss_relics":[{"not_picked":["Philosopher\u0027s Stone","Ectoplasm"],"picked":"Astrolabe"},{"not_picked":["HoveringKite","Runic Dome"],"picked":"Runic Pyramid"}],"items_purged_floors":[],"is_endless":false,"potions_floor_spawned":[2,12,13,16,21,22,27,33,35,41,46,48,54],"killed_by":"The Heart","ascension_level":0}