{"gold_per_floor":[112,126,51,51,61,87,87,121,121,21,21,21,21,35,35,107,107,121,138,151,151,151],"floor_reached":22,"playtime":1128,"items_purged":["Strike_R","Strike_R"],"score":378,"play_id":"a6cd5ba7-783b-460c-bce4-b51118582ea2","local_time":"20190206083505","is_ascension_mode":true,"campfire_choices":[{"data":"Rampage","floor":7,"key":"SMITH"},{"data":"Metallicize","floor":13,"key":"SMITH"},{"data":"Iron Wave","floor":15,"key":"SMITH"}],"neow_cost":"NONE","seed_source_timestamp":1543494287977690,"circlet_count":0,"master_deck":["AscendersBane","Strike_R","Strike_R","Strike_R","Defend_R","Defend_R","Defend_R","Defend_R","Bash","Rampage+1","Headbutt","Iron Wave+1","Metallicize+1","Shrug It Off","Reaper","Uppercut"],"relics":["Burning Blood","Vajra","Gremlin Horn","Singing Bowl","Sozu"],"potions_floor_usage":[6,6,16,16,20],"damage_taken":[{"damage":6,"enemies":"Cultist","floor":1,"turns":3},{"damage":12,"enemies":"2 Louse","floor":2,"turns":3},{"damage":10,"enemies":"Small Slimes","floor":5,"turns":4},{"damage":9,"enemies":"3 Sentries","floor":6,"turns":6},{"damage":21,"enemies":"Gremlin Nob","floor":8,"turns":4},{"damage":4,"enemies":"Looter","floor":14,"turns":3},{"damage":71,"enemies":"Hexaghost","floor":16,"turns":10},{"damage":3,"enemies":"Chosen","floor":18,"turns":5},{"damage":20,"enemies":"Spheric Guardian","floor":19,"turns":6},{"damage":41,"enemies":"Snake Plant","floor":20,"turns":5},{"damage":39,"enemies":"Cultist and Chosen","floor":22,"turns":7}],"seed_played":"-6549818710212084827","potions_obtained":[{"floor":2,"key":"AttackPotion"},{"floor":4,"key":"Strength Potion"},{"floor":6,"key":"FearPotion"},{"floor":8,"key":"LiquidBronze"},{"floor":16,"key":"SkillPotion"}],"is_trial":false,"path_per_floor":["M","M","$","?","M","E","R","E","T","$","?","$","R","M","R","B",null,"M","M","M","?","M"],"character_chosen":"IRONCLAD","items_purchased":[],"campfire_rested":0,"item_purchase_floors":[],"current_hp_per_floor":[68,62,62,62,58,55,55,40,40,40,75,75,75,75,75,10,59,64,57,22,22,0],"gold":151,"neow_bonus":"THREE_CARDS","is_prod":false,"is_daily":false,"chose_seed":false,"campfire_upgraded":3,"win_rate":0,"timestamp":1549438505,"path_taken":["M","M","?","?","?","E","R","E","T","?","?","$","R","M","R","BOSS","M","M","M","?","?"],"build_version":"2019-01-23","purchased_purges":2,"victory":false,"max_hp_per_floor":[75,75,75,75,75,75,75,75,75,75,75,75,75,75,75,75,75,77,79,79,79,79],"card_choices":[{"not_picked":["Dual Wield","Twin Strike"],"picked":"Rampage","floor":0},{"not_picked":["Body Slam","Spot Weakness"],"picked":"Headbutt","floor":1},{"not_picked":["Rampage","Wild Strike"],"picked":"Iron Wave","floor":2},{"not_picked":["Combust","Fire Breathing"],"picked":"Metallicize","floor":5},{"not_picked":["Entrench","Perfected Strike","Heavy Blade"],"picked":"SKIP","floor":6},{"not_picked":["Exhume","Carnage","Feel No Pain"],"picked":"SKIP","floor":8},{"not_picked":["Fire Breathing","Cleave"],"picked":"Shrug It Off","floor":14},{"not_picked":["Exhume","Barricade"],"picked":"Reaper","floor":16},{"not_picked":["Anger","Bloodletting","Iron Wave"],"picked":"Singing Bowl","floor":18},{"not_picked":["Flex","Perfected Strike","Cleave"],"picked":"Singing Bowl","floor":19},{"not_picked":["Disarm","Sever Soul+1"],"picked":"Uppercut","floor":20}],"player_experience":730628,"relics_obtained":[{"floor":6,"key":"Vajra"},{"floor":8,"key":"Gremlin Horn"},{"floor":9,"key":"Singing Bowl"}],"event_choices":[{"damage_healed":0,"gold_gain":0,"player_choice":"Got Potions","damage_taken":0,"max_hp_gain":0,"max_hp_loss":0,"event_name":"Lab","floor":4,"gold_loss":0},{"damage_healed":35,"gold_gain":0,"player_choice":"Full Heal","damage_taken":0,"max_hp_gain":0,"max_hp_loss":0,"event_name":"Wheel of Change","floor":11,"gold_loss":0},{"damage_healed":0,"gold_gain":0,"player_choice":"Leave","damage_taken":0,"max_hp_gain":0,"max_hp_loss":0,"event_name":"FaceTrader","floor":21,"gold_loss":0}],"is_beta":true,"boss_relics":[{"not_picked":["Astrolabe","Coffee Dripper"],"picked":"Sozu"}],"items_purged_floors":[3,10],"is_endless":false,"potions_floor_spawned":[2,6,8,16,18,20],"killed_by":"Cultist and Chosen","ascension_level":19}