{"gold_per_floor":[119,44,9,9,22,57,78,90,90,110,110,122,138,138,138,212,212,224,324,249,263,277,277,288,288,311,231,184,184,195,95,95,169,169,180,180,180,195,207,207,73,101,101,101,201,248,248,268,268,268],"floor_reached":51,"playtime":2485,"items_purged":["Writhe","Strike_R","Defend_R"],"score":1391,"play_id":"1924422c-1391-49bd-8627-ef4c74261e05","local_time":"20190215080221","is_ascension_mode":true,"campfire_choices":[{"floor":11,"key":"REST"},{"data":"Limit Break","floor":15,"key":"SMITH"},{"floor":23,"key":"REST"},{"floor":29,"key":"REST"},{"data":"Heavy Blade","floor":32,"key":"SMITH"},{"floor":40,"key":"REST"},{"data":"1","floor":44,"key":"LIFT"},{"floor":49,"key":"REST"}],"neow_cost":"CURSE","seed_source_timestamp":168396502766933,"circlet_count":0,"master_deck":["AscendersBane","Strike_R","Defend_R","Defend_R","Defend_R","Bash","Iron Wave","Spot Weakness+1","Heavy Blade+1","Limit Break+1","Sword Boomerang","Iron Wave","Offering","Whirlwind","True Grit+1","Flex","Limit Break","Madness+1","Madness","Thunderclap+1","Dropkick","Sword Boomerang+1","Anger"],"relics":["Burning Blood","Incense Burner","Question Card","Darkstone Periapt","Odd Mushroom","Red Skull","Runic Pyramid","Pocketwatch","The Courier","Dream Catcher","Cursed Key","Girya","War Paint","Meat on the Bone","Shovel","Thread and Needle"],"potions_floor_usage":[13,19,42,50,50],"damage_taken":[{"damage":23,"enemies":"Jaw Worm","floor":1,"turns":6},{"damage":3,"enemies":"2 Louse","floor":5,"turns":3},{"damage":60,"enemies":"3 Sentries","floor":6,"turns":15},{"damage":21,"enemies":"The Mushroom Lair","floor":7,"turns":5},{"damage":0,"enemies":"Small Slimes","floor":8,"turns":3},{"damage":9,"enemies":"Exordium Thugs","floor":10,"turns":4},{"damage":10,"enemies":"3 Louse","floor":12,"turns":3},{"damage":0,"enemies":"Blue Slaver","floor":13,"turns":1},{"damage":15,"enemies":"Hexaghost","floor":16,"turns":6},{"damage":25,"enemies":"Chosen","floor":18,"turns":5},{"damage":22,"enemies":"Colosseum Slavers","floor":19,"turns":3},{"damage":6,"enemies":"Colosseum Nobs","floor":19,"turns":2},{"damage":24,"enemies":"2 Thieves","floor":21,"turns":3},{"damage":1,"enemies":"Snake Plant","floor":22,"turns":2},{"damage":18,"enemies":"3 Cultists","floor":24,"turns":4},{"damage":13,"enemies":"Shelled Parasite and Fungi","floor":30,"turns":3},{"damage":19,"enemies":"Champ","floor":33,"turns":6},{"damage":20,"enemies":"3 Shapes","floor":35,"turns":5},{"damage":18,"enemies":"Orb Walker","floor":38,"turns":3},{"damage":1,"enemies":"Maw","floor":39,"turns":4},{"damage":6,"enemies":"Reptomancer","floor":42,"turns":2},{"damage":2,"enemies":"Mind Bloom Boss Battle","floor":45,"turns":5},{"damage":38,"enemies":"2 Orb Walkers","floor":46,"turns":4},{"damage":29,"enemies":"Spire Growth","floor":48,"turns":3},{"damage":35,"enemies":"Awakened One","floor":50,"turns":6}],"seed_played":"5087598603632361454","potions_obtained":[{"floor":1,"key":"FairyPotion"},{"floor":5,"key":"FearPotion"},{"floor":10,"key":"Fire Potion"},{"floor":16,"key":"Dexterity Potion"},{"floor":21,"key":"Ancient Potion"},{"floor":22,"key":"Weak Potion"},{"floor":24,"key":"Energy Potion"},{"floor":45,"key":"FearPotion"}],"is_trial":false,"path_per_floor":["M","$","?","?","M","E","?","M","T","M","R","M","M","?","R","B",null,"M","?","?","M","M","R","M","T","T","$","$","R","M","$","R","B",null,"M","?","?","M","M","R","$","E","T","R","?","?","?","M","R","B",null],"character_chosen":"IRONCLAD","items_purchased":["Flex","War Paint"],"campfire_rested":5,"item_purchase_floors":[28,41],"current_hp_per_floor":[51,51,69,64,67,13,7,13,13,10,32,28,34,34,34,25,63,44,28,28,10,15,37,25,25,25,25,25,47,40,40,40,27,63,49,35,35,23,28,50,50,50,50,50,54,34,34,23,45,28],"gold":268,"neow_bonus":"ONE_RARE_RELIC","is_prod":false,"is_daily":false,"chose_seed":false,"campfire_upgraded":2,"win_rate":0,"timestamp":1550214141,"path_taken":["M","$","?","?","M","E","?","M","T","M","R","M","M","?","R","BOSS","M","?","?","M","M","R","M","?","T","?","$","R","M","$","R","BOSS","M","?","?","M","?","R","?","E","T","R","?","?","?","M","R","BOSS"],"build_version":"2019-02-06","purchased_purges":3,"victory":true,"max_hp_per_floor":[75,75,75,75,75,75,75,75,75,75,75,75,75,75,75,75,75,75,75,75,75,75,75,75,75,75,75,75,75,75,75,75,75,75,75,75,75,75,75,75,75,75,75,75,75,75,75,75,75,75],"card_choices":[{"not_picked":["Perfected Strike","Pommel Strike","Twin Strike"],"picked":"SKIP","floor":1},{"not_picked":["Uppercut","Evolve","Perfected Strike"],"picked":"Iron Wave","floor":5},{"not_picked":["Warcry","Exhume","Headbutt"],"picked":"Spot Weakness","floor":6},{"not_picked":["Anger","Intimidate","Dropkick"],"picked":"Heavy Blade","floor":7},{"not_picked":["Heavy Blade","Dropkick","Ghostly Armor"],"picked":"Limit Break","floor":8},{"not_picked":["Wild Strike","Havoc","Thunderclap"],"picked":"Sword Boomerang","floor":10},{"not_picked":["Blood for Blood","Seeing Red","Rupture"],"picked":"Iron Wave","floor":12},{"not_picked":["Pommel Strike","Twin Strike","Perfected Strike","Clothesline"],"picked":"SKIP","floor":13},{"not_picked":["Barricade","Brutality","Dark Embrace"],"picked":"Offering","floor":16},{"not_picked":["Shrug It Off","Clash","Iron Wave","Wild Strike"],"picked":"SKIP","floor":18},{"not_picked":["Cleave+1","True Grit","Twin Strike"],"picked":"Headbutt","floor":19},{"not_picked":["Shockwave","Power Through","Seeing Red","Twin Strike"],"picked":"SKIP","floor":21},{"not_picked":["Headbutt","Seeing Red","Body Slam"],"picked":"Whirlwind","floor":22},{"not_picked":["Thunderclap","Sever Soul","Immolate"],"picked":"True Grit+1","floor":24},{"not_picked":["Clash","Flame Barrier","Whirlwind","Body Slam"],"picked":"SKIP","floor":30},{"not_picked":["Juggernaut","Offering","Fiend Fire"],"picked":"Limit Break","floor":33},{"not_picked":["Flame Barrier","Perfected Strike","True Grit","Pommel Strike"],"picked":"SKIP","floor":35},{"not_picked":["Perfected Strike","True Grit","Metallicize"],"picked":"Thunderclap+1","floor":38},{"not_picked":["Shrug It Off","Perfected Strike","Rupture+1"],"picked":"Dropkick","floor":39},{"not_picked":["Armaments","Brutality","Perfected Strike+1","Second Wind"],"picked":"SKIP","floor":42},{"not_picked":["Twin Strike","True Grit","Searing Blow"],"picked":"Sword Boomerang+1","floor":45},{"not_picked":["Inflame","Sword Boomerang","Shrug It Off","Infernal Blade+1"],"picked":"SKIP","floor":48},{"not_picked":["Twin Strike+1","Headbutt+1","Disarm+1"],"picked":"Anger","floor":49}],"player_experience":770815,"relics_obtained":[{"floor":6,"key":"Darkstone Periapt"},{"floor":7,"key":"Odd Mushroom"},{"floor":9,"key":"Red Skull"},{"floor":19,"key":"Pocketwatch"},{"floor":19,"key":"The Courier"},{"floor":26,"key":"Dream Catcher"},{"floor":42,"key":"Meat on the Bone"},{"floor":45,"key":"Shovel"},{"floor":46,"key":"Thread and Needle"}],"event_choices":[{"damage_healed":18,"gold_gain":0,"player_choice":"Healed","damage_taken":0,"max_hp_gain":0,"max_hp_loss":0,"event_name":"The Cleric","floor":3,"gold_loss":35},{"damage_healed":0,"gold_gain":0,"player_choice":"Success","damage_taken":5,"relics_obtained":["Question Card"],"max_hp_gain":0,"max_hp_loss":0,"event_name":"Scrap Ooze","floor":4,"gold_loss":0},{"damage_healed":0,"gold_gain":0,"player_choice":"Fought Mushrooms","damage_taken":0,"max_hp_gain":0,"max_hp_loss":0,"event_name":"Mushrooms","floor":7,"gold_loss":0},{"cards_removed":["Strike_R"],"damage_healed":0,"gold_gain":0,"player_choice":"Purged","damage_taken":0,"max_hp_gain":0,"max_hp_loss":0,"event_name":"Purifier","floor":14,"gold_loss":0},{"damage_healed":0,"gold_gain":0,"player_choice":"Fight","damage_taken":0,"max_hp_gain":0,"max_hp_loss":0,"event_name":"Colosseum","floor":19,"gold_loss":0},{"damage_healed":0,"gold_gain":0,"player_choice":"Fought Nobs","damage_taken":0,"max_hp_gain":0,"max_hp_loss":0,"event_name":"Colosseum","floor":19,"gold_loss":0},{"cards_removed":["Strike_R"],"damage_healed":0,"gold_gain":0,"player_choice":"Gave Gold","damage_taken":0,"max_hp_gain":0,"max_hp_loss":0,"event_name":"Beggar","floor":20,"gold_loss":75},{"damage_healed":0,"gold_gain":0,"player_choice":"Embrace Madness","damage_taken":14,"max_hp_gain":0,"max_hp_loss":0,"event_name":"Winding Halls","floor":36,"gold_loss":0,"cards_obtained":["Madness","Madness"]},{"cards_removed":["Headbutt"],"damage_healed":0,"gold_gain":0,"player_choice":"Gave Card","damage_taken":0,"relics_obtained":["Girya"],"max_hp_gain":0,"max_hp_loss":0,"event_name":"WeMeetAgain","floor":37,"gold_loss":0},{"damage_healed":0,"gold_gain":0,"player_choice":"Fight","damage_taken":0,"max_hp_gain":0,"max_hp_loss":0,"event_name":"MindBloom","floor":45,"gold_loss":0},{"damage_healed":0,"gold_gain":0,"player_choice":"Fight","damage_taken":0,"max_hp_gain":0,"max_hp_loss":0,"event_name":"Mysterious Sphere","floor":46,"gold_loss":0},{"cards_removed":["Strike_R"],"damage_healed":0,"gold_gain":0,"player_choice":"Removed Attack","damage_taken":0,"max_hp_gain":0,"max_hp_loss":0,"event_name":"Falling","floor":47,"gold_loss":0}],"is_beta":true,"boss_relics":[{"not_picked":["Coffee Dripper","Fusion Hammer"],"picked":"Runic Pyramid"},{"not_picked":["Snecko Eye","Empty Cage"],"picked":"Cursed Key"}],"items_purged_floors":[2,27,31],"is_endless":false,"potions_floor_spawned":[1,5,10,16,18,21,22,24,38,45,48],"ascension_level":19}