{"gold_per_floor":[113,188,188,200,200,52,87,106,187,221,238,203,203,103,103,103],"floor_reached":16,"playtime":386,"items_purged":["Strike_G","Defend_G"],"score":233,"play_id":"3d54772e-f3a7-40db-b2bb-50919759f821","local_time":"20190215203845","is_ascension_mode":true,"campfire_choices":[{"floor":13,"key":"REST"},{"data":"Bouncing Flask","floor":15,"key":"SMITH"}],"neow_cost":"NONE","seed_source_timestamp":215897575803733,"circlet_count":0,"master_deck":["AscendersBane","Defend_G","Defend_G+1","Defend_G","Defend_G","Strike_G","Strike_G","Strike_G+1","Strike_G","Survivor","Neutralize","Bouncing Flask+1","Cloak And Dagger","Bane","Deflect","Deflect","Deflect","Predator","Deadly Poison"],"relics":["Ring of the Snake","NeowsBlessing","Potion Belt","Gremlin Horn","Oddly Smooth Stone"],"potions_floor_usage":[10],"damage_taken":[{"damage":0,"enemies":"Jaw Worm","floor":1,"turns":1},{"damage":0,"enemies":"Small Slimes","floor":4,"turns":1},{"damage":0,"enemies":"3 Sentries","floor":7,"turns":2},{"damage":1,"enemies":"2 Louse","floor":8,"turns":2},{"damage":31,"enemies":"Gremlin Nob","floor":10,"turns":5},{"damage":0,"enemies":"Exordium Wildlife","floor":11,"turns":3},{"damage":48,"enemies":"Slime Boss","floor":16,"turns":7}],"seed_played":"1323326601231033673","potions_obtained":[{"floor":1,"key":"SkillPotion"}],"is_trial":false,"path_per_floor":["M","?","?","M","?","$","E","M","T","E","M","?","R","$","R","B"],"character_chosen":"THE_SILENT","items_purchased":["Bane","Deflect"],"campfire_rested":1,"item_purchase_floors":[6,6],"current_hp_per_floor":[59,48,28,28,33,33,33,32,32,1,1,18,39,39,39,0],"gold":103,"neow_bonus":"THREE_ENEMY_KILL","is_prod":false,"is_daily":false,"chose_seed":false,"campfire_upgraded":1,"win_rate":0,"timestamp":1550259525,"path_taken":["M","?","?","?","?","$","E","M","T","E","M","?","R","$","R","BOSS"],"build_version":"2019-02-06","purchased_purges":2,"victory":false,"max_hp_per_floor":[66,66,66,66,71,71,71,71,71,71,71,71,71,71,71,71],"card_choices":[{"not_picked":["Acrobatics","Poisoned Stab"],"picked":"Bouncing Flask","floor":1},{"not_picked":["Blade Dance","Sucker Punch"],"picked":"Cloak And Dagger","floor":4},{"not_picked":["Endless Agony","Prepared"],"picked":"Deflect","floor":7},{"not_picked":["Poisoned Stab","Bane"],"picked":"Deflect","floor":8},{"not_picked":["Dagger Spray","Dash"],"picked":"Predator","floor":10},{"not_picked":["Acrobatics","Blade Dance"],"picked":"Deadly Poison","floor":11}],"player_experience":782408,"relics_obtained":[{"floor":7,"key":"Potion Belt"},{"floor":9,"key":"Gremlin Horn"},{"floor":10,"key":"Oddly Smooth Stone"}],"event_choices":[{"damage_healed":0,"gold_gain":75,"player_choice":"Gather Gold","damage_taken":11,"max_hp_gain":0,"max_hp_loss":0,"event_name":"World of Goop","floor":2,"gold_loss":0},{"damage_healed":0,"gold_gain":0,"player_choice":"Entered Light","damage_taken":20,"max_hp_gain":0,"max_hp_loss":0,"event_name":"Shining Light","floor":3,"gold_loss":0,"cards_upgraded":["Defend_G","Strike_G"]},{"damage_healed":0,"gold_gain":0,"player_choice":"Donut","damage_taken":0,"max_hp_gain":5,"max_hp_loss":0,"event_name":"Big Fish","floor":5,"gold_loss":0},{"damage_healed":17,"gold_gain":0,"player_choice":"Healed","damage_taken":0,"max_hp_gain":0,"max_hp_loss":0,"event_name":"The Cleric","floor":12,"gold_loss":35}],"is_beta":true,"boss_relics":[],"items_purged_floors":[6,14],"is_endless":false,"potions_floor_spawned":[1],"killed_by":"Slime Boss","ascension_level":15}