{"gold_per_floor":[111,121,139,139,1,1,33,47,73,73,90,115,115,148,148,220,220,220,220,220,175,175,175,175,175,175,175,175,91,91,91,91,91],"floor_reached":33,"playtime":1629,"items_purged":[],"score":545,"play_id":"d209c3d4-f3e4-48e0-b954-b5ab64c5135c","local_time":"20190216213152","is_ascension_mode":true,"campfire_choices":[{"floor":6,"key":"REST"},{"floor":10,"key":"REST"},{"floor":13,"key":"REST"},{"floor":15,"key":"REST"},{"floor":30,"key":"REST"},{"floor":32,"key":"REST"}],"neow_cost":"NONE","seed_source_timestamp":45246871855841,"circlet_count":0,"master_deck":["AscendersBane","Defend_G","Defend_G","Defend_G+1","Defend_G","Defend_G+1","Strike_G","Strike_G","Strike_G","Survivor","Neutralize","Noxious Fumes","Quick Slash","PiercingWail","Dash","Flash of Steel","Adrenaline","Footwork","Leg Sweep","Poisoned Stab","Skewer","Envenom","Deadly Poison","Deadly Poison+1","Die Die Die","Deflect","Dash","Bane","Backflip","Heel Hook","Footwork"],"relics":["Fusion Hammer","War Paint","Bronze Scales","Orichalcum","Juzu Bracelet","The Specimen","Ectoplasm","Red Mask","Bag of Preparation","Meat on the Bone","Shuriken"],"potions_floor_usage":[28,33],"damage_taken":[{"damage":6,"enemies":"Jaw Worm","floor":1,"turns":6},{"damage":4,"enemies":"Cultist","floor":2,"turns":6},{"damage":2,"enemies":"Small Slimes","floor":3,"turns":4},{"damage":13,"enemies":"Gremlin Nob","floor":7,"turns":5},{"damage":0,"enemies":"3 Louse","floor":8,"turns":3},{"damage":0,"enemies":"Exordium Wildlife","floor":11,"turns":4},{"damage":3,"enemies":"3 Sentries","floor":12,"turns":8},{"damage":6,"enemies":"Lagavulin","floor":14,"turns":8},{"damage":1,"enemies":"Hexaghost","floor":16,"turns":9},{"damage":10,"enemies":"Chosen","floor":18,"turns":6},{"damage":16,"enemies":"Masked Bandits","floor":19,"turns":5},{"damage":10,"enemies":"2 Thieves","floor":21,"turns":4},{"damage":20,"enemies":"Book of Stabbing","floor":23,"turns":5},{"damage":0,"enemies":"Centurion and Healer","floor":25,"turns":5},{"damage":0,"enemies":"Snake Plant","floor":27,"turns":3},{"damage":16,"enemies":"Gremlin Leader","floor":28,"turns":6},{"damage":56,"enemies":"Collector","floor":33,"turns":6}],"seed_played":"-6275329411248043122","potions_obtained":[{"floor":2,"key":"Swift Potion"},{"floor":3,"key":"Weak Potion"},{"floor":8,"key":"PowerPotion"},{"floor":14,"key":"Regen Potion"}],"is_trial":false,"path_per_floor":["M","M","M","?","$","R","E","M","T","R","M","E","R","E","R","B",null,"M","?","?","M","?","E","?","M","T","M","E","$","R","?","R","B"],"character_chosen":"THE_SILENT","items_purchased":["Dash","Flash of Steel","Footwork"],"campfire_rested":6,"item_purchase_floors":[5,5,29],"current_hp_per_floor":[53,49,47,47,47,66,53,53,53,66,66,63,66,60,66,65,66,56,40,40,30,30,10,10,10,10,22,33,33,52,34,55,0],"gold":91,"neow_bonus":"BOSS_RELIC","is_prod":false,"is_daily":false,"chose_seed":false,"campfire_upgraded":0,"win_rate":0,"timestamp":1550349112,"path_taken":["M","M","M","?","?","R","E","M","T","R","M","E","R","E","R","BOSS","M","?","?","M","?","E","?","M","T","M","E","$","R","?","R","BOSS"],"build_version":"2019-02-06","purchased_purges":0,"victory":false,"max_hp_per_floor":[66,66,66,66,66,66,66,66,66,66,66,66,66,66,66,66,66,66,66,66,66,66,66,66,66,66,66,66,66,66,71,71,71],"card_choices":[{"not_picked":["Dodge and Roll","Finisher"],"picked":"Noxious Fumes","floor":1},{"not_picked":["Dodge and Roll","PiercingWail"],"picked":"Quick Slash","floor":2},{"not_picked":["Distraction","Masterful Stab"],"picked":"PiercingWail","floor":3},{"not_picked":["Quick Slash","Prepared"],"picked":"Adrenaline","floor":7},{"not_picked":["Flying Knee","Quick Slash"],"picked":"Footwork","floor":8},{"not_picked":["PiercingWail","Dodge and Roll"],"picked":"Leg Sweep","floor":11},{"not_picked":["Expertise","Eviscerate"],"picked":"Poisoned Stab","floor":12},{"not_picked":["Blade Dance","Backstab"],"picked":"Skewer","floor":14},{"not_picked":["A Thousand Cuts","Tools of the Trade"],"picked":"Envenom","floor":16},{"not_picked":["Distraction","All Out Attack"],"picked":"Deadly Poison","floor":18},{"not_picked":["Poisoned Stab","Deflect"],"picked":"Deadly Poison+1","floor":21},{"not_picked":["PiercingWail","Finisher"],"picked":"Die Die Die","floor":23},{"not_picked":["Setup","PiercingWail"],"picked":"Bane","floor":25},{"not_picked":["All Out Attack","Tactician"],"picked":"Backflip","floor":27},{"not_picked":["Distraction","Dagger Spray+1"],"picked":"Heel Hook","floor":28}],"player_experience":795232,"relics_obtained":[{"floor":7,"key":"Bronze Scales"},{"floor":9,"key":"Orichalcum"},{"floor":12,"key":"Juzu Bracelet"},{"floor":14,"key":"The Specimen"},{"floor":19,"key":"Red Mask"},{"floor":23,"key":"Bag of Preparation"},{"floor":26,"key":"Meat on the Bone"},{"floor":28,"key":"Shuriken"}],"event_choices":[{"damage_healed":0,"gold_gain":0,"player_choice":"Gave Potion","damage_taken":0,"relics_obtained":["War Paint"],"max_hp_gain":0,"max_hp_loss":0,"event_name":"WeMeetAgain","floor":4,"gold_loss":0},{"damage_healed":0,"gold_gain":0,"player_choice":"Fought Bandits","damage_taken":0,"max_hp_gain":0,"max_hp_loss":0,"event_name":"Masked Bandits","floor":19,"gold_loss":0},{"damage_healed":0,"gold_gain":50,"player_choice":"Stole From Cult","damage_taken":0,"max_hp_gain":0,"max_hp_loss":0,"event_name":"Nest","floor":20,"gold_loss":0},{"damage_healed":0,"gold_gain":0,"player_choice":"Ignored","damage_taken":0,"max_hp_gain":0,"max_hp_loss":0,"event_name":"The Mausoleum","floor":22,"gold_loss":0},{"damage_healed":0,"gold_gain":0,"cards_transformed":["Strike_G","Strike_G"],"player_choice":"Became Test Subject","damage_taken":0,"max_hp_gain":0,"max_hp_loss":0,"event_name":"Drug Dealer","floor":24,"gold_loss":0,"cards_obtained":["Deflect","Dash"]},{"damage_healed":0,"gold_gain":0,"player_choice":"Shed Blood","damage_taken":23,"max_hp_gain":5,"max_hp_loss":0,"event_name":"Forgotten Altar","floor":31,"gold_loss":0}],"is_beta":true,"boss_relics":[{"not_picked":["Eternal Feather","Runic Dome"],"picked":"Ectoplasm"}],"items_purged_floors":[],"is_endless":false,"potions_floor_spawned":[2,3,8,14,21,27],"killed_by":"Collector","ascension_level":16}