{"gold_per_floor":[109,109,9,22,32,64,84,84,107,125,144,159,159,179,179,284,284,297,307,307,6,6,6,6,38,38,58,58,58,72,2,2,107,107,127,0,11,21,21,21,21,35,35,35,46,78,78,78,78,78],"floor_reached":51,"playtime":4138,"items_purged":["Defend_R"],"score":724,"play_id":"c73c930d-128d-4053-ae3c-6430fe1ab066","local_time":"20181125123004","is_ascension_mode":false,"campfire_choices":[{"floor":8,"key":"REST"},{"data":"Fiend Fire","floor":13,"key":"SMITH"},{"data":"Flame Barrier","floor":15,"key":"SMITH"},{"data":"Demon Form","floor":23,"key":"SMITH"},{"floor":28,"key":"REST"},{"floor":32,"key":"REST"},{"floor":40,"key":"REST"},{"floor":44,"key":"REST"},{"floor":47,"key":"REST"},{"floor":49,"key":"REST"}],"neow_cost":"NONE","seed_source_timestamp":773814402432088,"circlet_count":0,"master_deck":["Strike_R+1","Strike_R+1","Strike_R+1","Strike_R+1","Defend_R+1","Defend_R+1","Defend_R+1","Ghostly Armor","Feed","Flex","Flex","Shrug It Off+1","Ghostly Armor","Fiend Fire+1","Twin Strike","Heavy Blade","Heavy Blade","Spot Weakness+1","Flame Barrier+1","Demon Form+1","Twin Strike+1","Shrug It Off","Spot Weakness","Metallicize","Twin Strike","Double Tap+1","Flex","Entrench+1","Inflame","Headbutt","Double Tap","Carnage+1","Spot Weakness","Pain","Armaments+1","Shrug It Off","Anger+1","Fiend Fire"],"relics":["Burning Blood","Dream Catcher","PreservedInsect","Runic Cube","Vajra","Pen Nib","War Paint","Bottled Tornado","Cursed Key","Red Mask","Calipers","Unceasing Top"],"potions_floor_usage":[6,6,16,33,33,33,42,46],"damage_taken":[{"damage":8,"enemies":"Cultist","floor":1,"turns":5},{"damage":1,"enemies":"Jaw Worm","floor":4,"turns":3},{"damage":0,"enemies":"Small Slimes","floor":5,"turns":7},{"damage":44,"enemies":"Lagavulin","floor":6,"turns":11},{"damage":7,"enemies":"Looter","floor":7,"turns":5},{"damage":0,"enemies":"Blue Slaver","floor":10,"turns":3},{"damage":15,"enemies":"Large Slime","floor":11,"turns":5},{"damage":3,"enemies":"3 Louse","floor":12,"turns":4},{"damage":13,"enemies":"Lots of Slimes","floor":14,"turns":6},{"damage":70,"enemies":"Hexaghost","floor":16,"turns":12},{"damage":17,"enemies":"Shell Parasite","floor":18,"turns":6},{"damage":5,"enemies":"Chosen","floor":19,"turns":4},{"damage":62,"enemies":"Gremlin Leader","floor":25,"turns":6},{"damage":0,"enemies":"Snecko","floor":27,"turns":5},{"damage":32,"enemies":"3 Cultists","floor":30,"turns":5},{"damage":25,"enemies":"Champ","floor":33,"turns":7},{"damage":15,"enemies":"Orb Walker","floor":35,"turns":3},{"damage":37,"enemies":"3 Darklings","floor":37,"turns":4},{"damage":52,"enemies":"Writhing Mass","floor":38,"turns":4},{"damage":12,"enemies":"4 Shapes","floor":42,"turns":5},{"damage":22,"enemies":"Maw","floor":45,"turns":7},{"damage":23,"enemies":"Giant Head","floor":46,"turns":5},{"damage":76,"enemies":"Time Eater","floor":50,"turns":9}],"seed_played":"1016660588181023638","potions_obtained":[{"floor":1,"key":"Energy Potion"},{"floor":5,"key":"Energy Potion"},{"floor":11,"key":"EssenceOfSteel"},{"floor":16,"key":"Energy Potion"},{"floor":25,"key":"SkillPotion"},{"floor":30,"key":"Weak Potion"},{"floor":37,"key":"GamblersBrew"},{"floor":45,"key":"Energy Potion"}],"is_trial":false,"path_per_floor":["M","?","$","M","M","E","M","R","T","M","M","M","R","M","R","B",null,"M","M","?","$","?","R","?","E","T","M","R","$","M","$","R","B",null,"M","?","M","M","?","R","$","M","T","R","M","E","R","?","R","B",null],"character_chosen":"IRONCLAD","items_purchased":["Flex","Spot Weakness","Metallicize","Pen Nib","Inflame"],"campfire_rested":7,"item_purchase_floors":[3,21,21,21,31],"current_hp_per_floor":[78,78,78,83,86,48,47,72,72,81,75,81,81,77,77,13,98,87,88,88,88,88,88,88,32,32,38,67,67,41,41,70,51,98,89,89,58,12,12,41,41,38,38,68,52,35,65,65,95,25],"gold":78,"neow_bonus":"REMOVE_CARD","is_prod":false,"is_daily":false,"chose_seed":false,"campfire_upgraded":3,"win_rate":0.0,"timestamp":1543163404,"path_taken":["M","?","$","M","M","E","M","R","T","M","M","M","R","M","R","BOSS","M","M","?","$","?","R","?","E","T","M","R","?","M","$","R","BOSS","M","?","M","M","?","R","$","?","T","R","M","E","R","?","R","BOSS"],"build_version":"2018-11-15","purchased_purges":1,"victory":true,"max_hp_per_floor":[80,80,80,83,86,86,86,86,86,89,92,95,95,98,98,98,98,98,98,98,98,98,98,98,98,98,98,98,98,98,98,98,98,98,98,98,98,98,98,98,98,101,101,101,101,101,101,101,101,101],"card_choices":[{"not_picked":["Thunderclap","Corruption"],"picked":"Ghostly Armor","floor":1},{"not_picked":["Body Slam","Entrench"],"picked":"Flex","floor":4},{"not_picked":["Anger","Clothesline"],"picked":"Shrug It Off","floor":5},{"not_picked":["Perfected Strike","Pummel"],"picked":"Ghostly Armor","floor":6},{"not_picked":["Thunderclap","Sword Boomerang"],"picked":"Fiend Fire","floor":7},{"not_picked":["Dropkick","Reckless Charge"],"picked":"Twin Strike","floor":8},{"not_picked":["Thunderclap","Ghostly Armor"],"picked":"Heavy Blade","floor":10},{"not_picked":["Sword Boomerang","Combust"],"picked":"Heavy Blade","floor":11},{"not_picked":["Pommel Strike","Cleave"],"picked":"Spot Weakness","floor":12},{"not_picked":["Berserk","Clothesline"],"picked":"Flame Barrier","floor":14},{"not_picked":["Double Tap","Limit Break"],"picked":"Demon Form","floor":16},{"not_picked":["Perfected Strike+1","True Grit"],"picked":"Twin Strike+1","floor":18},{"not_picked":["Rupture","Blood for Blood"],"picked":"Shrug It Off","floor":19},{"not_picked":["Perfected Strike+1","Pummel"],"picked":"Twin Strike","floor":25},{"not_picked":["Warcry","Iron Wave"],"picked":"Double Tap","floor":27},{"not_picked":["Anger+1","Infernal Blade"],"picked":"Flex","floor":28},{"not_picked":["Feel No Pain","Shrug It Off"],"picked":"Entrench+1","floor":30},{"not_picked":["Anger","True Grit"],"picked":"Headbutt","floor":32},{"not_picked":["Berserk","Demon Form"],"picked":"Double Tap","floor":33},{"not_picked":["Battle Trance","Combust+1"],"picked":"Carnage+1","floor":35},{"not_picked":["Dropkick+1","Clash","Infernal Blade"],"picked":"SKIP","floor":37},{"not_picked":["Pummel","Shrug It Off"],"picked":"Spot Weakness","floor":38},{"not_picked":["Combust","Clash","Thunderclap+1"],"picked":"SKIP","floor":42},{"not_picked":["Flex","Combust"],"picked":"Armaments+1","floor":44},{"not_picked":["Iron Wave","Entrench+1","Blood for Blood"],"picked":"SKIP","floor":45},{"not_picked":["Pummel+1","Cleave+1"],"picked":"Shrug It Off","floor":46},{"not_picked":["True Grit+1","Pommel Strike"],"picked":"Anger+1","floor":47},{"not_picked":["Uppercut+1","Clothesline"],"picked":"Fiend Fire","floor":49}],"player_experience":38197,"relics_obtained":[{"floor":6,"key":"Dream Catcher"},{"floor":9,"key":"PreservedInsect"},{"floor":25,"key":"War Paint"},{"floor":26,"key":"Bottled Tornado"},{"floor":43,"key":"Calipers"},{"floor":46,"key":"Unceasing Top"}],"event_choices":[{"damage_healed":0,"gold_gain":0,"cards_transformed":["Strike_R"],"player_choice":"Change","damage_taken":0,"max_hp_gain":0,"max_hp_loss":0,"event_name":"Living Wall","floor":2,"gold_loss":0,"cards_obtained":["Feed"]},{"damage_healed":0,"gold_gain":0,"player_choice":"Opened","damage_taken":0,"relics_obtained":["Vajra"],"max_hp_gain":0,"max_hp_loss":0,"event_name":"The Mausoleum","floor":20,"gold_loss":0},{"damage_healed":0,"gold_gain":0,"player_choice":"Simplicity","damage_taken":0,"max_hp_gain":0,"max_hp_loss":0,"event_name":"Back to Basics","floor":22,"gold_loss":0,"cards_upgraded":["Strike_R","Strike_R","Strike_R","Strike_R","Defend_R","Defend_R","Defend_R"]},{"damage_healed":0,"gold_gain":0,"player_choice":"Ignored","damage_taken":0,"max_hp_gain":0,"max_hp_loss":0,"event_name":"Beggar","floor":24,"gold_loss":0},{"damage_healed":0,"gold_gain":0,"player_choice":"Paid","damage_taken":0,"relics_obtained":["Red Mask"],"max_hp_gain":0,"max_hp_loss":0,"event_name":"Tomb of Lord Red Mask","floor":36,"gold_loss":127},{"damage_healed":0,"gold_gain":0,"player_choice":"Forge","damage_taken":0,"max_hp_gain":0,"max_hp_loss":0,"event_name":"Accursed Blacksmith","floor":39,"gold_loss":0,"cards_upgraded":["Double Tap"]},{"damage_healed":0,"gold_gain":0,"player_choice":"Ignored","damage_taken":0,"max_hp_gain":0,"max_hp_loss":0,"event_name":"Mysterious Sphere","floor":48,"gold_loss":0}],"is_beta":false,"boss_relics":[{"not_picked":["Calling Bell","Coffee Dripper"],"picked":"Runic Cube"},{"not_picked":["Black Star","Black Blood"],"picked":"Cursed Key"}],"items_purged_floors":[3],"is_endless":false,"potions_floor_spawned":[1,5,11,16,25,30,37,45],"ascension_level":0}