{"gold_per_floor":[111,131,144,17,32,32,32,32,59,103,119,69,93,168,168,294,294,307,507,298,319,66,66,102,53,122,137,137,137,158,177,177,308,308,326,9,9,29,154,154,179,199,222,222,222,35,35,56,56,56],"floor_reached":51,"playtime":3758,"items_purged":["Defend_R","Strike_R","Defend_R","Defend_R"],"score":731,"play_id":"69c5bdd4-78d3-4586-8776-d5f6eb3edd57","local_time":"20190312214442","is_ascension_mode":true,"campfire_choices":[{"data":"Limit Break","floor":6,"key":"SMITH"},{"data":"Flex","floor":8,"key":"SMITH"},{"floor":15,"key":"REST"},{"data":"Seeing Red","floor":23,"key":"SMITH"},{"floor":29,"key":"REST"},{"floor":32,"key":"REST"},{"floor":40,"key":"REST"},{"floor":44,"key":"REST"},{"floor":47,"key":"REST"},{"floor":49,"key":"REST"}],"neow_cost":"NONE","seed_source_timestamp":5363750867838,"circlet_count":0,"master_deck":["Strike_R","Strike_R","Strike_R","Defend_R","Bash","Limit Break+1","Headbutt","Flex+1","Whirlwind","Warcry","Battle Trance","Clothesline","Heavy Blade","Reaper","Seeing Red+1","Armaments","Ghostly Armor","Warcry","Headbutt+1","Rage","Shockwave+1","Offering","Armaments","Flex","Spot Weakness+1","Disarm+1","Shockwave+1","Battle Trance","Warcry+1"],"relics":["Burning Blood","Golden Idol","PreservedInsect","Orichalcum","Philosopher\u0027s Stone","Happy Flower","Molten Egg 2","Bottled Lightning","Mark of Pain","Bag of Preparation","Prayer Wheel","Smiling Mask"],"potions_floor_usage":[5,10,16,27,30,33,39,48,48,50],"damage_taken":[{"damage":0,"enemies":"Small Slimes","floor":1,"turns":4},{"damage":4,"enemies":"2 Louse","floor":2,"turns":3},{"damage":1,"enemies":"Cultist","floor":3,"turns":3},{"damage":13,"enemies":"Red Slaver","floor":5,"turns":3},{"damage":22,"enemies":"3 Sentries","floor":10,"turns":4},{"damage":9,"enemies":"2 Fungi Beasts","floor":11,"turns":3},{"damage":7,"enemies":"Looter","floor":13,"turns":3},{"damage":30,"enemies":"Hexaghost","floor":16,"turns":9},{"damage":6,"enemies":"Spheric Guardian","floor":18,"turns":3},{"damage":32,"enemies":"2 Thieves","floor":21,"turns":4},{"damage":19,"enemies":"Book of Stabbing","floor":24,"turns":3},{"damage":30,"enemies":"Snake Plant","floor":27,"turns":4},{"damage":51,"enemies":"Snecko","floor":30,"turns":7},{"damage":0,"enemies":"Sentry and Sphere","floor":31,"turns":3},{"damage":46,"enemies":"Collector","floor":33,"turns":7},{"damage":16,"enemies":"Orb Walker","floor":35,"turns":3},{"damage":37,"enemies":"3 Darklings","floor":38,"turns":4},{"damage":6,"enemies":"Mind Bloom Boss Battle","floor":39,"turns":6},{"damage":52,"enemies":"Spire Growth","floor":41,"turns":5},{"damage":19,"enemies":"Transient","floor":42,"turns":5},{"damage":36,"enemies":"Writhing Mass","floor":48,"turns":3},{"damage":78,"enemies":"Awakened One","floor":50,"turns":7}],"seed_played":"8209452610764265064","potions_obtained":[{"floor":1,"key":"Energy Potion"},{"floor":2,"key":"SpeedPotion"},{"floor":3,"key":"Regen Potion"},{"floor":18,"key":"Explosive Potion"},{"floor":27,"key":"Block Potion"},{"floor":31,"key":"Dexterity Potion"},{"floor":38,"key":"Block Potion"},{"floor":42,"key":"Fire Potion"}],"is_trial":false,"path_per_floor":["M","M","M","$","M","R","?","R","T","E","M","?","M","?","R","B",null,"M","?","$","M","$","R","E","$","T","M","?","R","M","M","R","B",null,"M","$","?","M","?","R","M","M","T","R","?","$","R","M","R","B",null],"character_chosen":"IRONCLAD","items_purchased":["Whirlwind","Warcry","Seeing Red","Armaments","Happy Flower","Headbutt+1","Flex","Bag of Preparation","Battle Trance","Explosive Potion","PowerPotion"],"campfire_rested":7,"item_purchase_floors":[4,4,20,20,22,25,36,36,46,46,46],"current_hp_per_floor":[80,80,80,80,73,73,53,53,53,37,34,34,33,22,46,37,80,80,80,80,62,62,62,49,49,49,29,29,53,16,26,50,38,80,70,70,70,39,39,63,21,8,8,32,32,32,56,26,50,14],"gold":56,"neow_bonus":"ONE_RANDOM_RARE_CARD","is_prod":false,"is_daily":false,"chose_seed":false,"campfire_upgraded":3,"win_rate":0,"timestamp":1552437882,"path_taken":["M","M","M","$","M","R","?","R","T","E","M","?","M","?","R","BOSS","M","?","$","?","?","R","E","$","T","M","?","R","M","M","R","BOSS","M","$","?","M","?","R","M","M","T","R","?","$","R","M","R","BOSS"],"build_version":"2019-01-23","purchased_purges":4,"victory":true,"max_hp_per_floor":[80,80,80,80,80,80,80,80,80,80,80,80,80,80,80,80,80,80,80,80,80,80,80,80,80,80,80,80,80,80,80,80,80,80,80,80,80,80,80,80,80,80,80,80,80,80,80,80,80,80],"card_choices":[{"not_picked":["Fire Breathing","Cleave","Intimidate"],"picked":"SKIP","floor":1},{"not_picked":["Twin Strike","Warcry"],"picked":"Headbutt","floor":2},{"not_picked":["Armaments","Dual Wield"],"picked":"Flex","floor":3},{"not_picked":["Cleave","Entrench","Body Slam"],"picked":"SKIP","floor":5},{"not_picked":["Dark Embrace","Entrench"],"picked":"Battle Trance","floor":10},{"not_picked":["Iron Wave","Whirlwind"],"picked":"Clothesline","floor":11},{"not_picked":["Iron Wave","Carnage"],"picked":"Heavy Blade","floor":13},{"not_picked":["Juggernaut","Immolate"],"picked":"Reaper","floor":16},{"not_picked":["Evolve+1","Pummel","True Grit"],"picked":"SKIP","floor":18},{"not_picked":["Power Through+1","Burning Pact+1"],"picked":"Ghostly Armor","floor":21},{"not_picked":["True Grit","Perfected Strike"],"picked":"Warcry","floor":24},{"not_picked":["Evolve","Thunderclap+1"],"picked":"Rage","floor":27},{"not_picked":["Wild Strike+1","Thunderclap+1","True Grit+1"],"picked":"SKIP","floor":30},{"not_picked":["Warcry","Wild Strike+1"],"picked":"Shockwave+1","floor":31},{"not_picked":["Feed+1","Brutality"],"picked":"Offering","floor":33},{"not_picked":["True Grit+1","Carnage+1"],"picked":"Armaments","floor":35},{"not_picked":["Perfected Strike+1","Iron Wave+1","Sever Soul+1"],"picked":"SKIP","floor":38},{"not_picked":["Wild Strike+1","Pummel+1"],"picked":"Spot Weakness+1","floor":39},{"not_picked":["Intimidate+1","Infernal Blade"],"picked":"Disarm+1","floor":41},{"not_picked":["Havoc","Iron Wave+1","Armaments"],"picked":"SKIP","floor":41},{"not_picked":["Iron Wave+1","Rupture"],"picked":"Shockwave+1","floor":42},{"not_picked":["Sword Boomerang+1","Brutality","Anger+1"],"picked":"SKIP","floor":42},{"not_picked":["Bloodletting","Sentinel+1"],"picked":"Warcry+1","floor":48},{"not_picked":["Clothesline+1","Thunderclap+1","Twin Strike+1"],"picked":"SKIP","floor":48}],"player_experience":177188,"relics_obtained":[{"floor":9,"key":"PreservedInsect"},{"floor":10,"key":"Orichalcum"},{"floor":24,"key":"Molten Egg 2"},{"floor":26,"key":"Bottled Lightning"},{"floor":39,"key":"Prayer Wheel"},{"floor":43,"key":"Smiling Mask"}],"event_choices":[{"damage_healed":0,"gold_gain":0,"player_choice":"Take Damage","damage_taken":20,"relics_obtained":["Golden Idol"],"max_hp_gain":0,"max_hp_loss":0,"event_name":"Golden Idol","floor":7,"gold_loss":0},{"cards_removed":["Strike_R"],"damage_healed":0,"gold_gain":0,"player_choice":"Card Removal","damage_taken":0,"max_hp_gain":0,"max_hp_loss":0,"event_name":"The Cleric","floor":12,"gold_loss":50},{"damage_healed":0,"gold_gain":75,"player_choice":"Gather Gold","damage_taken":11,"max_hp_gain":0,"max_hp_loss":0,"event_name":"World of Goop","floor":14,"gold_loss":0},{"damage_healed":0,"gold_gain":200,"player_choice":"Gold","damage_taken":0,"max_hp_gain":0,"max_hp_loss":0,"event_name":"Wheel of Change","floor":19,"gold_loss":0},{"damage_healed":0,"gold_gain":0,"player_choice":"Ignored","damage_taken":0,"max_hp_gain":0,"max_hp_loss":0,"event_name":"Ghosts","floor":28,"gold_loss":0},{"damage_healed":0,"gold_gain":0,"player_choice":"Ignored","damage_taken":0,"max_hp_gain":0,"max_hp_loss":0,"event_name":"Mysterious Sphere","floor":37,"gold_loss":0},{"damage_healed":0,"gold_gain":0,"player_choice":"Fight","damage_taken":0,"max_hp_gain":0,"max_hp_loss":0,"event_name":"MindBloom","floor":39,"gold_loss":0},{"damage_healed":0,"gold_gain":0,"player_choice":"Ignored","damage_taken":0,"max_hp_gain":0,"max_hp_loss":0,"event_name":"SecretPortal","floor":45,"gold_loss":0}],"is_beta":false,"boss_relics":[{"not_picked":["Runic Dome","Runic Cube"],"picked":"Philosopher\u0027s Stone"},{"not_picked":["Lizard Tail","Eternal Feather"],"picked":"Mark of Pain"}],"items_purged_floors":[20,22,36,46],"is_endless":false,"potions_floor_spawned":[1,2,3,18,27,31,38,42],"ascension_level":2}