{"gold_per_floor":[112,127,33,108,67,67,32,65,90,120,45,45,45,45,45,123,123,142,162,62,77,90,90,120,120,200,214,227,254,254,265,265,265],"floor_reached":33,"playtime":1989,"items_purged":["Strike_G","Strike_G"],"score":586,"play_id":"4b0707a4-a1cf-4c45-ac1c-4168b35d7115","local_time":"20180927223748","is_ascension_mode":true,"campfire_choices":[{"data":"Skewer","floor":6.0,"key":"SMITH"},{"floor":12.0,"key":"REST"},{"data":"Malaise","floor":15.0,"key":"SMITH"},{"floor":23.0,"key":"REST"},{"floor":25.0,"key":"REST"},{"floor":32.0,"key":"REST"}],"neow_cost":"PERCENT_DAMAGE","seed_source_timestamp":0,"circlet_count":0,"master_deck":["Defend_G","Defend_G","Defend_G","Defend_G","Defend_G","Strike_G","Strike_G","Strike_G","Survivor","Neutralize","AscendersBane","Crippling Poison+1","Quick Slash","Skewer+1","Backstab","Backflip","Malaise+1","Adrenaline","Footwork+1","PiercingWail","Cloak And Dagger","Burst","Blur"],"special_seed":0,"relics":["Ring of the Snake","Tingsha","Mercury Hourglass","Oddly Smooth Stone","Question Card","Fusion Hammer","Omamori","Blue Candle","Bottled Lightning"],"potions_floor_usage":[33,33],"damage_taken":[{"damage":1.0,"enemies":"2 Louse","floor":1.0,"turns":4.0},{"damage":2.0,"enemies":"Small Slimes","floor":2.0,"turns":5.0},{"damage":27.0,"enemies":"Gremlin Nob","floor":8.0,"turns":4.0},{"damage":8.0,"enemies":"3 Sentries","floor":10.0,"turns":6.0},{"damage":27.0,"enemies":"Slime Boss","floor":16.0,"turns":10.0},{"damage":22.0,"enemies":"Chosen","floor":18.0,"turns":4.0},{"damage":0.0,"enemies":"Shell Parasite","floor":19.0,"turns":6.0},{"damage":0.0,"enemies":"Centurion and Healer","floor":21.0,"turns":7.0},{"damage":0.0,"enemies":"Snake Plant","floor":22.0,"turns":5.0},{"damage":16.0,"enemies":"Slavers","floor":24.0,"turns":7.0},{"damage":1.0,"enemies":"Shelled Parasite and Fungi","floor":27.0,"turns":6.0},{"damage":0.0,"enemies":"3 Cultists","floor":28.0,"turns":5.0},{"damage":4.0,"enemies":"Book of Stabbing","floor":29.0,"turns":8.0},{"damage":0.0,"enemies":"Snake Plant","floor":31.0,"turns":3.0},{"damage":52,"enemies":"Champ","floor":33,"turns":25}],"seed_played":"-3191111222335486158","potions_obtained":[{"floor":2.0,"key":"PowerPotion"},{"floor":8.0,"key":"EntropicBrew"},{"floor":18.0,"key":"SteroidPotion"},{"floor":22.0,"key":"GhostInAJar"},{"floor":27.0,"key":"GhostInAJar"}],"is_trial":false,"path_per_floor":["M","M","$","?","$","R","?","E","T","E","$","R","?","?","R","B",null,"M","M","$","M","M","R","E","R","T","M","M","E","?","M","R"],"character_chosen":"THE_SILENT","items_purchased":["Skewer","Backstab"],"campfire_rested":4,"item_purchase_floors":[3,5],"current_hp_per_floor":[43,41,41,30,30,30,46,19,19,11,11,30,30,30,30,3,50,28,28,28,28,28,47,31,50,50,49,49,45,45,45,64,12],"gold":265,"neow_bonus":"ONE_RARE_RELIC","is_prod":false,"is_daily":false,"chose_seed":false,"campfire_upgraded":2,"win_rate":0,"timestamp":1538102268,"path_taken":["M","M","$","?","$","R","?","E","T","E","$","R","?","?","R","BOSS","M","M","$","?","M","R","E","R","T","M","M","E","?","M","R","BOSS"],"build_version":"2018-09-26v2","purchased_purges":2,"victory":false,"max_hp_per_floor":[66,66,66,66,66,66,66,66,66,66,66,66,66,66,66,66,66,66,66,66,66,66,66,66,66,66,66,66,66,66,66,66,66],"card_choices":[{"not_picked":["Poisoned Stab","Escape Plan"],"picked":"Crippling Poison","floor":1.0},{"not_picked":["Tactician","Finisher"],"picked":"Quick Slash","floor":2.0},{"not_picked":["Flying Knee","Bane"],"picked":"Backflip","floor":8.0},{"not_picked":["Outmaneuver","Dagger Throw"],"picked":"Malaise","floor":10.0},{"not_picked":["Wraith Form v2","Burst","Phantasmal Killer"],"picked":"Adrenaline","floor":16.0},{"not_picked":["Slice","Dagger Throw","Flying Knee","Blade Dance"],"picked":"SKIP","floor":18.0},{"not_picked":["Prepared","Expertise","PiercingWail"],"picked":"Footwork+1","floor":19.0},{"not_picked":["A Thousand Cuts","Accuracy+1","Crippling Poison","Deflect"],"picked":"SKIP","floor":21.0},{"not_picked":["Quick Slash","Deadly Poison","Deflect","Expertise"],"picked":"SKIP","floor":22.0},{"not_picked":["Doppelganger","Distraction","Slice"],"picked":"PiercingWail","floor":24.0},{"not_picked":["PiercingWail","Sucker Punch","Skewer"],"picked":"Cloak And Dagger","floor":27.0},{"not_picked":["Backflip","Flying Knee","Bane","Dagger Throw"],"picked":"SKIP","floor":28.0},{"not_picked":["Dodge and Roll","Calculated Gamble","Quick Slash"],"picked":"Burst","floor":29.0},{"not_picked":["Heel Hook","Quick Slash","Dodge and Roll"],"picked":"Blur","floor":31.0}],"player_experience":628611,"relics_obtained":[{"floor":8.0,"key":"Mercury Hourglass"},{"floor":9.0,"key":"Oddly Smooth Stone"},{"floor":10.0,"key":"Question Card"},{"floor":24.0,"key":"Omamori"},{"floor":26.0,"key":"Blue Candle"},{"floor":29.0,"key":"Bottled Lightning"}],"event_choices":[{"event_name":"World of Goop","player_choice":"Gather Gold","floor":4.0,"damage_taken":0.0},{"event_name":"The Cleric","player_choice":"Healed","floor":7.0,"damage_taken":0.0},{"event_name":"Living Wall","player_choice":"Grow","floor":13.0,"damage_taken":0.0},{"event_name":"Shining Light","player_choice":"Ignored","floor":14.0,"damage_taken":0.0},{"event_name":"Vampires","player_choice":"Ignored","floor":30.0,"damage_taken":0.0}],"is_beta":true,"boss_relics":[{"not_picked":["Ring of the Serpent","Astrolabe"],"picked":"Fusion Hammer"}],"items_purged_floors":[11,20],"is_endless":false,"potions_floor_spawned":[2,8,18,22,24,27],"killed_by":"Champ","ascension_level":20}