{"gold_per_floor":[114,214,233,246,125,125,159,159,239,255,280,280,300,270,270,372,372,384,236,256,267,284,284,294,294,319,319,338,355,687,687,687,784,784,794,810,828,828,847,847,847,864,890,905,401,412,62,81,81,81],"floor_reached":51,"playtime":3592,"items_purged":["Strike_R","Strike_R","Decay","Bash"],"score":793,"play_id":"9e655183-3bb0-4bbe-8581-42947325d504","local_time":"20190310135555","is_ascension_mode":true,"campfire_choices":[{"data":"Heavy Blade","floor":6,"key":"SMITH"},{"data":"Heavy Blade","floor":8,"key":"SMITH"},{"data":"Whirlwind","floor":12,"key":"SMITH"},{"data":"Flex","floor":15,"key":"SMITH"},{"floor":23,"key":"REST"},{"floor":25,"key":"REST"},{"data":"Sword Boomerang","floor":32,"key":"SMITH"},{"floor":40,"key":"REST"},{"floor":49,"key":"REST"}],"neow_cost":"NONE","seed_source_timestamp":606618622749866,"circlet_count":0,"master_deck":["Strike_R","Strike_R","Strike_R","Defend_R","Defend_R","Defend_R","Heavy Blade+1","Heavy Blade+1","Flex+1","Flex+1","Whirlwind+1","Impervious","Sword Boomerang+1","Spot Weakness+1","Flex+1","Double Tap","Warcry","Limit Break","Inflame","Flex+1","Double Tap","Spot Weakness+1","Inflame+1"],"relics":["Burning Blood","Dream Catcher","Pear","Ancient Tea Set","Runic Cube","Strawberry","Old Coin","Cursed Key","Smiling Mask","Chemical X","Bag of Marbles","Bronze Scales"],"potions_floor_usage":[7,11,16,16,18,18,30,33,46,48,50,50],"damage_taken":[{"damage":0,"enemies":"Small Slimes","floor":1,"turns":3},{"damage":6,"enemies":"Cultist","floor":3,"turns":3},{"damage":0,"enemies":"2 Louse","floor":4,"turns":3},{"damage":14,"enemies":"Gremlin Nob","floor":7,"turns":3},{"damage":3,"enemies":"2 Fungi Beasts","floor":10,"turns":3},{"damage":45,"enemies":"3 Sentries","floor":11,"turns":5},{"damage":7,"enemies":"Blue Slaver","floor":13,"turns":2},{"damage":43,"enemies":"Slime Boss","floor":16,"turns":9},{"damage":22,"enemies":"Shell Parasite","floor":18,"turns":5},{"damage":3,"enemies":"3 Byrds","floor":20,"turns":3},{"damage":15,"enemies":"Snake Plant","floor":21,"turns":4},{"damage":26,"enemies":"Centurion and Healer","floor":22,"turns":3},{"damage":22,"enemies":"Shelled Parasite and Fungi","floor":24,"turns":4},{"damage":5,"enemies":"Chosen and Byrds","floor":28,"turns":3},{"damage":15,"enemies":"Snecko","floor":29,"turns":3},{"damage":7,"enemies":"Slavers","floor":30,"turns":2},{"damage":70,"enemies":"Champ","floor":33,"turns":8},{"damage":13,"enemies":"Orb Walker","floor":35,"turns":3},{"damage":12,"enemies":"3 Shapes","floor":36,"turns":2},{"damage":0,"enemies":"Transient","floor":37,"turns":5},{"damage":37,"enemies":"4 Shapes","floor":39,"turns":2},{"damage":16,"enemies":"Spire Growth","floor":42,"turns":2},{"damage":10,"enemies":"Sphere and 2 Shapes","floor":44,"turns":3},{"damage":21,"enemies":"Maw","floor":46,"turns":5},{"damage":47,"enemies":"Spire Growth","floor":48,"turns":4},{"damage":46,"enemies":"Donu and Deca","floor":50,"turns":4}],"seed_played":"-5462998561312118646","potions_obtained":[{"floor":4,"key":"Poison Potion"},{"floor":7,"key":"PowerPotion"},{"floor":11,"key":"PowerPotion"},{"floor":14,"key":"Energy Potion"},{"floor":14,"key":"SpeedPotion"},{"floor":16,"key":"EssenceOfSteel"},{"floor":20,"key":"SteroidPotion"},{"floor":22,"key":"SteroidPotion"},{"floor":44,"key":"BloodPotion"},{"floor":46,"key":"GamblersBrew"},{"floor":48,"key":"Explosive Potion"}],"is_trial":false,"path_per_floor":["M","?","M","M","$","R","E","R","T","M","E","R","M","?","R","B",null,"M","$","M","M","M","R","M","R","T","?","M","M","E","?","R","B",null,"M","M","M","?","M","R","?","M","T","M","$","M","$","M","R","B",null],"character_chosen":"IRONCLAD","items_purchased":["Flex","Sword Boomerang","Chemical X","Double Tap","Weak Potion","FearPotion","Bag of Marbles","Bronze Scales"],"campfire_rested":4,"item_purchase_floors":[5,19,45,45,45,45,47,47],"current_hp_per_floor":[80,80,80,80,80,80,72,72,82,85,46,46,45,45,45,8,90,74,74,77,68,48,75,59,86,93,93,94,85,84,84,84,20,97,90,84,90,90,59,88,88,78,78,74,74,68,68,27,56,16],"gold":81,"neow_bonus":"REMOVE_CARD","is_prod":false,"is_daily":false,"chose_seed":false,"campfire_upgraded":5,"win_rate":0,"timestamp":1552236955,"path_taken":["M","?","M","?","$","R","E","R","T","M","E","R","M","?","R","BOSS","M","$","M","M","M","R","M","R","T","?","M","?","E","?","R","BOSS","M","M","M","?","M","R","?","M","T","M","$","M","$","M","R","BOSS"],"build_version":"2019-01-23","purchased_purges":4,"victory":true,"max_hp_per_floor":[80,80,80,80,80,80,80,80,90,90,90,90,90,90,90,90,90,90,90,90,90,90,90,90,90,97,97,97,97,97,97,97,97,97,97,97,97,97,97,97,97,97,97,97,97,97,97,97,97,97],"card_choices":[{"not_picked":["Corruption","True Grit"],"picked":"Heavy Blade","floor":1},{"not_picked":["True Grit","Thunderclap"],"picked":"Heavy Blade","floor":3},{"not_picked":["Clash","Pommel Strike"],"picked":"Flex","floor":4},{"not_picked":["Shockwave","Armaments","Feel No Pain"],"picked":"SKIP","floor":7},{"not_picked":["Havoc","Twin Strike","Heavy Blade"],"picked":"SKIP","floor":10},{"not_picked":["Havoc","Headbutt"],"picked":"Whirlwind","floor":11},{"not_picked":["Feed","Dropkick","Uppercut"],"picked":"SKIP","floor":13},{"not_picked":["Barricade","Fiend Fire"],"picked":"Impervious","floor":16},{"not_picked":["Havoc","Pommel Strike+1","Flame Barrier+1"],"picked":"SKIP","floor":18},{"not_picked":["Second Wind+1","Feel No Pain","Anger"],"picked":"SKIP","floor":20},{"not_picked":["Rage","Thunderclap+1"],"picked":"Spot Weakness+1","floor":21},{"not_picked":["Thunderclap","Pommel Strike","Combust"],"picked":"SKIP","floor":22},{"not_picked":["Havoc","Twin Strike"],"picked":"Flex+1","floor":23},{"not_picked":["Shrug It Off","Dual Wield"],"picked":"Double Tap","floor":24},{"not_picked":["Combust","Iron Wave"],"picked":"Warcry","floor":25},{"not_picked":["Fire Breathing","Anger+1","Flex"],"picked":"SKIP","floor":28},{"not_picked":["Flame Barrier+1","Uppercut+1","Second Wind"],"picked":"SKIP","floor":29},{"not_picked":["Evolve","Rampage","Body Slam"],"picked":"SKIP","floor":30},{"not_picked":["Exhume","Dark Embrace"],"picked":"Limit Break","floor":33},{"not_picked":["Sword Boomerang+1","Power Through+1","Clothesline"],"picked":"SKIP","floor":35},{"not_picked":["Flame Barrier+1","Headbutt","Heavy Blade"],"picked":"SKIP","floor":36},{"not_picked":["Armaments+1","Twin Strike","Iron Wave"],"picked":"SKIP","floor":37},{"not_picked":["Infernal Blade+1","Pommel Strike"],"picked":"Inflame","floor":39},{"not_picked":["Barricade","Headbutt+1"],"picked":"Flex+1","floor":42},{"not_picked":["Headbutt","Perfected Strike","Cleave"],"picked":"SKIP","floor":44},{"not_picked":["Cleave","Entrench+1"],"picked":"Spot Weakness+1","floor":46},{"not_picked":["Havoc","Pommel Strike","Shrug It Off+1"],"picked":"SKIP","floor":48},{"not_picked":["Dropkick+1","Flame Barrier+1"],"picked":"Inflame+1","floor":49}],"player_experience":149640,"relics_obtained":[{"floor":7,"key":"Dream Catcher"},{"floor":9,"key":"Pear"},{"floor":11,"key":"Ancient Tea Set"},{"floor":26,"key":"Strawberry"},{"floor":30,"key":"Old Coin"},{"floor":43,"key":"Smiling Mask"}],"event_choices":[{"damage_healed":0,"gold_gain":100,"player_choice":"Pray","damage_taken":0,"max_hp_gain":0,"max_hp_loss":0,"event_name":"Golden Shrine","floor":2,"gold_loss":0},{"damage_healed":0,"gold_gain":0,"player_choice":"Bought 2 Potions","damage_taken":0,"max_hp_gain":0,"max_hp_loss":0,"event_name":"The Woman in Blue","floor":14,"gold_loss":0},{"damage_healed":0,"gold_gain":0,"player_choice":"Forge","damage_taken":0,"max_hp_gain":0,"max_hp_loss":0,"event_name":"Accursed Blacksmith","floor":27,"gold_loss":0,"cards_upgraded":["Flex"]},{"damage_healed":0,"gold_gain":0,"player_choice":"Ignored","damage_taken":0,"max_hp_gain":0,"max_hp_loss":0,"event_name":"Vampires","floor":31,"gold_loss":0},{"damage_healed":0,"gold_gain":0,"player_choice":"Memory 1","damage_taken":0,"max_hp_gain":0,"max_hp_loss":0,"event_name":"SensoryStone","floor":38,"gold_loss":0},{"damage_healed":0,"gold_gain":0,"player_choice":"Ignored","damage_taken":0,"max_hp_gain":0,"max_hp_loss":0,"event_name":"Mysterious Sphere","floor":41,"gold_loss":0}],"is_beta":false,"boss_relics":[{"not_picked":["Tiny House","Mark of Pain"],"picked":"Runic Cube"},{"not_picked":["Pandora\u0027s Box","Runic Dome"],"picked":"Cursed Key"}],"items_purged_floors":[5,19,45,47],"is_endless":false,"potions_floor_spawned":[4,7,11,16,20,22,44,46,48],"ascension_level":1}