{"gold_per_floor":[110,124,138,138,138,138,138,149,149,149,6,35,35,66,66,137,137,149,163,113,113,129,129,152,152,207,207,207],"floor_reached":28,"playtime":1359,"items_purged":[],"score":448,"play_id":"be374b19-1c56-4163-b8ac-b1a32c84fbe0","local_time":"20180927235813","is_ascension_mode":true,"campfire_choices":[{"data":"Tools of the Trade","floor":6.0,"key":"SMITH"},{"data":"Neutralize","floor":13.0,"key":"SMITH"},{"data":"Infinite Blades","floor":15.0,"key":"SMITH"},{"floor":23.0,"key":"REST"},{"data":"Footwork","floor":25.0,"key":"SMITH"},{"floor":27.0,"key":"REST"}],"neow_cost":"NONE","seed_source_timestamp":156844328853091,"circlet_count":0,"master_deck":["Defend_G","Defend_G","Defend_G+1","Defend_G","Defend_G+1","Strike_G","Strike_G","Strike_G","Strike_G","Strike_G","Survivor","Neutralize+1","AscendersBane","Flying Knee","Backstab","Infinite Blades+1","Footwork+1","Footwork","Cloak And Dagger","Footwork","Deflect","Clumsy","Injury","Normality","Finisher","Leg Sweep+1"],"special_seed":0,"relics":["Ring of the Snake","Ninja Scroll","Mummified Hand","Orichalcum","Gremlin Horn","Unceasing Top","Calling Bell","Snake Skull","Paper Crane","Tough Bandages","Pen Nib","Art of War"],"potions_floor_usage":[28],"damage_taken":[{"damage":0.0,"enemies":"Small Slimes","floor":1.0,"turns":6.0},{"damage":4.0,"enemies":"2 Louse","floor":2.0,"turns":4.0},{"damage":1.0,"enemies":"Jaw Worm","floor":3.0,"turns":4.0},{"damage":6.0,"enemies":"Blue Slaver","floor":8.0,"turns":4.0},{"damage":5.0,"enemies":"Lagavulin","floor":12.0,"turns":8.0},{"damage":26.0,"enemies":"Gremlin Nob","floor":14.0,"turns":5.0},{"damage":32.0,"enemies":"The Guardian","floor":16.0,"turns":18.0},{"damage":11.0,"enemies":"Shell Parasite","floor":18.0,"turns":10.0},{"damage":32.0,"enemies":"Spheric Guardian","floor":19.0,"turns":10.0},{"damage":0.0,"enemies":"Colosseum Slavers","floor":21.0,"turns":6.0},{"damage":18.0,"enemies":"Shelled Parasite and Fungi","floor":22.0,"turns":8.0},{"damage":30,"enemies":"Slavers","floor":28,"turns":7}],"seed_played":"2159028732433013776","potions_obtained":[{"floor":2.0,"key":"EntropicBrew"},{"floor":3.0,"key":"Poison Potion"},{"floor":14.0,"key":"Regen Potion"},{"floor":18.0,"key":"Energy Potion"}],"is_trial":false,"path_per_floor":["M","M","M","?","?","R","?","M","T","?","$","E","R","E","R","B",null,"M","M","?","?","M","R","T","R","T","R"],"character_chosen":"THE_SILENT","items_purchased":["Footwork","Cloak And Dagger"],"campfire_rested":2,"item_purchase_floors":[11,11],"current_hp_per_floor":[59,55,54,49,29,29,76,70,70,70,70,65,65,39,39,7,59,48,16,16,31,13,35,35,35,35,57,27],"gold":207,"neow_bonus":"ONE_RANDOM_RARE_CARD","is_prod":false,"is_daily":false,"chose_seed":false,"campfire_upgraded":4,"win_rate":0,"timestamp":1538107093,"path_taken":["M","M","M","?","?","R","?","M","T","?","$","E","R","E","R","BOSS","M","M","?","?","M","R","?","R","T","R","E"],"build_version":"2018-09-26v2","purchased_purges":0,"victory":false,"max_hp_per_floor":[66,66,66,66,66,66,76,76,76,76,76,76,76,76,76,76,76,76,76,76,76,76,76,76,76,76,76,76],"card_choices":[{"not_picked":["Quick Slash","Poisoned Stab"],"picked":"Flying Knee","floor":1.0},{"not_picked":["Accuracy","Blur"],"picked":"Backstab","floor":2.0},{"not_picked":["Backflip","Underhanded Strike"],"picked":"Infinite Blades","floor":3.0},{"not_picked":["Noxious Fumes","Tactician"],"picked":"Footwork","floor":8.0},{"not_picked":["Slice","Dodge and Roll"],"picked":"Footwork","floor":12.0},{"not_picked":["Masterful Stab","Endless Agony"],"picked":"Deflect","floor":14.0},{"not_picked":["Expertise","Distraction","Riddle With Holes"],"picked":"SKIP","floor":18.0},{"not_picked":["Eviscerate","Cloak And Dagger"],"picked":"Finisher","floor":19.0},{"not_picked":["Poisoned Stab+1","Deflect+1"],"picked":"Leg Sweep+1","floor":22.0}],"player_experience":633681,"relics_obtained":[{"floor":9.0,"key":"Mummified Hand"},{"floor":12.0,"key":"Gremlin Horn"},{"floor":14.0,"key":"Unceasing Top"},{"floor":17.0,"key":"Snake Skull"},{"floor":17.0,"key":"Paper Crane"},{"floor":17.0,"key":"Tough Bandages"},{"floor":24.0,"key":"Pen Nib"},{"floor":26.0,"key":"Art of War"}],"event_choices":[{"event_name":"Scrap Ooze","player_choice":"success","floor":4.0,"damage_taken":5.0},{"event_name":"Shining Light","player_choice":"Entered Light","floor":5.0,"damage_taken":0.0},{"event_name":"Bonfire Elementals","player_choice":"RARE","floor":7.0,"damage_taken":0.0},{"event_name":"WeMeetAgain","player_choice":"Potion","floor":10.0,"damage_taken":0.0},{"event_name":"The Joust","player_choice":"Bet on Murderer","floor":20.0,"damage_taken":0.0},{"event_name":"Colosseum","player_choice":"Fight","floor":21.0,"damage_taken":0.0},{"event_name":"Colosseum","player_choice":"Fled From Nobs","floor":21.0,"damage_taken":0.0}],"is_beta":true,"boss_relics":[{"not_picked":["Lizard Tail","White Beast Statue"],"picked":"Calling Bell"}],"items_purged_floors":[],"is_endless":false,"potions_floor_spawned":[2,3,8,14,18],"killed_by":"Slavers","ascension_level":20}