{"gold_per_floor":[117,134,43,57,67,67,78,78,78,105,105,30,44,55,55,131,131,149,149,167,185,201,201],"floor_reached":23,"playtime":1275,"items_purged":[],"score":394,"play_id":"db1eb980-2397-423b-b969-4d5c84e7a2bb","local_time":"20180923005130","is_ascension_mode":true,"campfire_choices":[{"data":"After Image","floor":6.0,"key":"SMITH"},{"data":"Footwork","floor":8.0,"key":"SMITH"},{"data":"Cloak And Dagger","floor":11.0,"key":"SMITH"},{"data":"Leg Sweep","floor":15.0,"key":"SMITH"}],"neow_cost":"TEN_PERCENT_HP_LOSS","seed_source_timestamp":452079629035864,"circlet_count":0,"master_deck":["Survivor","Neutralize","AscendersBane","After Image+1","Quick Slash","Deflect","Footwork+1","Dagger Throw","Leg Sweep+1","Flying Knee","Cloak And Dagger+1","Finisher","Glass Knife","Outmaneuver","Footwork","Cloak And Dagger","Slice","Tactician","PiercingWail","Catalyst","Acrobatics","Blade Dance","Dagger Spray","PiercingWail"],"special_seed":0,"relics":["Ring of the Snake","Shuriken","Pen Nib","Pandora\u0027s Box","Nilry\u0027s Codex"],"potions_floor_usage":[],"damage_taken":[{"damage":3.0,"enemies":"Cultist","floor":1.0,"turns":4.0},{"damage":5.0,"enemies":"Small Slimes","floor":2.0,"turns":4.0},{"damage":3.0,"enemies":"2 Louse","floor":4.0,"turns":4.0},{"damage":8.0,"enemies":"Lots of Slimes","floor":5.0,"turns":7.0},{"damage":6.0,"enemies":"3 Louse","floor":7.0,"turns":6.0},{"damage":4.0,"enemies":"Lagavulin","floor":10.0,"turns":7.0},{"damage":0.0,"enemies":"Looter","floor":13.0,"turns":4.0},{"damage":0.0,"enemies":"2 Fungi Beasts","floor":14.0,"turns":3.0},{"damage":7.0,"enemies":"Hexaghost","floor":16.0,"turns":10.0},{"damage":3.0,"enemies":"Shell Parasite","floor":18.0,"turns":5.0},{"damage":6.0,"enemies":"Spheric Guardian","floor":20.0,"turns":4.0},{"damage":14.0,"enemies":"Centurion and Healer","floor":21.0,"turns":7.0},{"damage":5.0,"enemies":"Snake Plant","floor":22.0,"turns":6.0},{"damage":2,"enemies":"Gremlin Leader","floor":23,"turns":2}],"seed_played":"6017131270438299854","potions_obtained":[{"floor":4.0,"key":"AttackPotion"},{"floor":7.0,"key":"Block Potion"},{"floor":10.0,"key":"Poison Potion"},{"floor":14.0,"key":"Poison Potion"},{"floor":20.0,"key":"LiquidBronze"},{"floor":21.0,"key":"Swift Potion"}],"is_trial":false,"path_per_floor":["M","M","$","M","M","R","M","R","T","E","R","?","M","M","R","B",null,"M","?","M","M","M"],"character_chosen":"THE_SILENT","items_purchased":["Footwork"],"campfire_rested":0,"item_purchase_floors":[3],"current_hp_per_floor":[56,51,51,48,40,40,34,34,34,30,30,30,30,30,30,23,51,48,27,21,7,2,0],"gold":201,"neow_bonus":"THREE_RARE_CARDS","is_prod":false,"is_daily":false,"chose_seed":false,"campfire_upgraded":4,"win_rate":0,"timestamp":1537678290,"path_taken":["M","M","?","?","M","R","M","R","T","E","R","?","M","M","R","BOSS","M","?","M","?","M","E"],"build_version":"2018-09-20","purchased_purges":0,"victory":false,"max_hp_per_floor":[60,60,60,60,60,60,60,60,60,60,60,60,60,60,60,60,60,60,60,60,60,60,60],"card_choices":[{"not_picked":["Corpse Explosion","Adrenaline"],"picked":"After Image","floor":0.0},{"not_picked":["Crippling Poison","Distraction"],"picked":"Quick Slash","floor":1.0},{"not_picked":["Dodge and Roll","Bane"],"picked":"Deflect","floor":2.0},{"not_picked":["Heel Hook","Calculated Gamble"],"picked":"Dagger Throw","floor":4.0},{"not_picked":["Setup","Dagger Spray"],"picked":"Leg Sweep","floor":5.0},{"not_picked":["Poisoned Stab","Riddle With Holes"],"picked":"Flying Knee","floor":7.0},{"not_picked":["Dagger Throw","Bullet Time"],"picked":"Cloak And Dagger","floor":10.0},{"not_picked":["Flying Knee","Blade Dance"],"picked":"Finisher","floor":13.0},{"not_picked":["Concentrate","Quick Slash","Terror"],"picked":"SKIP","floor":14.0},{"not_picked":["Night Terror","Tools of the Trade"],"picked":"Glass Knife","floor":16.0},{"not_picked":["Quick Slash","Poisoned Stab","Slice"],"picked":"SKIP","floor":18.0},{"not_picked":["Accuracy","Flying Knee+1"],"picked":"Dagger Spray","floor":20.0},{"not_picked":["Underhanded Strike","Deadly Poison","Dagger Throw"],"picked":"SKIP","floor":21.0},{"not_picked":["Heel Hook","Sucker Punch"],"picked":"PiercingWail","floor":22.0}],"player_experience":613505,"relics_obtained":[{"floor":9.0,"key":"Shuriken"},{"floor":10.0,"key":"Pen Nib"},{"floor":19.0,"key":"Nilry\u0027s Codex"}],"event_choices":[{"event_name":"The Cleric","player_choice":"Card Removal","floor":12.0,"damage_taken":0.0},{"event_name":"Cursed Tome","player_choice":"Obtained Book","floor":19.0,"damage_taken":0.0}],"is_beta":true,"boss_relics":[{"not_picked":["Lizard Tail","Philosopher\u0027s Stone"],"picked":"Pandora\u0027s Box"}],"items_purged_floors":[],"is_endless":false,"potions_floor_spawned":[4,7,10,14,20,21],"killed_by":"Gremlin Leader","ascension_level":20}