{"gold_per_floor":[112,126,43,43,58,84,84,116,116,116,116,41,61,111,111,183,183,197,214,214,230,280,280,59,59,141,167,167,183,201,22,22,96,96,116,128,140,140,150,150,74,74,74,74,94,108,108,108,108,108],"floor_reached":50,"playtime":3434,"items_purged":["Strike_G","Normality"],"score":1325,"play_id":"d549cc83-5baf-4096-ac40-702a80c6031f","local_time":"20190409022532","is_ascension_mode":true,"campfire_choices":[{"data":"Neutralize","floor":7.0,"key":"SMITH"},{"floor":10.0,"key":"REST"},{"data":"1","floor":15.0,"key":"LIFT"},{"data":"A Thousand Cuts","floor":23.0,"key":"SMITH"},{"data":"Ghostly","floor":25.0,"key":"SMITH"},{"floor":32.0,"key":"REST"},{"data":"After Image","floor":40.0,"key":"SMITH"},{"data":"Footwork","floor":42.0,"key":"SMITH"},{"data":"Noxious Fumes","floor":44.0,"key":"SMITH"},{"data":"Well Laid Plans","floor":49.0,"key":"SMITH"}],"neow_cost":"TEN_PERCENT_HP_LOSS","seed_source_timestamp":192902406647950,"circlet_count":0,"master_deck":["AscendersBane","Defend_G","Defend_G","Defend_G","Defend_G","Defend_G","Strike_G","Strike_G","Strike_G","Strike_G","Survivor","Neutralize+1","Dagger Spray","Backstab","Dagger Throw","Blur","Caltrops","Infinite Blades","Cloak And Dagger","A Thousand Cuts+1","Ghostly+1","Ghostly","Ghostly","Well Laid Plans+1","Cloak And Dagger","Dash","Sucker Punch+1","Malaise","Noxious Fumes+1","Dodge and Roll","Cloak And Dagger","Prepared+1","After Image+1","Deflect","Footwork+1","Backflip","Secret Technique","Writhe"],"special_seed":0,"relics":["Ring of the Snake","FossilizedHelix","Shuriken","Gambling Chip","Girya","Cursed Key","Bottled Flame","Red Mask","White Beast Statue"],"potions_floor_usage":[],"damage_taken":[{"damage":0.0,"enemies":"Jaw Worm","floor":1.0,"turns":5.0},{"damage":0.0,"enemies":"2 Louse","floor":2.0,"turns":3.0},{"damage":0.0,"enemies":"Small Slimes","floor":5.0,"turns":3.0},{"damage":27.0,"enemies":"3 Sentries","floor":6.0,"turns":12.0},{"damage":29.0,"enemies":"Gremlin Nob","floor":8.0,"turns":5.0},{"damage":0.0,"enemies":"Gremlin Gang","floor":13.0,"turns":3.0},{"damage":11.0,"enemies":"Hexaghost","floor":16.0,"turns":9.0},{"damage":6.0,"enemies":"2 Thieves","floor":18.0,"turns":3.0},{"damage":0.0,"enemies":"Chosen","floor":19.0,"turns":4.0},{"damage":19.0,"enemies":"3 Cultists","floor":21.0,"turns":4.0},{"damage":10.0,"enemies":"Masked Bandits","floor":27.0,"turns":5.0},{"damage":0.0,"enemies":"Shelled Parasite and Fungi","floor":29.0,"turns":8.0},{"damage":0.0,"enemies":"Snecko","floor":30.0,"turns":5.0},{"damage":0.0,"enemies":"Automaton","floor":33.0,"turns":9.0},{"damage":0.0,"enemies":"Orb Walker","floor":35.0,"turns":3.0},{"damage":0.0,"enemies":"3 Darklings","floor":36.0,"turns":5.0},{"damage":4.0,"enemies":"Maw","floor":37.0,"turns":9.0},{"damage":16.0,"enemies":"Sphere and 2 Shapes","floor":39.0,"turns":7.0},{"damage":0.0,"enemies":"Writhing Mass","floor":45.0,"turns":9.0},{"damage":0.0,"enemies":"Spire Growth","floor":46.0,"turns":8.0},{"damage":8,"enemies":"Donu and Deca","floor":50,"turns":10}],"seed_played":"-8441397821164352977","potions_obtained":[{"floor":8.0,"key":"GhostInAJar"},{"floor":13.0,"key":"EssenceOfSteel"},{"floor":30.0,"key":"GamblersBrew"},{"floor":33.0,"key":"Block Potion"},{"floor":36.0,"key":"SpeedPotion"},{"floor":37.0,"key":"Ancient Potion"}],"is_trial":false,"path_per_floor":["M","M","$","?","M","E","R","E","T","R","?","$","M","?","R","B",null,"M","M","?","M","?","R","$","R","T","?","T","M","M","$","R","B",null,"M","M","M","?","M","R","$","R","T","R","M","M","?","?","R","B"],"character_chosen":"THE_SILENT","items_purchased":["Backstab","Infinite Blades","Well Laid Plans","Cloak And Dagger","Noxious Fumes","Footwork"],"campfire_rested":2,"item_purchase_floors":[3,12,24,24,31,41],"current_hp_per_floor":[59,59,59,59,59,32,32,3,3,21,21,21,21,21,21,10,48,42,42,30,11,11,11,11,11,11,1,1,1,1,1,10,10,25,25,25,21,21,5,5,5,5,5,5,5,5,5,11,11,3],"gold":108,"neow_bonus":"ONE_RARE_RELIC","is_prod":false,"is_daily":false,"chose_seed":false,"campfire_upgraded":7,"win_rate":0,"timestamp":1554791132,"path_taken":["M","M","$","?","M","E","R","E","T","R","?","$","M","?","R","BOSS","M","?","?","M","?","R","?","R","T","?","?","M","M","$","R","BOSS","M","M","?","?","M","R","?","R","T","R","M","M","?","?","R","BOSS"],"build_version":"2019-04-04","purchased_purges":2,"victory":false,"max_hp_per_floor":[60,60,60,60,60,60,60,60,60,60,60,60,60,60,60,60,60,60,60,30,30,30,30,30,30,30,30,30,30,30,30,30,30,30,30,30,30,30,30,30,30,30,30,30,30,30,30,30,30,30],"card_choices":[{"not_picked":["Underhanded Strike","Blade Dance","Prepared"],"picked":"SKIP","floor":1.0},{"not_picked":["Poisoned Stab","Accuracy"],"picked":"Dagger Spray","floor":2.0},{"not_picked":["Storm of Steel","Bane"],"picked":"Dagger Throw","floor":5.0},{"not_picked":["Bouncing Flask","Bane"],"picked":"Blur","floor":6.0},{"not_picked":["Sucker Punch","Underhanded Strike"],"picked":"Caltrops","floor":8.0},{"not_picked":["Poisoned Stab","Backstab"],"picked":"Cloak And Dagger","floor":13.0},{"not_picked":["Die Die Die","Storm of Steel"],"picked":"A Thousand Cuts","floor":16.0},{"not_picked":["Poisoned Stab+1","Riddle With Holes","Quick Slash"],"picked":"SKIP","floor":18.0},{"not_picked":["Choke","Quick Slash","All Out Attack"],"picked":"SKIP","floor":19.0},{"not_picked":["Prepared","Doppelganger","Blade Dance"],"picked":"SKIP","floor":21.0},{"not_picked":["Underhanded Strike+1","Cloak And Dagger"],"picked":"Dash","floor":27.0},{"not_picked":["Dagger Throw","Bane"],"picked":"Sucker Punch+1","floor":29.0},{"not_picked":["Dash","Sucker Punch"],"picked":"Malaise","floor":30.0},{"not_picked":["Finisher","Dagger Throw+1"],"picked":"Dodge and Roll","floor":35.0},{"not_picked":["Prepared","Underhanded Strike+1"],"picked":"Cloak And Dagger","floor":36.0},{"not_picked":["Tactician","Masterful Stab"],"picked":"Prepared+1","floor":37.0},{"not_picked":["Slice","Quick Slash+1"],"picked":"Deflect","floor":39.0},{"not_picked":["Blade Dance+1","Calculated Gamble"],"picked":"Backflip","floor":45.0},{"not_picked":["Sucker Punch","Dagger Spray","Envenom"],"picked":"SKIP","floor":46.0},{"not_picked":["Transmutation","Dramatic Entrance"],"picked":"Secret Technique","floor":47.0}],"player_experience":964362,"relics_obtained":[{"floor":6.0,"key":"Shuriken"},{"floor":8.0,"key":"Gambling Chip"},{"floor":9.0,"key":"Girya"},{"floor":26.0,"key":"Bottled Flame"},{"floor":27.0,"key":"Red Mask"}],"event_choices":[{"damage_healed":0.0,"max_hp_gain":0.0,"max_hp_loss":0.0,"gold_gain":0.0,"event_name":"Liars Game","player_choice":"Ignored","floor":4.0,"gold_loss":0.0,"damage_taken":0.0},{"damage_healed":0.0,"max_hp_gain":0.0,"max_hp_loss":0.0,"gold_gain":0.0,"event_name":"Shining Light","player_choice":"Ignored","floor":11.0,"gold_loss":0.0,"damage_taken":0.0},{"damage_healed":0.0,"max_hp_gain":0.0,"max_hp_loss":0.0,"gold_gain":50.0,"event_name":"Golden Shrine","player_choice":"Pray","floor":14.0,"gold_loss":0.0,"damage_taken":0.0},{"damage_healed":0.0,"max_hp_gain":0.0,"max_hp_loss":30.0,"gold_gain":0.0,"event_name":"Ghosts","player_choice":"Became a Ghost","floor":20.0,"gold_loss":0.0,"damage_taken":0.0,"cards_obtained":["Ghostly","Ghostly","Ghostly"]},{"damage_healed":0.0,"max_hp_gain":0.0,"max_hp_loss":0.0,"gold_gain":50.0,"event_name":"Nest","player_choice":"Stole From Cult","floor":22.0,"gold_loss":0.0,"damage_taken":0.0},{"damage_healed":0.0,"max_hp_gain":0.0,"max_hp_loss":0.0,"gold_gain":0.0,"event_name":"Masked Bandits","player_choice":"Fought Bandits","floor":27.0,"gold_loss":0.0,"damage_taken":0.0},{"damage_healed":0.0,"max_hp_gain":0.0,"max_hp_loss":0.0,"gold_gain":0.0,"event_name":"Match and Keep!","player_choice":"1 cards matched","floor":38.0,"gold_loss":0.0,"damage_taken":0.0,"cards_obtained":["After Image"]},{"damage_healed":0.0,"max_hp_gain":0.0,"max_hp_loss":0.0,"gold_gain":0.0,"event_name":"SensoryStone","player_choice":"Memory 1","floor":47.0,"gold_loss":0.0,"damage_taken":0.0},{"damage_healed":6.0,"max_hp_gain":0.0,"max_hp_loss":0.0,"gold_gain":0.0,"event_name":"Winding Halls","player_choice":"Writhe","floor":48.0,"gold_loss":0.0,"damage_taken":0.0,"cards_obtained":["Writhe"]}],"is_beta":true,"boss_relics":[{"not_picked":["HoveringKite","Ring of the Serpent"],"picked":"Cursed Key"},{"not_picked":["Snecko Eye","WristBlade"],"picked":"White Beast Statue"}],"items_purged_floors":[24,31],"is_endless":false,"potions_floor_spawned":[8,13,16,19,30,33,35,36,37,39,45,46],"killed_by":"Donu and Deca","ascension_level":20}