{"gold_per_floor":[366,6,6,17,31,64,64,64,64,64,75,49,149,164,164,241,241,257,257,210,63,63,63,93,113,113,124,124,153,153,153,153,224,224,238,238,251,251,304,304,337,337,337,337,39,39,59,71,71,71,71],"floor_reached":51,"playtime":3896,"items_purged":["Shame"],"score":1372,"play_id":"089ff066-758e-4cab-ad94-79b922e767f0","local_time":"20180923002643","is_ascension_mode":true,"campfire_choices":[{"data":"Noxious Fumes","floor":7.0,"key":"SMITH"},{"data":"Neutralize","floor":10.0,"key":"SMITH"},{"floor":15.0,"key":"REST"},{"data":"Dash","floor":23.0,"key":"SMITH"},{"data":"Leg Sweep","floor":28.0,"key":"SMITH"},{"data":"Infinite Blades","floor":30.0,"key":"SMITH"},{"data":"Survivor","floor":32.0,"key":"SMITH"},{"data":"Wraith Form v2","floor":40.0,"key":"SMITH"},{"data":"After Image","floor":44.0,"key":"SMITH"},{"data":"Defend_G","floor":46.0,"key":"SMITH"},{"data":"Defend_G","floor":49.0,"key":"SMITH"}],"neow_cost":"PERCENT_DAMAGE","seed_source_timestamp":0,"circlet_count":0,"master_deck":["Defend_G","Defend_G","Defend_G","Defend_G+1","Defend_G+1","Survivor+1","Neutralize+1","AscendersBane","Leg Sweep+1","Noxious Fumes+1","Deadly Poison+1","Endless Agony","PiercingWail+1","Infinite Blades+1","Dash+1","Escape Plan+1","Dodge and Roll+1","Dodge and Roll+1","Backflip+1","Bullet Time+1","Cloak And Dagger+1","Deadly Poison+1","Bite","Bite","Bite","Bite","Bite","Footwork+1","Prepared+1","Blur+1","Night Terror+1","Backflip+1","Backstab","Wraith Form v2+1","Dodge and Roll+1","Acrobatics+1","Cloak And Dagger+1","Burst+1","Quick Slash","After Image+1","Backflip+1","Flash of Steel","Acrobatics+1","Leg Sweep+1","Quick Slash","Quick Slash"],"special_seed":0,"relics":["Ring of the Snake","Toxic Egg 2","Prayer Wheel","Ninja Scroll","Cursed Key","MutagenicStrength","Bottled Flame","Juzu Bracelet","Philosopher\u0027s Stone","Nunchaku","Incense Burner","Bird Faced Urn","The Courier"],"potions_floor_usage":[],"damage_taken":[{"damage":0.0,"enemies":"Small Slimes","floor":1.0,"turns":4.0},{"damage":0.0,"enemies":"2 Louse","floor":4.0,"turns":3.0},{"damage":0.0,"enemies":"Cultist","floor":5.0,"turns":3.0},{"damage":11.0,"enemies":"Lagavulin","floor":6.0,"turns":7.0},{"damage":0.0,"enemies":"Blue Slaver","floor":11.0,"turns":4.0},{"damage":0.0,"enemies":"Lots of Slimes","floor":14.0,"turns":3.0},{"damage":27.0,"enemies":"Slime Boss","floor":16.0,"turns":11.0},{"damage":0.0,"enemies":"3 Byrds","floor":18.0,"turns":5.0},{"damage":13.0,"enemies":"2 Thieves","floor":20.0,"turns":5.0},{"damage":19.0,"enemies":"Book of Stabbing","floor":24.0,"turns":6.0},{"damage":0.0,"enemies":"Snecko","floor":25.0,"turns":9.0},{"damage":1.0,"enemies":"Shelled Parasite and Fungi","floor":27.0,"turns":5.0},{"damage":10.0,"enemies":"Gremlin Leader","floor":29.0,"turns":9.0},{"damage":0.0,"enemies":"Colosseum Slavers","floor":31.0,"turns":5.0},{"damage":7.0,"enemies":"Automaton","floor":33.0,"turns":14.0},{"damage":6.0,"enemies":"3 Shapes","floor":35.0,"turns":5.0},{"damage":12.0,"enemies":"Mind Bloom Boss Battle","floor":36.0,"turns":9.0},{"damage":0.0,"enemies":"Orb Walker","floor":37.0,"turns":2.0},{"damage":0.0,"enemies":"Mysterious Sphere","floor":39.0,"turns":7.0},{"damage":13.0,"enemies":"2 Orb Walkers","floor":41.0,"turns":6.0},{"damage":0.0,"enemies":"Sphere and 2 Shapes","floor":47.0,"turns":4.0},{"damage":0.0,"enemies":"Transient","floor":48.0,"turns":6.0},{"damage":5.0,"enemies":"Awakened One","floor":50.0,"turns":37.0},{"damage":87,"enemies":"Time Eater","floor":51,"turns":18}],"seed_played":"1891989336735827993","potions_obtained":[{"floor":1.0,"key":"Block Potion"},{"floor":11.0,"key":"EntropicBrew"},{"floor":27.0,"key":"AttackPotion"},{"floor":37.0,"key":"Swift Potion"}],"is_trial":false,"path_per_floor":["M","$","?","M","M","E","R","?","T","R","M","$","?","M","R","B",null,"M","?","M","$","?","R","E","M","T","M","R","E","R","?","R","B",null,"M","?","M","?","?","R","E","?","T","R","$","R","M","M","R","B"],"character_chosen":"THE_SILENT","items_purchased":["Toxic Egg 2","Noxious Fumes","Dodge and Roll+1","Blur+1","Quick Slash","Backflip+1","EssenceOfSteel","Swift Potion","Flash of Steel"],"campfire_rested":1,"item_purchase_floors":[2,2,12,21,21,45,45,45,45],"current_hp_per_floor":[44,44,37,37,37,26,26,26,26,26,26,26,26,26,45,18,54,54,46,39,39,39,39,30,42,42,46,46,40,40,46,46,46,46,46,44,46,46,46,46,39,39,39,39,39,39,46,46,46,46,0],"gold":71,"neow_bonus":"TWO_FIFTY_GOLD","is_prod":false,"is_daily":false,"chose_seed":false,"campfire_upgraded":10,"win_rate":0,"timestamp":1537676803,"path_taken":["M","$","?","M","?","E","R","?","T","R","M","$","?","?","R","BOSS","M","?","M","$","?","R","E","M","T","M","R","E","R","?","R","BOSS","M","?","M","?","?","R","E","?","T","R","$","R","M","M","R","BOSS","BOSS"],"build_version":"2018-09-20","purchased_purges":1,"victory":false,"max_hp_per_floor":[66,66,66,66,66,66,66,66,66,66,66,66,66,66,66,66,66,66,46,46,46,46,46,46,46,46,46,46,46,46,46,46,46,46,46,46,46,46,46,46,46,46,46,46,46,46,46,46,46,46,46],"card_choices":[{"not_picked":["Deadly Poison","Quick Slash"],"picked":"Leg Sweep","floor":1.0},{"not_picked":["Underhanded Strike","Noxious Fumes"],"picked":"Deadly Poison+1","floor":4.0},{"not_picked":["Blade Dance+1","Calculated Gamble+1"],"picked":"Endless Agony","floor":5.0},{"not_picked":["Caltrops","Outmaneuver+1"],"picked":"PiercingWail+1","floor":6.0},{"not_picked":["Finisher","Infinite Blades"],"picked":"Dash","floor":11.0},{"not_picked":["Dagger Spray","Finisher"],"picked":"Escape Plan+1","floor":11.0},{"not_picked":["Dagger Spray","Cloak And Dagger+1"],"picked":"Dodge and Roll+1","floor":14.0},{"not_picked":["Acrobatics+1","Dagger Throw"],"picked":"Backflip+1","floor":14.0},{"not_picked":["Envenom","Venomology+1"],"picked":"Bullet Time+1","floor":16.0},{"not_picked":["Reflex+1","Escape Plan+1"],"picked":"Cloak And Dagger+1","floor":18.0},{"not_picked":["Cloak And Dagger+1","Dagger Throw"],"picked":"Deadly Poison+1","floor":18.0},{"not_picked":["Bane","Underhanded Strike"],"picked":"Footwork+1","floor":20.0},{"not_picked":["Distraction+1","Concentrate+1"],"picked":"Prepared+1","floor":20.0},{"not_picked":["Predator","Acrobatics+1"],"picked":"Night Terror+1","floor":24.0},{"not_picked":["Flying Knee","Slice"],"picked":"Backflip+1","floor":25.0},{"not_picked":["Tactician+1","Dodge and Roll+1","Outmaneuver+1"],"picked":"SKIP","floor":25.0},{"not_picked":["Bane","Outmaneuver+1"],"picked":"Backstab","floor":27.0},{"not_picked":["Deflect+1","Quick Slash","Eviscerate"],"picked":"SKIP","floor":27.0},{"not_picked":["Finisher","Dagger Spray","Calculated Gamble+1"],"picked":"SKIP","floor":29.0},{"not_picked":["Unload","Envenom"],"picked":"Wraith Form v2","floor":33.0},{"not_picked":["Slice+1","Dagger Spray"],"picked":"Dodge and Roll+1","floor":35.0},{"not_picked":["Cloak And Dagger+1","Underhanded Strike"],"picked":"Acrobatics+1","floor":35.0},{"not_picked":["Dagger Throw","Predator"],"picked":"Cloak And Dagger+1","floor":36.0},{"not_picked":["Outmaneuver+1","Sucker Punch"],"picked":"Burst+1","floor":37.0},{"not_picked":["All Out Attack+1","Slice+1","Finisher+1"],"picked":"SKIP","floor":37.0},{"not_picked":["Choke","Slice"],"picked":"Quick Slash","floor":39.0},{"not_picked":["Flechettes","Dodge and Roll+1"],"picked":"After Image","floor":41.0},{"not_picked":["Distraction+1","Underhanded Strike+1"],"picked":"Acrobatics+1","floor":47.0},{"not_picked":["Concentrate+1","Choke"],"picked":"Leg Sweep+1","floor":47.0},{"not_picked":["Masterful Stab","Unload"],"picked":"Quick Slash","floor":48.0},{"not_picked":["Blade Dance+1","PiercingWail+1"],"picked":"Quick Slash","floor":48.0}],"player_experience":609609,"relics_obtained":[{"floor":6.0,"key":"Prayer Wheel"},{"floor":9.0,"key":"Ninja Scroll"},{"floor":24.0,"key":"Bottled Flame"},{"floor":29.0,"key":"Juzu Bracelet"},{"floor":36.0,"key":"Nunchaku"},{"floor":39.0,"key":"Incense Burner"},{"floor":41.0,"key":"Bird Faced Urn"},{"floor":43.0,"key":"The Courier"}],"event_choices":[{"event_name":"Golden Wing","player_choice":"Card Removal","floor":3.0,"damage_taken":0.0},{"event_name":"Living Wall","player_choice":"Change","floor":8.0,"damage_taken":0.0},{"event_name":"Wheel of Change","player_choice":"Gold","floor":13.0,"damage_taken":0.0},{"event_name":"Vampires","player_choice":"Became a vampire","floor":19.0,"damage_taken":0.0},{"event_name":"Drug Dealer","player_choice":"Inject Mutagens","floor":22.0,"damage_taken":0.0},{"event_name":"Colosseum","player_choice":"Fight","floor":31.0,"damage_taken":0.0},{"event_name":"Colosseum","player_choice":"Fled From Nobs","floor":31.0,"damage_taken":0.0},{"event_name":"MindBloom","player_choice":"Fight","floor":36.0,"damage_taken":0.0},{"event_name":"Tomb of Lord Red Mask","player_choice":"Ignored","floor":38.0,"damage_taken":0.0},{"event_name":"Mysterious Sphere","player_choice":"Fight","floor":39.0,"damage_taken":0.0},{"event_name":"Falling","player_choice":"Removed Attack","floor":42.0,"damage_taken":0.0}],"is_beta":true,"boss_relics":[{"not_picked":["Black Star","White Beast Statue"],"picked":"Cursed Key"},{"not_picked":["Astrolabe","Tiny House"],"picked":"Philosopher\u0027s Stone"}],"items_purged_floors":[45],"is_endless":false,"potions_floor_spawned":[1,11,27,29,37,47],"killed_by":"Time Eater","ascension_level":20}