{"gold_per_floor":[117,117,117,130,140,140,171,171,171,171,171,171,189,207,207,283,283,301,301,6,6,16,16,29,29,80,96,96,96,114,130,130,202,202,213,36,36,55,55,55,73,15,15,30,30,41,41,69,69,69,69],"floor_reached":51,"playtime":2920,"items_purged":["Strike_G"],"score":1279,"play_id":"b56ff405-912b-4577-8c6e-3dba060b4515","local_time":"20180924223657","is_ascension_mode":true,"campfire_choices":[{"data":"A Thousand Cuts","floor":6.0,"key":"SMITH"},{"data":"Adrenaline","floor":8.0,"key":"SMITH"},{"floor":10.0,"key":"REST"},{"data":"Infinite Blades","floor":15.0,"key":"SMITH"},{"data":"Leg Sweep","floor":23.0,"key":"SMITH"},{"floor":25.0,"key":"REST"},{"floor":28.0,"key":"REST"},{"data":"Footwork","floor":32.0,"key":"SMITH"},{"floor":40.0,"key":"REST"},{"floor":47.0,"key":"REST"},{"data":"Footwork","floor":49.0,"key":"SMITH"}],"neow_cost":"PERCENT_DAMAGE","seed_source_timestamp":0,"circlet_count":0,"master_deck":["Defend_G","Defend_G","Defend_G","Defend_G","Defend_G","Strike_G","Strike_G","Strike_G","Strike_G","Survivor","Neutralize","AscendersBane","A Thousand Cuts+1","PiercingWail","Leg Sweep+1","Adrenaline+1","Flying Knee","Cloak And Dagger","Infinite Blades+1","Malaise+1","Backstab","Dagger Spray+1","Adrenaline+1","Cloak And Dagger+1","Backstab+1","Footwork+1","PiercingWail+1","Envenom","Noxious Fumes","Glass Knife","Dagger Throw","Well Laid Plans+1","Finesse","Backflip","Blur","Footwork+1"],"special_seed":0,"relics":["Ring of the Snake","Prayer Wheel","Gremlin Horn","Philosopher\u0027s Stone","OrangePellets","Strawberry","Cursed Key","Snake Skull","Art of War"],"potions_floor_usage":[],"damage_taken":[{"damage":4.0,"enemies":"Small Slimes","floor":1.0,"turns":5.0},{"damage":1.0,"enemies":"Cultist","floor":4.0,"turns":5.0},{"damage":0.0,"enemies":"2 Louse","floor":5.0,"turns":4.0},{"damage":42.0,"enemies":"Gremlin Nob","floor":7.0,"turns":6.0},{"damage":0.0,"enemies":"Lots of Slimes","floor":13.0,"turns":1.0},{"damage":1.0,"enemies":"Exordium Thugs","floor":14.0,"turns":3.0},{"damage":36.0,"enemies":"The Guardian","floor":16.0,"turns":17.0},{"damage":18.0,"enemies":"Spheric Guardian","floor":18.0,"turns":6.0},{"damage":12.0,"enemies":"2 Thieves","floor":22.0,"turns":3.0},{"damage":12.0,"enemies":"Centurion and Healer","floor":24.0,"turns":5.0},{"damage":0.0,"enemies":"Cultist and Chosen","floor":27.0,"turns":5.0},{"damage":10.0,"enemies":"Sentry and Sphere","floor":30.0,"turns":8.0},{"damage":0.0,"enemies":"Centurion and Healer","floor":31.0,"turns":7.0},{"damage":49.0,"enemies":"Champ","floor":33.0,"turns":16.0},{"damage":29.0,"enemies":"3 Darklings","floor":35.0,"turns":5.0},{"damage":0.0,"enemies":"3 Shapes","floor":38.0,"turns":4.0},{"damage":6.0,"enemies":"3 Darklings","floor":41.0,"turns":3.0},{"damage":2.0,"enemies":"Spire Growth","floor":44.0,"turns":6.0},{"damage":0.0,"enemies":"Sphere and 2 Shapes","floor":46.0,"turns":4.0},{"damage":5.0,"enemies":"2 Orb Walkers","floor":48.0,"turns":4.0},{"damage":29.0,"enemies":"Time Eater","floor":50.0,"turns":15.0},{"damage":22,"enemies":"Donu and Deca","floor":51,"turns":2}],"seed_played":"-7053719843160198558","potions_obtained":[{"floor":1.0,"key":"SkillPotion"},{"floor":4.0,"key":"Dexterity Potion"},{"floor":5.0,"key":"PowerPotion"},{"floor":14.0,"key":"Poison Potion"},{"floor":22.0,"key":"GamblersBrew"},{"floor":24.0,"key":"Dexterity Potion"},{"floor":41.0,"key":"GamblersBrew"},{"floor":46.0,"key":"AttackPotion"},{"floor":48.0,"key":"GamblersBrew"}],"is_trial":false,"path_per_floor":["M","?","?","M","M","R","E","R","T","R","?","?","M","M","R","B",null,"M","?","$","?","M","R","M","R","T","M","R","$","M","M","R","B",null,"M","$","?","M","?","R","M","$","T","M","?","M","R","E","R","B"],"character_chosen":"THE_SILENT","items_purchased":["OrangePellets","Snake Skull","Swift Potion"],"campfire_rested":5,"item_purchase_floors":[20,36,42],"current_hp_per_floor":[40,40,45,44,44,44,2,2,2,23,23,71,71,70,70,34,62,44,44,44,44,32,32,20,41,48,48,71,71,61,61,61,12,62,33,33,33,33,33,56,50,50,50,48,48,48,70,65,65,36,14],"gold":69,"neow_bonus":"THREE_RARE_CARDS","is_prod":false,"is_daily":false,"chose_seed":false,"campfire_upgraded":6,"win_rate":0,"timestamp":1537843017,"path_taken":["M","?","?","M","?","R","E","R","T","R","?","?","M","M","R","BOSS","M","?","$","?","M","R","M","R","T","?","R","$","M","M","R","BOSS","M","$","?","M","?","R","M","?","T","?","?","M","R","E","R","BOSS","BOSS"],"build_version":"2018-09-20","purchased_purges":1,"victory":false,"max_hp_per_floor":[66,66,71,71,71,71,71,71,71,71,71,71,71,71,71,71,71,71,71,71,71,71,71,71,71,78,78,78,78,78,78,78,78,78,78,78,78,78,78,78,78,78,78,78,74,74,74,74,74,74,74],"card_choices":[{"not_picked":["Grand Finale","Tools of the Trade"],"picked":"A Thousand Cuts","floor":0.0},{"not_picked":["Tactician","Acrobatics"],"picked":"Caltrops","floor":1.0},{"not_picked":["Underhanded Strike","Blade Dance"],"picked":"PiercingWail","floor":4.0},{"not_picked":["Cloak And Dagger","Blade Dance"],"picked":"Leg Sweep","floor":5.0},{"not_picked":["Cloak And Dagger","Eviscerate"],"picked":"Adrenaline","floor":7.0},{"not_picked":["Escape Plan","Tactician"],"picked":"Flying Knee","floor":13.0},{"not_picked":["Prepared","Backflip"],"picked":"Cloak And Dagger","floor":13.0},{"not_picked":["Slice","Phantasmal Killer"],"picked":"Infinite Blades","floor":14.0},{"not_picked":["Slice","Setup","Footwork"],"picked":"SKIP","floor":14.0},{"not_picked":["After Image","Storm of Steel"],"picked":"Malaise","floor":16.0},{"not_picked":["Dagger Spray","Bane+1"],"picked":"Backstab","floor":18.0},{"not_picked":["Escape Plan","Blur"],"picked":"Dagger Spray+1","floor":18.0},{"not_picked":["Dagger Spray","Infinite Blades"],"picked":"Cloak And Dagger+1","floor":22.0},{"not_picked":["Outmaneuver","Caltrops","Cloak And Dagger"],"picked":"SKIP","floor":22.0},{"not_picked":["Cloak And Dagger","PiercingWail"],"picked":"Backstab+1","floor":24.0},{"not_picked":["Noxious Fumes","Infinite Blades+1","Flechettes"],"picked":"SKIP","floor":24.0},{"not_picked":["PiercingWail","Sucker Punch"],"picked":"Footwork","floor":27.0},{"not_picked":["Caltrops","Sucker Punch+1"],"picked":"PiercingWail+1","floor":27.0},{"not_picked":["Bane","Leg Sweep"],"picked":"Envenom","floor":30.0},{"not_picked":["Tactician","Infinite Blades"],"picked":"Noxious Fumes","floor":30.0},{"not_picked":["Prepared","Skewer","Expertise"],"picked":"SKIP","floor":31.0},{"not_picked":["Sucker Punch","Blade Dance","Deadly Poison"],"picked":"SKIP","floor":31.0},{"not_picked":["A Thousand Cuts","Bullet Time"],"picked":"Glass Knife","floor":33.0},{"not_picked":["Finisher","Choke"],"picked":"Dagger Throw","floor":35.0},{"not_picked":["Blade Dance+1","Choke","Deflect"],"picked":"SKIP","floor":35.0},{"not_picked":["Setup","Outmaneuver+1"],"picked":"Well Laid Plans+1","floor":38.0},{"not_picked":["Flying Knee+1","Finisher","PiercingWail"],"picked":"SKIP","floor":38.0},{"not_picked":["Flash of Steel","Transmutation"],"picked":"Finesse","floor":39.0},{"not_picked":["Dagger Spray","Poisoned Stab"],"picked":"Backflip","floor":41.0},{"not_picked":["Poisoned Stab+1","Reflex","All Out Attack"],"picked":"SKIP","floor":41.0},{"not_picked":["Terror","Caltrops+1"],"picked":"Blur","floor":44.0},{"not_picked":["Setup+1","Calculated Gamble","Cloak And Dagger"],"picked":"SKIP","floor":44.0},{"not_picked":["Dodge and Roll","Dagger Spray"],"picked":"Footwork","floor":46.0},{"not_picked":["Prepared","Leg Sweep","Poisoned Stab"],"picked":"SKIP","floor":46.0},{"not_picked":["Corpse Explosion","Tactician","Slice"],"picked":"SKIP","floor":48.0}],"player_experience":617258,"relics_obtained":[{"floor":7.0,"key":"Prayer Wheel"},{"floor":9.0,"key":"Gremlin Horn"},{"floor":26.0,"key":"Strawberry"},{"floor":48.0,"key":"Art of War"}],"event_choices":[{"event_name":"Liars Game","player_choice":"disagreed","floor":2.0,"damage_taken":0.0},{"event_name":"Big Fish","player_choice":"Donut","floor":3.0,"damage_taken":0.0},{"event_name":"Shining Light","player_choice":"Ignored","floor":11.0,"damage_taken":0.0},{"event_name":"Bonfire Elementals","player_choice":"UNCOMMON","floor":12.0,"damage_taken":0.0},{"event_name":"Duplicator","player_choice":"One dupe","floor":19.0,"damage_taken":0.0},{"event_name":"Accursed Blacksmith","player_choice":"Forge","floor":21.0,"damage_taken":0.0},{"event_name":"Mysterious Sphere","player_choice":"Ignore","floor":37.0,"damage_taken":0.0},{"event_name":"SensoryStone","player_choice":"Memory 1","floor":39.0,"damage_taken":0.0},{"event_name":"Winding Halls","player_choice":"Max HP","floor":45.0,"damage_taken":0.0}],"is_beta":true,"boss_relics":[{"not_picked":["Eternal Feather","Lizard Tail"],"picked":"Philosopher\u0027s Stone"},{"not_picked":["Calling Bell","Runic Dome"],"picked":"Cursed Key"}],"items_purged_floors":[20],"is_endless":false,"potions_floor_spawned":[1,4,5,14,22,24,41,46,48],"killed_by":"Donu and Deca","ascension_level":20}