{"gold_per_floor":[115,131,56,76,88,88,99,109,132,132,132,152,172,183,183,260,260,273,292,24,39,39],"floor_reached":22,"playtime":1121,"items_purged":[],"score":368,"play_id":"272c05c2-5933-46f1-b204-349af836cfcf","local_time":"20181028012608","is_ascension_mode":true,"campfire_choices":[{"data":"Neutralize","floor":6.0,"key":"SMITH"},{"data":"Flechettes","floor":10.0,"key":"SMITH"},{"data":"Crippling Poison","floor":15.0,"key":"SMITH"}],"neow_cost":"TEN_PERCENT_HP_LOSS","seed_source_timestamp":257255230945298,"circlet_count":0,"master_deck":["Defend_G","Defend_G","Defend_G","Defend_G","Strike_G","Strike_G","Strike_G","Survivor","Neutralize+1","AscendersBane","Tactician","Flechettes+1","Blade Dance","Backflip","Dagger Spray","Dagger Throw","Cloak And Dagger","Cloak And Dagger","Predator","Crippling Poison+1","PiercingWail","Deflect","Dagger Throw+1","Footwork","Backflip"],"special_seed":0,"relics":["Ring of the Serpent","Regal Pillow","The Specimen","ClockworkSouvenir"],"potions_floor_usage":[22,22],"damage_taken":[{"damage":7.0,"enemies":"Jaw Worm","floor":1.0,"turns":4.0},{"damage":4.0,"enemies":"Small Slimes","floor":2.0,"turns":4.0},{"damage":0.0,"enemies":"Cultist","floor":4.0,"turns":3.0},{"damage":0.0,"enemies":"3 Louse","floor":5.0,"turns":5.0},{"damage":6.0,"enemies":"Lots of Slimes","floor":7.0,"turns":3.0},{"damage":2.0,"enemies":"Blue Slaver","floor":8.0,"turns":4.0},{"damage":4.0,"enemies":"Red Slaver","floor":12.0,"turns":3.0},{"damage":0.0,"enemies":"Lots of Slimes","floor":13.0,"turns":2.0},{"damage":2.0,"enemies":"Blue Slaver","floor":14.0,"turns":4.0},{"damage":31.0,"enemies":"The Guardian","floor":16.0,"turns":14.0},{"damage":13.0,"enemies":"Chosen","floor":18.0,"turns":4.0},{"damage":6.0,"enemies":"2 Thieves","floor":19.0,"turns":4.0},{"damage":26.0,"enemies":"3 Cultists","floor":21.0,"turns":5.0},{"damage":0,"enemies":"Snake Plant","floor":22,"turns":3}],"seed_played":"-9113375675364164931","potions_obtained":[{"floor":1.0,"key":"FearPotion"},{"floor":7.0,"key":"SkillPotion"},{"floor":13.0,"key":"Fire Potion"},{"floor":16.0,"key":"SpeedPotion"},{"floor":21.0,"key":"SteroidPotion"}],"is_trial":false,"path_per_floor":["M","M","?","M","M","R","M","M","T","R","?","M","M","M","R","B",null,"M","M","$","M"],"character_chosen":"THE_SILENT","items_purchased":["Footwork","ClockworkSouvenir"],"campfire_rested":0,"item_purchase_floors":[20,20],"current_hp_per_floor":[52,48,48,48,48,48,42,40,40,40,40,36,36,34,34,3,46,33,27,27,1,1],"gold":39,"neow_bonus":"TRANSFORM_TWO_CARDS","is_prod":false,"is_daily":false,"chose_seed":false,"campfire_upgraded":3,"win_rate":0,"timestamp":1540704368,"path_taken":["M","M","?","M","M","R","?","M","T","R","?","M","M","M","R","BOSS","M","M","$","M","M"],"build_version":"2018-10-25v2","purchased_purges":0,"victory":false,"max_hp_per_floor":[60,60,60,60,60,60,60,60,60,60,60,60,60,60,60,60,60,60,60,60,60,60],"card_choices":[{"not_picked":["Accuracy","Flying Knee"],"picked":"Blade Dance","floor":1.0},{"not_picked":["Predator","Masterful Stab"],"picked":"Backflip","floor":2.0},{"not_picked":["Tactician","Reflex"],"picked":"Dagger Spray","floor":4.0},{"not_picked":["Deflect","All Out Attack"],"picked":"Dagger Throw","floor":5.0},{"not_picked":["Bane","Endless Agony"],"picked":"Cloak And Dagger","floor":7.0},{"not_picked":["Dagger Spray","Distraction"],"picked":"Cloak And Dagger","floor":8.0},{"not_picked":["PiercingWail","Reflex"],"picked":"Predator","floor":12.0},{"not_picked":["Endless Agony","Caltrops"],"picked":"Crippling Poison","floor":13.0},{"not_picked":["Cloak And Dagger","Tactician"],"picked":"PiercingWail","floor":14.0},{"not_picked":["Escape Plan","Setup+1"],"picked":"Deflect","floor":18.0},{"not_picked":["Poisoned Stab","Quick Slash"],"picked":"Dagger Throw+1","floor":19.0},{"not_picked":["Sucker Punch+1","Prepared"],"picked":"Backflip","floor":21.0}],"player_experience":740293,"relics_obtained":[{"floor":9.0,"key":"Regal Pillow"},{"floor":11.0,"key":"The Specimen"}],"event_choices":[{"cards_removed":["Strike_G"],"damage_healed":0.0,"max_hp_gain":0.0,"max_hp_loss":0.0,"gold_gain":0.0,"event_name":"The Cleric","player_choice":"Card Removal","floor":3.0,"gold_loss":75.0,"damage_taken":0.0},{"damage_healed":0.0,"max_hp_gain":0.0,"max_hp_loss":0.0,"gold_gain":0.0,"event_name":"Wheel of Change","player_choice":"Relic","floor":11.0,"gold_loss":0.0,"damage_taken":0.0}],"is_beta":true,"boss_relics":[{"not_picked":["Coffee Dripper","Busted Crown"],"picked":"Ring of the Serpent"}],"items_purged_floors":[],"is_endless":false,"potions_floor_spawned":[1,7,8,13,16,18,21],"killed_by":"Snake Plant","ascension_level":20}