{"gold_per_floor":[109,184,201,7,24,57,87,87,87,122,122,142,142,156,156,261,261,279,57,57,67,81,81,32,57,106,132,132,132,152,164,164,266,266,286,161,161,178,97,130,130,158,183,183,202,233,250,261,261,261],"floor_reached":51,"playtime":1608,"items_purged":["Strike_B","Strike_B","Shame"],"score":1060,"play_id":"d8ec51e5-1183-4c73-9281-92589dd4aba0","local_time":"20190418171747","is_ascension_mode":false,"campfire_choices":[{"data":"Zap","floor":8.0,"key":"SMITH"},{"data":"Defragment","floor":11.0,"key":"SMITH"},{"data":"Multi-Cast","floor":13.0,"key":"SMITH"},{"data":"Darkness","floor":15.0,"key":"SMITH"},{"data":"Multi-Cast","floor":23.0,"key":"SMITH"},{"data":"Dualcast","floor":29.0,"key":"SMITH"},{"floor":32.0,"key":"DIG"},{"floor":41.0,"key":"DIG"},{"floor":44,"key":"DIG"},{"floor":49,"key":"REST"}],"neow_cost":"NONE","seed_source_timestamp":0,"circlet_count":0,"master_deck":["Strike_B","Strike_B","Defend_B","Defend_B+1","Defend_B","Defend_B","Zap+1","Dualcast+1","Multi-Cast+1","Chaos","Darkness+1","Leap","Self Repair","Defragment+1","Cold Snap","Coolheaded","Meteor Strike","Redo+1","Multi-Cast+1","Ball Lightning","Turbo","Compile Driver","Tempest+1","Tempest","Turbo+1","Electrodynamics+1","Tempest+1","Tempest+1","White Noise+1","Leap"],"special_seed":0,"relics":["Cracked Core","Ice Cream","Frozen Egg 2","Mango","Mercury Hourglass","Nuclear Battery","Vajra","Ancient Tea Set","Shovel","Cables","StoneCalendar","Velvet Choker","Bottled Lightning","Blue Candle","Bronze Scales","War Paint","Omamori","PreservedInsect"],"potions_floor_usage":[42,45,46,50],"damage_taken":[{"damage":5.0,"enemies":"Small Slimes","floor":1.0,"turns":3.0},{"damage":1.0,"enemies":"Jaw Worm","floor":3.0,"turns":3.0},{"damage":0.0,"enemies":"Cultist","floor":5.0,"turns":4.0},{"damage":31.0,"enemies":"Gremlin Nob","floor":6.0,"turns":4.0},{"damage":18.0,"enemies":"Lagavulin","floor":10.0,"turns":6.0},{"damage":5.0,"enemies":"Lots of Slimes","floor":12.0,"turns":3.0},{"damage":4.0,"enemies":"2 Fungi Beasts","floor":14.0,"turns":2.0},{"damage":3.0,"enemies":"Hexaghost","floor":16.0,"turns":8.0},{"damage":0.0,"enemies":"Spheric Guardian","floor":18.0,"turns":3.0},{"damage":3.0,"enemies":"Chosen","floor":21.0,"turns":3.0},{"damage":24.0,"enemies":"Centurion and Healer","floor":22.0,"turns":7.0},{"damage":0.0,"enemies":"Gremlin Leader","floor":25.0,"turns":5.0},{"damage":10.0,"enemies":"Slavers","floor":27.0,"turns":4.0},{"damage":0.0,"enemies":"Snecko","floor":30.0,"turns":2.0},{"damage":3.0,"enemies":"Cultist and Chosen","floor":31.0,"turns":4.0},{"damage":16.0,"enemies":"Automaton","floor":33.0,"turns":5.0},{"damage":15.0,"enemies":"3 Shapes","floor":35.0,"turns":2.0},{"damage":0.0,"enemies":"Orb Walker","floor":38.0,"turns":1.0},{"damage":41.0,"enemies":"Reptomancer","floor":40.0,"turns":4.0},{"damage":26,"enemies":"Giant Head","floor":42,"turns":6},{"damage":0,"enemies":"Transient","floor":45,"turns":5},{"damage":0,"enemies":"Reptomancer","floor":46,"turns":3},{"damage":0,"enemies":"3 Darklings","floor":47,"turns":2},{"damage":0,"enemies":"Jaw Worm Horde","floor":48,"turns":2},{"damage":45,"enemies":"Donu and Deca","floor":50,"turns":5}],"seed_played":"1753278301039686905","potions_obtained":[{"floor":12.0,"key":"Poison Potion"},{"floor":14.0,"key":"Weak Potion"},{"floor":16.0,"key":"SpeedPotion"},{"floor":18.0,"key":"SkillPotion"},{"floor":20.0,"key":"FocusPotion"},{"floor":20.0,"key":"Regen Potion"},{"floor":31.0,"key":"SpeedPotion"},{"floor":35.0,"key":"Explosive Potion"},{"floor":42,"key":"Explosive Potion"},{"floor":45,"key":"Weak Potion"},{"floor":47,"key":"Ancient Potion"},{"floor":48,"key":"FocusPotion"}],"is_trial":false,"path_per_floor":["M","?","M","$","M","E","?","R","T","E","R","M","R","M","R","B",null,"M","$","?","M","M","R","$","E","T","E","?","R","M","M","R","B",null,"M","$","?","M","$","E","R","E","T","R","M","E","M","M","R","B",null],"character_chosen":"DEFECT","items_purchased":["Darkness","Leap","Multi-Cast","Ball Lightning","Compile Driver","Tempest"],"campfire_rested":1,"item_purchase_floors":[4,4,19,19,24,39],"current_hp_per_floor":[70,59,58,58,58,34,34,34,48,37,37,39,39,35,35,39,89,89,89,89,89,72,72,72,79,79,76,76,76,76,80,80,71,89,81,81,81,81,81,47,47,36,36,36,43,43,43,43,69,31],"gold":261,"neow_bonus":"ONE_RANDOM_RARE_CARD","is_prod":false,"is_daily":false,"chose_seed":false,"campfire_upgraded":6,"win_rate":0,"timestamp":1555629467,"path_taken":["M","?","M","$","M","E","?","R","T","E","R","M","R","M","R","BOSS","M","$","?","?","?","R","$","E","T","E","?","R","M","M","R","BOSS","M","$","?","M","$","E","R","E","T","R","M","E","M","M","R","BOSS"],"build_version":"2019-01-23","purchased_purges":3,"victory":true,"max_hp_per_floor":[75,75,75,75,75,75,75,75,89,89,89,89,89,89,89,89,89,89,89,89,89,89,89,89,89,89,89,89,89,89,89,89,89,89,89,89,89,89,89,89,89,89,89,89,89,89,89,89,89,89],"card_choices":[{"not_picked":["Stack","Compile Driver","Steam"],"picked":"SKIP","floor":1.0},{"not_picked":["Streamline","Stack"],"picked":"Chaos","floor":3.0},{"not_picked":["Streamline","Recycle"],"picked":"Self Repair","floor":5.0},{"not_picked":["FTL","Stack"],"picked":"Defragment","floor":6.0},{"not_picked":["Force Field","Sweeping Beam"],"picked":"Cold Snap","floor":10.0},{"not_picked":["Amplify","Steam","Streamline"],"picked":"SKIP","floor":12.0},{"not_picked":["Leap","Double Energy"],"picked":"Coolheaded","floor":14.0},{"not_picked":["Rainbow","Fission"],"picked":"Meteor Strike","floor":16.0},{"not_picked":["Leap","Scrape+1"],"picked":"Redo+1","floor":18.0},{"not_picked":["Reinforced Body","Sweeping Beam"],"picked":"Turbo","floor":21.0},{"not_picked":["Ball Lightning","Rebound","Gash+1"],"picked":"SKIP","floor":22.0},{"not_picked":["Coolheaded","Streamline"],"picked":"Tempest+1","floor":25.0},{"not_picked":["Compile Driver","Rebound"],"picked":"Tempest","floor":27.0},{"not_picked":["Barrage","Sweeping Beam+1","Redo"],"picked":"SKIP","floor":30.0},{"not_picked":["White Noise","Go for the Eyes"],"picked":"Turbo+1","floor":31.0},{"not_picked":["Echo Form+1","Biased Cognition+1"],"picked":"Electrodynamics+1","floor":33.0},{"not_picked":["Undo+1","Steam","Auto Shields+1"],"picked":"SKIP","floor":35.0},{"not_picked":["Barrage+1","Force Field","Leap+1"],"picked":"SKIP","floor":38.0},{"not_picked":["Static Discharge+1","Sweeping Beam","Cold Snap"],"picked":"SKIP","floor":40.0},{"not_picked":["Go for the Eyes","Creative AI+1"],"picked":"Tempest+1","floor":42},{"not_picked":["Turbo","Scrape"],"picked":"White Noise+1","floor":45},{"not_picked":["Lockon","Doom and Gloom","Streamline"],"picked":"SKIP","floor":46},{"not_picked":["Leap","Rebound","Self Repair+1"],"picked":"SKIP","floor":47},{"not_picked":["Rebound","Self Repair+1"],"picked":"Leap","floor":47},{"not_picked":["Rip and Tear","Sweeping Beam","Cold Snap"],"picked":"SKIP","floor":48}],"player_experience":1248686,"relics_obtained":[{"floor":6.0,"key":"Ice Cream"},{"floor":9.0,"key":"Mango"},{"floor":10.0,"key":"Mercury Hourglass"},{"floor":25.0,"key":"Vajra"},{"floor":26.0,"key":"Ancient Tea Set"},{"floor":27.0,"key":"Shovel"},{"floor":32.0,"key":"StoneCalendar"},{"floor":40.0,"key":"Bottled Lightning"},{"floor":41.0,"key":"Blue Candle"},{"floor":42,"key":"Bronze Scales"},{"floor":43,"key":"War Paint"},{"floor":44,"key":"Omamori"},{"floor":46,"key":"PreservedInsect"}],"event_choices":[{"damage_healed":0.0,"max_hp_gain":0.0,"max_hp_loss":0.0,"gold_gain":75.0,"event_name":"World of Goop","player_choice":"Gather Gold","floor":2.0,"gold_loss":0.0,"damage_taken":11.0},{"damage_healed":0.0,"max_hp_gain":0.0,"max_hp_loss":0.0,"gold_gain":30.0,"event_name":"Dead Adventurer","player_choice":"Searched \u00273\u0027 times","floor":7.0,"gold_loss":0.0,"damage_taken":0.0,"relics_obtained":["Frozen Egg 2"]},{"damage_healed":0.0,"max_hp_gain":0.0,"max_hp_loss":0.0,"gold_gain":0.0,"event_name":"Lab","player_choice":"Got Potions","floor":20.0,"gold_loss":0.0,"damage_taken":0.0},{"damage_healed":0.0,"max_hp_gain":0.0,"max_hp_loss":0.0,"gold_gain":0.0,"event_name":"Addict","player_choice":"Stole Relic","floor":28.0,"gold_loss":0.0,"damage_taken":0.0,"relics_obtained":["Cables"],"cards_obtained":["Shame"]},{"damage_healed":0.0,"max_hp_gain":0.0,"max_hp_loss":0.0,"gold_gain":0.0,"event_name":"Tomb of Lord Red Mask","player_choice":"Ignored","floor":37.0,"gold_loss":0.0,"damage_taken":0.0}],"is_beta":false,"boss_relics":[{"not_picked":["Philosopher\u0027s Stone","Cursed Key"],"picked":"Nuclear Battery"},{"not_picked":["Astrolabe","Inserter"],"picked":"Velvet Choker"}],"items_purged_floors":[4,19,36],"is_endless":false,"potions_floor_spawned":[12,14,16,18,31,35,42,45,47,48],"ascension_level":0}