{"gold_per_floor":[116,126,201,201,201,240,11,11,11,34,34,34,112,12,12,138,138,153,177,177,197,287,325,325,341,368,392,431,449,480,480,480,606,606,621,621,161,182,25,25,39,39,39,77,107,163,175,187,199,211],"floor_reached":51,"playtime":6002,"items_purged":["Regret","Injury"],"score":927,"play_id":"de43aa76-8a95-499f-961a-3ec8b596f119","local_time":"20190424174040","is_ascension_mode":true,"campfire_choices":[{"floor":8.0,"key":"REST"},{"floor":12.0,"key":"REST"},{"data":"Uppercut","floor":15.0,"key":"SMITH"},{"floor":24,"key":"REST"},{"data":"Barricade","floor":32,"key":"SMITH"},{"data":"Shockwave","floor":40,"key":"SMITH"},{"data":"Metallicize","floor":42,"key":"SMITH"},{"data":"Impervious","floor":49,"key":"SMITH"}],"neow_cost":"NONE","seed_source_timestamp":0,"circlet_count":0,"master_deck":["Strike_R+1","Strike_R+1","Strike_R+1","Strike_R+1","Strike_R+1","Defend_R+1","Defend_R+1","Defend_R+1","Defend_R+1","Bash","Cleave","Shrug It Off","Uppercut+1","Metallicize+1","Barricade+1","Headbutt","Thunderclap","Deep Breath","Entrench","Perfected Strike+1","Shockwave+1","Perfected Strike","Body Slam","RitualDagger","Reaper","Perfected Strike","Uppercut+1","Second Wind+1","Metallicize+1","Parasite","Spot Weakness","Impervious+1"],"special_seed":0,"relics":["Burning Blood","Bag of Preparation","Golden Idol","Bronze Scales","PreservedInsect","Shuriken","Gremlin Horn","Gambling Chip","Snecko Eye","Pen Nib","Boot","Red Skull","Bottled Tornado","Art of War","Mark of Pain","Dead Branch","Anchor","Regal Pillow","Oddly Smooth Stone","MawBank"],"potions_floor_usage":[50,50],"damage_taken":[{"damage":7.0,"enemies":"2 Louse","floor":1.0,"turns":2.0},{"damage":7.0,"enemies":"Small Slimes","floor":2.0,"turns":5.0},{"damage":64.0,"enemies":"Gremlin Nob","floor":6.0,"turns":6.0},{"damage":0.0,"enemies":"Jaw Worm","floor":10.0,"turns":3.0},{"damage":8.0,"enemies":"3 Sentries","floor":13.0,"turns":5.0},{"damage":46.0,"enemies":"The Guardian","floor":16.0,"turns":12.0},{"damage":0.0,"enemies":"Shell Parasite","floor":18.0,"turns":7.0},{"damage":0.0,"enemies":"2 Thieves","floor":19.0,"turns":3.0},{"damage":15.0,"enemies":"Cultist and Chosen","floor":21.0,"turns":7.0},{"damage":0.0,"enemies":"Book of Stabbing","floor":23.0,"turns":3.0},{"damage":0,"enemies":"Chosen and Byrds","floor":25,"turns":3},{"damage":0,"enemies":"Slavers","floor":28,"turns":1},{"damage":6,"enemies":"Snake Plant","floor":29,"turns":3},{"damage":0,"enemies":"Book of Stabbing","floor":30,"turns":2},{"damage":41,"enemies":"Automaton","floor":33,"turns":9},{"damage":0,"enemies":"Orb Walker","floor":35,"turns":2},{"damage":0,"enemies":"3 Darklings","floor":38,"turns":4},{"damage":0,"enemies":"Transient","floor":41,"turns":5},{"damage":0,"enemies":"Reptomancer","floor":44,"turns":2},{"damage":0,"enemies":"Writhing Mass","floor":45,"turns":5},{"damage":0,"enemies":"Giant Head","floor":46,"turns":5},{"damage":23,"enemies":"Donu and Deca","floor":50,"turns":9}],"seed_played":"6225179692000744649","potions_obtained":[{"floor":2.0,"key":"Dexterity Potion"},{"floor":10.0,"key":"Fire Potion"},{"floor":18.0,"key":"Block Potion"},{"floor":33,"key":"LiquidBronze"},{"floor":35,"key":"SteroidPotion"},{"floor":38,"key":"Energy Potion"}],"is_trial":false,"path_per_floor":["M","M","?","?","?","E","$","R","T","M","T","R","?","$","R","B",null,"M","M","?","M","?","E","R","M","T","T","E","M","E","?","R","B",null,"M","?","$","M","$","R","M","R","T","E","M","E","?","?","R","B",null],"character_chosen":"IRONCLAD","items_purchased":["PreservedInsect","Dead Branch","Anchor","Regal Pillow"],"campfire_rested":3,"item_purchase_floors":[7,37,37,39],"current_hp_per_floor":[87,86,75,75,75,17,17,43,43,49,49,75,73,73,73,33,88,88,88,88,79,47,53,79,85,85,85,88,88,88,82,82,47,88,88,88,88,88,88,88,88,88,88,88,88,88,88,88,88,72],"gold":223,"neow_bonus":"TEN_PERCENT_HP_BONUS","is_prod":false,"is_daily":false,"chose_seed":false,"campfire_upgraded":5,"win_rate":0,"timestamp":1556120440,"path_taken":["M","M","?","?","?","E","$","R","T","M","?","R","?","$","R","BOSS","M","M","?","M","?","E","R","?","T","?","E","M","E","?","R","BOSS","M","?","$","M","$","R","M","R","T","E","?","E","?","?","R","BOSS"],"build_version":"2019-01-23","purchased_purges":2,"victory":true,"max_hp_per_floor":[88,88,88,88,88,88,88,88,88,88,88,88,88,88,88,88,88,88,88,88,88,88,88,88,88,88,88,88,88,88,88,88,88,88,88,88,88,88,88,88,88,88,88,88,88,88,88,88,88,88],"card_choices":[{"not_picked":["Clothesline","Anger"],"picked":"Armaments","floor":1.0},{"not_picked":["Ghostly Armor","Dropkick"],"picked":"Cleave","floor":2.0},{"not_picked":["Wild Strike","Warcry"],"picked":"Shrug It Off","floor":6.0},{"not_picked":["Body Slam","Clash"],"picked":"Uppercut","floor":10.0},{"not_picked":["True Grit","Clash"],"picked":"Metallicize","floor":13.0},{"not_picked":["Bludgeon","Fiend Fire"],"picked":"Barricade","floor":16.0},{"not_picked":["Dropkick","Seeing Red"],"picked":"Headbutt","floor":18.0},{"not_picked":["Havoc+1","Flex"],"picked":"Thunderclap","floor":19.0},{"not_picked":["Clash","Havoc+1","Anger"],"picked":"SKIP","floor":21.0},{"not_picked":["Sever Soul","Rupture+1"],"picked":"Entrench","floor":23.0},{"not_picked":["Thunderclap","Body Slam"],"picked":"Perfected Strike+1","floor":25},{"not_picked":["Pommel Strike","Battle Trance"],"picked":"Shockwave","floor":28},{"not_picked":["Cleave","Iron Wave"],"picked":"Perfected Strike","floor":29},{"not_picked":["Rage","Battle Trance+1"],"picked":"Body Slam","floor":30},{"not_picked":["Offering","Double Tap"],"picked":"Reaper","floor":33},{"not_picked":["Clash+1","Pummel+1"],"picked":"Perfected Strike","floor":35},{"not_picked":["Sword Boomerang","Pommel Strike","Thunderclap"],"picked":"SKIP","floor":38},{"not_picked":["Thunderclap","Warcry+1"],"picked":"Second Wind+1","floor":41},{"not_picked":["Headbutt+1","Body Slam"],"picked":"Metallicize+1","floor":44},{"not_picked":["Anger+1","True Grit"],"picked":"Spot Weakness","floor":45},{"not_picked":["Flex","Power Through+1"],"picked":"Impervious","floor":46}],"player_experience":132186,"relics_obtained":[{"floor":6.0,"key":"Bronze Scales"},{"floor":9.0,"key":"Shuriken"},{"floor":11.0,"key":"Gremlin Horn"},{"floor":13.0,"key":"Gambling Chip"},{"floor":23.0,"key":"Pen Nib"},{"floor":26,"key":"Boot"},{"floor":27,"key":"Red Skull"},{"floor":28,"key":"Bottled Tornado"},{"floor":30,"key":"Art of War"},{"floor":43,"key":"Oddly Smooth Stone"},{"floor":44,"key":"MawBank"}],"event_choices":[{"damage_healed":0.0,"max_hp_gain":0.0,"max_hp_loss":0.0,"gold_gain":75.0,"event_name":"World of Goop","player_choice":"Gather Gold","floor":3.0,"gold_loss":0.0,"damage_taken":11.0},{"damage_healed":0.0,"max_hp_gain":0.0,"max_hp_loss":0.0,"gold_gain":0.0,"event_name":"Big Fish","player_choice":"Box","floor":4.0,"gold_loss":0.0,"damage_taken":0.0,"relics_obtained":["Bag of Preparation"],"cards_obtained":["Regret"]},{"damage_healed":0.0,"max_hp_gain":0.0,"max_hp_loss":0.0,"gold_gain":0.0,"event_name":"Golden Idol","player_choice":"Take Wound","floor":5.0,"gold_loss":0.0,"damage_taken":0.0,"relics_obtained":["Golden Idol"],"cards_obtained":["Injury"]},{"damage_healed":0.0,"max_hp_gain":0.0,"max_hp_loss":0.0,"gold_gain":0.0,"event_name":"Dead Adventurer","player_choice":"Searched \u00271\u0027 times","floor":13.0,"gold_loss":0.0,"damage_taken":0.0},{"damage_healed":0.0,"max_hp_gain":0.0,"max_hp_loss":0.0,"gold_gain":0.0,"event_name":"Back to Basics","player_choice":"Simplicity","floor":20.0,"gold_loss":0.0,"damage_taken":0.0,"cards_upgraded":["Strike_R","Strike_R","Strike_R","Strike_R","Strike_R","Defend_R","Defend_R","Defend_R","Defend_R"]},{"damage_healed":0.0,"max_hp_gain":0.0,"max_hp_loss":0.0,"gold_gain":90.0,"event_name":"Knowing Skull","player_choice":"CARD GOLD POTION ","floor":22.0,"potions_obtained":["Explosive Potion"],"gold_loss":0.0,"damage_taken":32.0,"cards_obtained":["Deep Breath"]},{"damage_healed":0,"gold_gain":0,"player_choice":"Joined the Cult","damage_taken":6,"max_hp_gain":0,"max_hp_loss":0,"event_name":"Nest","floor":31,"gold_loss":0,"cards_obtained":["RitualDagger"]},{"damage_healed":0,"gold_gain":0,"player_choice":"Copied","damage_taken":0,"max_hp_gain":0,"max_hp_loss":0,"event_name":"Duplicator","floor":36,"gold_loss":0,"cards_obtained":["Uppercut"]},{"cards_removed":["Armaments"],"damage_healed":0,"gold_gain":0,"player_choice":"Removed Skill","damage_taken":0,"max_hp_gain":0,"max_hp_loss":0,"event_name":"Falling","floor":47,"gold_loss":0},{"damage_healed":0,"gold_gain":0,"player_choice":"Memory 1","damage_taken":0,"max_hp_gain":0,"max_hp_loss":0,"event_name":"SensoryStone","floor":48,"gold_loss":0}],"is_beta":false,"boss_relics":[{"not_picked":["Orrery","Tiny House"],"picked":"Snecko Eye"},{"not_picked":["Coffee Dripper","White Beast Statue"],"picked":"Mark of Pain"}],"items_purged_floors":[7,14],"is_endless":false,"potions_floor_spawned":[2,10,18,33,35,38,45],"ascension_level":1}