{"gold_per_floor":[119,119,137,137,147,147,157,157,157,97,97,97,124,139,139,238,238,258,183,183,183,202,202,222,222,246,259,276,276,304,60,60,161,161,176,176,176,188,26,26,26,26,51,51,51,51,1,35,35,35],"floor_reached":51,"playtime":1023,"items_purged":["Strike_R","Strike_R"],"score":739,"play_id":"9e21f5a6-2107-4500-8735-47cce223e280","local_time":"20190423004332","is_ascension_mode":false,"campfire_choices":[{"data":"Bash","floor":6,"key":"SMITH"},{"data":"Inflame","floor":8,"key":"SMITH"},{"data":"Disarm","floor":12,"key":"SMITH"},{"floor":15,"key":"REST"},{"data":"Inflame","floor":23,"key":"SMITH"},{"data":"Heavy Blade","floor":25,"key":"SMITH"},{"data":"Immolate","floor":29,"key":"SMITH"},{"data":"Rampage","floor":32,"key":"SMITH"},{"data":"Flash of Steel","floor":40,"key":"SMITH"},{"data":"Pummel","floor":44,"key":"SMITH"},{"data":"Defend_R","floor":45,"key":"SMITH"},{"data":"Defend_R","floor":46,"key":"SMITH"},{"data":"Defend_R","floor":49,"key":"SMITH"}],"neow_cost":"NONE","seed_source_timestamp":11130663981038,"circlet_count":0,"master_deck":["Strike_R","Defend_R+1","Defend_R+1","Defend_R+1","Bash+1","Shockwave+1","Disarm+1","Inflame+1","Heavy Blade+1","Inflame+1","Immolate+1","Pummel+1","Rampage+1","Thunderclap+1","Whirlwind+1","Heavy Blade+1","Flash of Steel+1"],"relics":["Burning Blood","Pen Nib","Sundial","The Courier","Happy Flower","Busted Crown","Centennial Puzzle","Ancient Tea Set","WingedGreaves","Philosopher\u0027s Stone","Membership Card","Art of War","Potion Belt"],"potions_floor_usage":[16,24,50,50],"damage_taken":[{"damage":5,"enemies":"Small Slimes","floor":1,"turns":4},{"damage":0,"enemies":"2 Louse","floor":3,"turns":3},{"damage":3,"enemies":"Jaw Worm","floor":5,"turns":4},{"damage":34,"enemies":"Large Slime","floor":7,"turns":10},{"damage":41,"enemies":"3 Sentries","floor":13,"turns":9},{"damage":4,"enemies":"Looter","floor":14,"turns":4},{"damage":0,"enemies":"Slime Boss","floor":16,"turns":8},{"damage":10,"enemies":"2 Thieves","floor":18,"turns":2},{"damage":5,"enemies":"Chosen","floor":22,"turns":3},{"damage":10,"enemies":"Sentry and Sphere","floor":24,"turns":3},{"damage":14,"enemies":"Snake Plant","floor":27,"turns":3},{"damage":3,"enemies":"Snecko","floor":28,"turns":3},{"damage":17,"enemies":"Book of Stabbing","floor":30,"turns":4},{"damage":24,"enemies":"Champ","floor":33,"turns":6},{"damage":0,"enemies":"Orb Walker","floor":35,"turns":2},{"damage":9,"enemies":"3 Darklings","floor":38,"turns":2},{"damage":12,"enemies":"Giant Head","floor":48,"turns":5},{"damage":47,"enemies":"Time Eater","floor":50,"turns":5}],"seed_played":"6247646392544963049","potions_obtained":[{"floor":1,"key":"PowerPotion"},{"floor":13,"key":"Weak Potion"},{"floor":18,"key":"Dexterity Potion"},{"floor":30,"key":"FearPotion"},{"floor":33,"key":"LiquidBronze"}],"is_trial":false,"path_per_floor":["M","?","M","?","M","R","M","R","T","$","?","R","E","M","R","B",null,"M","?","?","?","M","R","M","R","T","M","M","R","E","$","R","B",null,"M","?","?","M","$","R","?","?","T","R","R","R","$","E","R","B",null],"character_chosen":"IRONCLAD","items_purchased":["WingedGreaves","Membership Card"],"campfire_rested":1,"item_purchase_floors":[31,39],"current_hp_per_floor":[80,80,80,68,71,71,43,43,43,43,48,48,13,15,40,46,85,81,81,81,81,82,82,78,78,78,70,73,73,62,62,62,44,85,85,75,95,92,92,92,92,90,90,90,90,90,90,84,84,43],"gold":35,"neow_bonus":"RANDOM_COMMON_RELIC","is_prod":false,"is_daily":false,"chose_seed":false,"campfire_upgraded":12,"win_rate":0,"timestamp":1556001812,"path_taken":["M","?","M","?","M","R","M","R","T","$","?","R","E","M","R","BOSS","M","?","?","?","M","R","M","R","T","M","M","R","E","$","R","BOSS","M","?","?","?","$","R","?","?","T","R","R","R","$","E","R","BOSS"],"build_version":"2019-01-23","purchased_purges":2,"victory":true,"max_hp_per_floor":[80,80,80,80,80,80,80,80,80,80,85,85,85,85,85,85,85,85,85,85,85,85,85,85,85,85,85,85,85,85,85,85,85,85,85,85,95,95,95,95,95,90,90,90,90,90,90,90,90,90],"card_choices":[{"not_picked":["Havoc","Wild Strike"],"picked":"Shockwave","floor":1},{"not_picked":["Entrench","Sever Soul","Shockwave"],"picked":"SKIP","floor":3},{"not_picked":["Searing Blow","Sword Boomerang"],"picked":"Disarm","floor":5},{"not_picked":["Thunderclap","Armaments"],"picked":"Inflame","floor":7},{"not_picked":["Perfected Strike","Sword Boomerang"],"picked":"Heavy Blade","floor":13},{"not_picked":["Thunderclap","Armaments"],"picked":"Inflame","floor":14},{"not_picked":["Feed","Brutality"],"picked":"Immolate","floor":16},{"not_picked":["Body Slam"],"picked":"SKIP","floor":18},{"not_picked":[],"picked":"Thunderclap+1","floor":22},{"not_picked":[],"picked":"Whirlwind+1","floor":24},{"not_picked":["Clash"],"picked":"SKIP","floor":27},{"not_picked":["Twin Strike"],"picked":"SKIP","floor":28},{"not_picked":[],"picked":"Heavy Blade+1","floor":30},{"not_picked":[],"picked":"Double Tap","floor":33},{"not_picked":["Wild Strike+1"],"picked":"SKIP","floor":35},{"not_picked":[],"picked":"Flash of Steel","floor":36},{"not_picked":["Searing Blow+1"],"picked":"SKIP","floor":38},{"not_picked":["Infernal Blade"],"picked":"SKIP","floor":48}],"player_experience":1283311,"relics_obtained":[{"floor":9,"key":"The Courier"},{"floor":13,"key":"Happy Flower"},{"floor":26,"key":"Centennial Puzzle"},{"floor":30,"key":"Ancient Tea Set"},{"floor":43,"key":"Art of War"},{"floor":48,"key":"Potion Belt"}],"event_choices":[{"damage_healed":0,"gold_gain":0,"player_choice":"Grow","damage_taken":0,"max_hp_gain":0,"max_hp_loss":0,"event_name":"Living Wall","floor":2,"gold_loss":0,"cards_upgraded":["Shockwave"]},{"damage_healed":0,"gold_gain":0,"player_choice":"Success","damage_taken":12,"relics_obtained":["Sundial"],"max_hp_gain":0,"max_hp_loss":0,"event_name":"Scrap Ooze","floor":4,"gold_loss":0},{"damage_healed":0,"gold_gain":0,"player_choice":"Donut","damage_taken":0,"max_hp_gain":5,"max_hp_loss":0,"event_name":"Big Fish","floor":11,"gold_loss":0},{"cards_removed":["Strike_R"],"damage_healed":0,"gold_gain":0,"player_choice":"Gave Gold","damage_taken":0,"max_hp_gain":0,"max_hp_loss":0,"event_name":"Beggar","floor":19,"gold_loss":75},{"damage_healed":0,"gold_gain":0,"cards_transformed":["Strike_R","Defend_R"],"player_choice":"Became Test Subject","damage_taken":0,"max_hp_gain":0,"max_hp_loss":0,"event_name":"Drug Dealer","floor":20,"gold_loss":0,"cards_obtained":["Pummel","Rampage"]},{"damage_healed":0,"gold_gain":0,"player_choice":"Ignored","damage_taken":0,"max_hp_gain":0,"max_hp_loss":0,"event_name":"Ghosts","floor":21,"gold_loss":0},{"damage_healed":0,"gold_gain":0,"player_choice":"Memory 3","damage_taken":10,"max_hp_gain":0,"max_hp_loss":0,"event_name":"SensoryStone","floor":36,"gold_loss":0},{"cards_removed":["Double Tap"],"damage_healed":10,"gold_gain":0,"player_choice":"Offered Rare","damage_taken":0,"max_hp_gain":10,"max_hp_loss":0,"event_name":"Bonfire Elementals","floor":37,"gold_loss":0},{"damage_healed":0,"gold_gain":0,"player_choice":"Ignored","damage_taken":0,"max_hp_gain":0,"max_hp_loss":0,"event_name":"Mysterious Sphere","floor":41,"gold_loss":0},{"damage_healed":0,"gold_gain":0,"player_choice":"Max HP","damage_taken":0,"max_hp_gain":0,"max_hp_loss":5,"event_name":"Winding Halls","floor":42,"gold_loss":0}],"is_beta":false,"boss_relics":[{"not_picked":["Ectoplasm","Cursed Key"],"picked":"Busted Crown"},{"not_picked":["Orrery","Runic Cube"],"picked":"Philosopher\u0027s Stone"}],"items_purged_floors":[10,47],"is_endless":false,"potions_floor_spawned":[1,13,18,30,33,35],"ascension_level":0}