{"gold_per_floor":[112,112,127,302,302,302,330,330,330,361,376,376,6,23,23,119,119,132,47,60,70,87,87,97,97,122,122,33,52,83,83,83,188,188,206,51,151,151,151,180,180,180,205,0,35,46,77,0,0,0],"floor_reached":51,"playtime":1155,"items_purged":["Doubt"],"score":874,"play_id":"58cc4e2b-7d85-40a4-a58c-037b78604fa7","local_time":"20190423032736","is_ascension_mode":false,"campfire_choices":[{"data":"Bash","floor":6.0,"key":"SMITH"},{"data":"Whirlwind","floor":8.0,"key":"SMITH"},{"data":"Flex","floor":12.0,"key":"SMITH"},{"data":"Defend_R","floor":15.0,"key":"SMITH"},{"data":"Limit Break","floor":23,"key":"SMITH"},{"data":"Flex","floor":25,"key":"SMITH"},{"data":"Strike_R","floor":27,"key":"SMITH"},{"data":"Discovery","floor":32,"key":"SMITH"},{"floor":42,"key":"REST"},{"floor":49,"key":"REST"}],"neow_cost":"NONE","seed_source_timestamp":21104941566803,"circlet_count":0,"master_deck":["Strike_R+1","Strike_R+1","Strike_R+1","Strike_R+1","Defend_R+1","Defend_R+1","Defend_R+1","Defend_R+1","Bash+1","Shockwave+1","Whirlwind+1","Flex+1","Offering+1","Inflame+1","Limit Break+1","Flex+1","Discovery+1","Heavy Blade","Immolate","Limit Break","Battle Trance","Sword Boomerang+1","Panacea","Panacea","Flex+1","Heavy Blade+1","Whirlwind+1"],"special_seed":0,"relics":["Burning Blood","Orichalcum","Odd Mushroom","Juzu Bracelet","Regal Pillow","PreservedInsect","Lantern","Philosopher\u0027s Stone","Kunai","War Paint","Calipers","Fusion Hammer","Red Skull","Nunchaku","Du-Vu Doll","Mummified Hand","Bag of Marbles","Medical Kit","Potion Belt","Happy Flower","Red Mask"],"potions_floor_usage":[30,30,50,50,50],"damage_taken":[{"damage":0.0,"enemies":"2 Louse","floor":1.0,"turns":3.0},{"damage":1.0,"enemies":"Jaw Worm","floor":3.0,"turns":5.0},{"damage":24.0,"enemies":"The Mushroom Lair","floor":7.0,"turns":7.0},{"damage":13.0,"enemies":"3 Sentries","floor":10.0,"turns":4.0},{"damage":0.0,"enemies":"Small Slimes","floor":11.0,"turns":3.0},{"damage":0.0,"enemies":"Exordium Wildlife","floor":14.0,"turns":1.0},{"damage":0.0,"enemies":"Slime Boss","floor":16.0,"turns":7.0},{"damage":0.0,"enemies":"3 Byrds","floor":18.0,"turns":4.0},{"damage":6,"enemies":"Spheric Guardian","floor":20,"turns":3},{"damage":6,"enemies":"Snake Plant","floor":21,"turns":2},{"damage":6,"enemies":"Snecko","floor":22,"turns":2},{"damage":6,"enemies":"3 Cultists","floor":24,"turns":1},{"damage":2,"enemies":"Shelled Parasite and Fungi","floor":29,"turns":3},{"damage":15,"enemies":"Gremlin Leader","floor":30,"turns":4},{"damage":30,"enemies":"Champ","floor":33,"turns":6},{"damage":1,"enemies":"3 Shapes","floor":35,"turns":1},{"damage":6,"enemies":"Mind Bloom Boss Battle","floor":37,"turns":3},{"damage":32,"enemies":"Nemesis","floor":40,"turns":3},{"damage":6,"enemies":"Giant Head","floor":45,"turns":4},{"damage":6,"enemies":"Orb Walker","floor":46,"turns":2},{"damage":0,"enemies":"Reptomancer","floor":47,"turns":2},{"damage":14,"enemies":"Time Eater","floor":50,"turns":3}],"seed_played":"-6073037582595622576","potions_obtained":[{"floor":7.0,"key":"SteroidPotion"},{"floor":11.0,"key":"Fire Potion"},{"floor":14.0,"key":"GamblersBrew"},{"floor":16.0,"key":"Swift Potion"},{"floor":22,"key":"SkillPotion"},{"floor":30,"key":"Dexterity Potion"},{"floor":40,"key":"Explosive Potion"},{"floor":45,"key":"Swift Potion"},{"floor":47,"key":"Ancient Potion"}],"is_trial":false,"path_per_floor":["M","?","M","?","?","R","?","R","T","E","M","R","$","M","R","B",null,"M","?","M","M","M","R","M","R","T","R","$","M","E","?","R","B",null,"M","$","?","?","?","E","T","R","T","$","E","M","E","?","R","B",null],"character_chosen":"IRONCLAD","items_purchased":["PreservedInsect","Lantern","Discovery","Red Skull","Medical Kit"],"campfire_rested":2,"item_purchase_floors":[13,13,28,36,44],"current_hp_per_floor":[80,80,80,80,64,64,46,46,46,39,45,45,45,51,51,57,80,80,80,80,80,80,80,80,80,80,80,80,80,71,71,71,47,80,80,80,80,70,70,44,44,80,80,80,80,80,80,80,80,72],"gold":0,"neow_bonus":"RANDOM_COMMON_RELIC","is_prod":false,"is_daily":false,"chose_seed":false,"campfire_upgraded":8,"win_rate":0,"timestamp":1556011656,"path_taken":["M","?","M","?","?","R","?","R","T","E","M","R","$","M","R","BOSS","M","?","M","M","M","R","M","R","T","R","$","M","E","?","R","BOSS","M","$","?","?","?","E","?","R","T","?","E","M","E","?","R","BOSS"],"build_version":"2019-01-23","purchased_purges":1,"victory":true,"max_hp_per_floor":[80,80,80,80,80,80,80,80,80,80,80,80,80,80,80,80,80,80,80,80,80,80,80,80,80,80,80,80,80,80,80,80,80,80,80,80,80,80,80,80,80,80,80,80,80,80,80,80,80,80],"card_choices":[{"not_picked":["Wild Strike","Perfected Strike"],"picked":"Shockwave","floor":1.0},{"not_picked":["Blood for Blood","True Grit","Rage"],"picked":"SKIP","floor":3.0},{"not_picked":["Flex","Fire Breathing"],"picked":"Whirlwind","floor":7.0},{"not_picked":["Bludgeon","Wild Strike"],"picked":"Flex","floor":10.0},{"not_picked":["Reckless Charge","Perfected Strike","Pommel Strike"],"picked":"SKIP","floor":11.0},{"not_picked":["Pommel Strike","Bludgeon","Cleave"],"picked":"SKIP","floor":14.0},{"not_picked":["Reaper","Brutality"],"picked":"Offering","floor":16.0},{"not_picked":["Pommel Strike","Armaments","Dropkick+1"],"picked":"SKIP","floor":18.0},{"not_picked":["Twin Strike","Clash"],"picked":"Inflame+1","floor":20},{"not_picked":["Armaments","Perfected Strike"],"picked":"Limit Break","floor":21},{"not_picked":["Second Wind","Warcry"],"picked":"Flex","floor":22},{"not_picked":["Reckless Charge","Evolve","Burning Pact"],"picked":"SKIP","floor":24},{"not_picked":["Sentinel+1","Spot Weakness+1"],"picked":"Heavy Blade","floor":29},{"not_picked":["Carnage","Evolve"],"picked":"Immolate","floor":30},{"not_picked":["Dark Embrace","Juggernaut"],"picked":"Limit Break","floor":33},{"not_picked":["Feel No Pain","Dropkick"],"picked":"Battle Trance","floor":35},{"not_picked":["Ghostly Armor+1","Perfected Strike+1"],"picked":"Sword Boomerang+1","floor":37},{"not_picked":["Violence","Flash of Steel"],"picked":"Panacea","floor":38},{"not_picked":["Metamorphosis","Bandage Up"],"picked":"Panacea","floor":38},{"not_picked":["Seeing Red","Shrug It Off"],"picked":"Flex+1","floor":40},{"not_picked":["Inflame","Entrench+1"],"picked":"Heavy Blade+1","floor":45},{"not_picked":["Havoc+1","Thunderclap+1","Warcry+1"],"picked":"SKIP","floor":46},{"not_picked":["Hemokinesis","Armaments"],"picked":"Whirlwind+1","floor":47}],"player_experience":1291836,"relics_obtained":[{"floor":7.0,"key":"Odd Mushroom"},{"floor":9.0,"key":"Juzu Bracelet"},{"floor":10.0,"key":"Regal Pillow"},{"floor":26,"key":"War Paint"},{"floor":30,"key":"Calipers"},{"floor":37,"key":"Nunchaku"},{"floor":40,"key":"Du-Vu Doll"},{"floor":41,"key":"Mummified Hand"},{"floor":43,"key":"Bag of Marbles"},{"floor":45,"key":"Potion Belt"},{"floor":47,"key":"Happy Flower"}],"event_choices":[{"damage_healed":0.0,"max_hp_gain":0.0,"max_hp_loss":0.0,"gold_gain":0.0,"event_name":"Living Wall","player_choice":"Grow","floor":2.0,"gold_loss":0.0,"damage_taken":0.0,"cards_upgraded":["Shockwave"]},{"damage_healed":0.0,"max_hp_gain":0.0,"max_hp_loss":0.0,"gold_gain":175.0,"event_name":"Liars Game","player_choice":"AGREE","floor":4.0,"gold_loss":0.0,"damage_taken":0.0,"cards_obtained":["Doubt"]},{"damage_healed":0.0,"max_hp_gain":0.0,"max_hp_loss":0.0,"gold_gain":0.0,"event_name":"Shining Light","player_choice":"Entered Light","floor":5.0,"gold_loss":0.0,"damage_taken":16.0,"cards_upgraded":["Defend_R","Defend_R"]},{"damage_healed":0.0,"max_hp_gain":0.0,"max_hp_loss":0.0,"gold_gain":0.0,"event_name":"Mushrooms","player_choice":"Fought Mushrooms","floor":7.0,"gold_loss":0.0,"damage_taken":0.0},{"damage_healed":0.0,"max_hp_gain":0.0,"max_hp_loss":0.0,"gold_gain":0.0,"event_name":"Addict","player_choice":"Obtained Relic","floor":19.0,"gold_loss":85.0,"damage_taken":0.0,"relics_obtained":["Kunai"]},{"damage_healed":0,"gold_gain":0,"player_choice":"Simplicity","damage_taken":0,"max_hp_gain":0,"max_hp_loss":0,"event_name":"Back to Basics","floor":31,"gold_loss":0,"cards_upgraded":["Strike_R","Strike_R","Strike_R","Strike_R"]},{"damage_healed":0,"gold_gain":0,"player_choice":"Fight","damage_taken":0,"max_hp_gain":0,"max_hp_loss":0,"event_name":"MindBloom","floor":37,"gold_loss":0},{"damage_healed":0,"gold_gain":0,"player_choice":"Memory 3","damage_taken":10,"max_hp_gain":0,"max_hp_loss":0,"event_name":"SensoryStone","floor":38,"gold_loss":0},{"cards_removed":["Strike_R"],"damage_healed":0,"gold_gain":0,"player_choice":"Removed Attack","damage_taken":0,"max_hp_gain":0,"max_hp_loss":0,"event_name":"Falling","floor":39,"gold_loss":0},{"damage_healed":0,"gold_gain":0,"player_choice":"Paid","damage_taken":0,"relics_obtained":["Red Mask"],"max_hp_gain":0,"max_hp_loss":0,"event_name":"Tomb of Lord Red Mask","floor":48,"gold_loss":77}],"is_beta":false,"boss_relics":[{"not_picked":["Runic Cube","Calling Bell"],"picked":"Philosopher\u0027s Stone"},{"not_picked":["Black Blood","Pandora\u0027s Box"],"picked":"Fusion Hammer"}],"items_purged_floors":[13],"is_endless":false,"potions_floor_spawned":[7,11,14,16,22,24,30,40,45,47],"ascension_level":0}