{"gold_per_floor":[369,381,0,13,30,30,30,55,105,182,239,252,2,22,22,122,122,139,139,152,152,116,116,143,162,162,189,189,199,199,214,214,316,316,328,75,94,94,108,108,108,122,122,122,136,96,96,24,24,24],"floor_reached":51,"playtime":2097,"items_purged":["Strike_G","Strike_G","Strike_G"],"score":762,"play_id":"0954402a-fe77-49f4-ad2a-c206b020c02e","local_time":"20180922173737","is_ascension_mode":false,"campfire_choices":[{"data":"Noxious Fumes","floor":6,"key":"SMITH"},{"data":"Neutralize","floor":15,"key":"SMITH"},{"data":"Die Die Die","floor":23,"key":"SMITH"},{"data":"Corpse Explosion","floor":28,"key":"SMITH"},{"data":"Well Laid Plans","floor":30,"key":"SMITH"},{"floor":32,"key":"REST"},{"data":"After Image","floor":41,"key":"SMITH"},{"data":"Apotheosis","floor":47,"key":"SMITH"},{"data":"Malaise","floor":49,"key":"SMITH"}],"neow_cost":"PERCENT_DAMAGE","seed_source_timestamp":425419380315435,"circlet_count":0,"master_deck":["Defend_G","Defend_G","Defend_G","Defend_G+1","Defend_G+1","Strike_G","Survivor","Neutralize+1","Noxious Fumes+1","Deadly Poison","Backstab","Noxious Fumes","Backflip","Dash","PiercingWail+1","Well Laid Plans+1","Corpse Explosion+1","Bane","Sucker Punch","Dodge and Roll+1","Dash","After Image+1","Cloak And Dagger","Footwork+1","Dodge and Roll","Apotheosis+1","Catalyst+1","Leg Sweep","Malaise+1"],"relics":["Ring of the Snake","Singing Bowl","Sundial","Dream Catcher","Blood Vial","War Paint","Sozu","Bag of Marbles","Bronze Scales","Blue Candle","Question Card","Busted Crown","Pocketwatch"],"potions_floor_usage":[8,24,33,50],"damage_taken":[{"damage":0,"enemies":"Small Slimes","floor":1,"turns":3},{"damage":6,"enemies":"Cultist","floor":2,"turns":4},{"damage":0,"enemies":"Jaw Worm","floor":4,"turns":4},{"damage":0,"enemies":"Looter","floor":5,"turns":3},{"damage":5,"enemies":"3 Sentries","floor":8,"turns":6},{"damage":8,"enemies":"Lagavulin Event","floor":11,"turns":5},{"damage":0,"enemies":"Exordium Wildlife","floor":12,"turns":4},{"damage":0,"enemies":"Red Slaver","floor":14,"turns":4},{"damage":8,"enemies":"The Guardian","floor":16,"turns":9},{"damage":12,"enemies":"2 Thieves","floor":18,"turns":4},{"damage":5,"enemies":"Spheric Guardian","floor":20,"turns":4},{"damage":4,"enemies":"Book of Stabbing","floor":24,"turns":5},{"damage":8,"enemies":"Shelled Parasite and Fungi","floor":25,"turns":5},{"damage":5,"enemies":"Gremlin Leader","floor":27,"turns":5},{"damage":6,"enemies":"Snecko","floor":29,"turns":4},{"damage":6,"enemies":"Centurion and Healer","floor":31,"turns":5},{"damage":25,"enemies":"Automaton","floor":33,"turns":9},{"damage":7,"enemies":"3 Darklings","floor":35,"turns":3},{"damage":0,"enemies":"3 Shapes","floor":37,"turns":4},{"damage":0,"enemies":"Jaw Worm Horde","floor":39,"turns":5},{"damage":0,"enemies":"3 Darklings","floor":42,"turns":5},{"damage":0,"enemies":"Maw","floor":45,"turns":7},{"damage":1,"enemies":"Time Eater","floor":50,"turns":13}],"seed_played":"6119750627331696177","potions_obtained":[{"floor":4,"key":"Dexterity Potion"},{"floor":11,"key":"Regen Potion"},{"floor":12,"key":"LiquidBronze"}],"is_trial":false,"path_per_floor":["M","M","$","M","M","R","?","E","T","?","?","M","$","M","R","B",null,"M","$","M","?","$","R","E","M","T","E","R","M","R","M","R","B",null,"M","$","M","?","M","?","R","M","T","?","M","?","R","$","R","B"],"character_chosen":"THE_SILENT","items_purchased":["Singing Bowl","Explosive Potion","War Paint","Well Laid Plans","Footwork","Dodge and Roll","Malaise"],"campfire_rested":1,"item_purchase_floors":[3,3,13,22,36,36,48],"current_hp_per_floor":[49,43,43,43,43,43,43,38,38,38,32,34,34,38,38,32,74,62,62,61,61,61,61,59,55,55,52,52,48,48,44,67,44,78,71,71,75,69,73,73,73,75,75,75,77,77,77,77,77,86],"gold":24,"neow_bonus":"TWO_FIFTY_GOLD","is_prod":false,"is_daily":false,"chose_seed":false,"campfire_upgraded":8,"win_rate":0,"timestamp":1537652257,"path_taken":["M","M","$","M","M","R","?","E","T","?","?","?","?","M","R","BOSS","M","$","?","?","$","R","E","M","T","E","R","M","R","M","R","BOSS","M","$","M","?","M","?","R","?","T","?","M","?","R","?","R","BOSS"],"build_version":"2018-09-20","purchased_purges":3,"victory":true,"max_hp_per_floor":[70,70,70,70,70,70,70,70,70,70,72,72,72,74,74,74,74,74,74,76,76,76,76,76,78,78,78,78,78,78,78,78,78,78,78,78,80,84,86,86,86,86,86,86,86,86,86,86,86,86],"card_choices":[{"not_picked":["Quick Slash","Dagger Throw"],"picked":"Noxious Fumes","floor":1},{"not_picked":["Escape Plan","Sucker Punch"],"picked":"Deadly Poison","floor":2},{"not_picked":["Envenom","Bane"],"picked":"Backstab","floor":4},{"not_picked":["Heel Hook","Underhanded Strike"],"picked":"Noxious Fumes","floor":5},{"not_picked":["Dodge and Roll","Bullet Time"],"picked":"Backflip","floor":8},{"not_picked":["Bouncing Flask","Outmaneuver","Deadly Poison"],"picked":"Singing Bowl","floor":11},{"not_picked":["Quick Slash","Endless Agony"],"picked":"Dash","floor":12},{"not_picked":["Escape Plan","Calculated Gamble","Blade Dance"],"picked":"Singing Bowl","floor":14},{"not_picked":["Burst","Tools of the Trade"],"picked":"Die Die Die","floor":16},{"not_picked":["Dagger Spray","Outmaneuver"],"picked":"PiercingWail+1","floor":18},{"not_picked":["Outmaneuver+1","Heel Hook","Deflect"],"picked":"Singing Bowl","floor":20},{"not_picked":["Concentrate","Acrobatics"],"picked":"Corpse Explosion","floor":24},{"not_picked":["Deadly Poison","Prepared","Infinite Blades"],"picked":"Singing Bowl","floor":25},{"not_picked":["Poisoned Stab+1","Slice"],"picked":"Bane","floor":27},{"not_picked":["Quick Slash","Backflip","All Out Attack"],"picked":"Sucker Punch","floor":29},{"not_picked":["Masterful Stab","Poisoned Stab+1","Outmaneuver"],"picked":"Dodge and Roll+1","floor":31},{"not_picked":["Riddle With Holes","Prepared","PiercingWail"],"picked":"Dash","floor":32},{"not_picked":["Venomology","Corpse Explosion","Unload"],"picked":"After Image","floor":33},{"not_picked":["Quick Slash+1"],"picked":"Cloak And Dagger","floor":35},{"not_picked":["Bane+1","Deflect+1"],"picked":"Singing Bowl","floor":37},{"not_picked":["Panacea"],"picked":"Apotheosis","floor":38},{"not_picked":["Panacea","PanicButton"],"picked":"Singing Bowl","floor":38},{"not_picked":["Metamorphosis","Mayhem"],"picked":"Singing Bowl","floor":38},{"not_picked":["Prepared","Dodge and Roll"],"picked":"Singing Bowl","floor":39},{"not_picked":["Infinite Blades"],"picked":"Catalyst+1","floor":42},{"not_picked":["Dagger Spray+1"],"picked":"Leg Sweep","floor":45}],"player_experience":607512,"relics_obtained":[{"floor":8,"key":"Sundial"},{"floor":9,"key":"Dream Catcher"},{"floor":11,"key":"Blood Vial"},{"floor":24,"key":"Bronze Scales"},{"floor":26,"key":"Blue Candle"},{"floor":27,"key":"Question Card"},{"floor":43,"key":"Pocketwatch"}],"event_choices":[{"event_name":"Purifier","player_choice":"One Purge","floor":7,"damage_taken":0},{"event_name":"Golden Wing","player_choice":"Gained Gold","floor":10,"damage_taken":0},{"event_name":"Dead Adventurer","player_choice":"Searched \u00271\u0027 times","floor":11,"damage_taken":0},{"event_name":"The Mausoleum","player_choice":"Yes","floor":21,"damage_taken":0},{"event_name":"SensoryStone","player_choice":"Memory 3","floor":38,"damage_taken":0},{"event_name":"Falling","player_choice":"Removed Attack","floor":40,"damage_taken":0},{"event_name":"NoteForYourself","player_choice":"Ignored","floor":44,"damage_taken":0},{"event_name":"Designer","player_choice":"Upgrade Card","floor":46,"damage_taken":0}],"is_beta":true,"boss_relics":[{"not_picked":["HoveringKite","WristBlade"],"picked":"Sozu"},{"not_picked":["Tiny House","Philosopher\u0027s Stone"],"picked":"Busted Crown"}],"items_purged_floors":[3,13,36],"is_endless":false,"potions_floor_spawned":[4,11,12,16,18,24,27,35,42,45],"ascension_level":0}