{"gold_per_floor":[117,128,128,148,163,163,180,208,260,280,280,296,296,321,321,393,393,404,404,15,33,33,33,65,65,65,82,94,65,65,83,83,83],"floor_reached":33,"playtime":1318,"items_purged":["Strike_B+1"],"score":558,"play_id":"1d8d8f39-af61-4692-a5be-5e23de6a4ff0","local_time":"20190310224253","is_ascension_mode":true,"campfire_choices":[{"floor":6.0,"key":"REST"},{"floor":11.0,"key":"REST"},{"floor":13.0,"key":"REST"},{"floor":15,"key":"REST"},{"floor":23,"key":"RECALL"},{"floor":25,"key":"REST"},{"floor":30,"key":"REST"},{"floor":32,"key":"REST"}],"neow_cost":"TEN_PERCENT_HP_LOSS","seed_source_timestamp":255402653485109,"circlet_count":0,"master_deck":["AscendersBane","Strike_B+1","Strike_B+1","Strike_B+1","Defend_B+1","Defend_B+1","Defend_B+1","Defend_B+1","Zap","Dualcast","Echo Form","Ball Lightning","Doom and Gloom","FTL","Go for the Eyes","Stack","Cold Snap","Compile Driver","Stack","Conserve Battery+1","Capacitor","Reinforced Body+1","Steam Power","Coolheaded"],"special_seed":0,"relics":["Cracked Core","Happy Flower","Art of War","Cables","Fusion Hammer","OrangePellets","Potion Belt","Oddly Smooth Stone"],"potions_floor_usage":[14,18,28,28,31],"damage_taken":[{"damage":7.0,"enemies":"2 Louse","floor":1.0,"turns":3.0},{"damage":0.0,"enemies":"Cultist","floor":2.0,"turns":3.0},{"damage":8.0,"enemies":"Small Slimes","floor":4.0,"turns":3.0},{"damage":19.0,"enemies":"3 Louse","floor":5.0,"turns":3.0},{"damage":3.0,"enemies":"Exordium Thugs","floor":7.0,"turns":3.0},{"damage":23.0,"enemies":"3 Sentries","floor":8.0,"turns":7.0},{"damage":9.0,"enemies":"2 Fungi Beasts","floor":10.0,"turns":2.0},{"damage":18.0,"enemies":"Large Slime","floor":12.0,"turns":4.0},{"damage":10,"enemies":"Gremlin Nob","floor":14,"turns":3},{"damage":9,"enemies":"Slime Boss","floor":16,"turns":8},{"damage":12,"enemies":"2 Thieves","floor":18,"turns":4},{"damage":9,"enemies":"Shell Parasite","floor":21,"turns":4},{"damage":39,"enemies":"Slavers","floor":24,"turns":6},{"damage":22,"enemies":"3 Cultists","floor":27,"turns":6},{"damage":15,"enemies":"Snake Plant","floor":28,"turns":3},{"damage":4,"enemies":"Shelled Parasite and Fungi","floor":31,"turns":8},{"damage":0,"enemies":"Automaton","floor":33,"turns":1}],"seed_played":"-2164811934113688618","potions_obtained":[{"floor":7.0,"key":"FearPotion"},{"floor":8.0,"key":"Swift Potion"},{"floor":14,"key":"Swift Potion"},{"floor":16,"key":"LiquidBronze"},{"floor":27,"key":"LiquidBronze"},{"floor":28,"key":"SkillPotion"}],"is_trial":false,"path_per_floor":["M","M","?","M","M","R","M","E","T","M","R","M","R","E","R","B",null,"M","?","$","M","?","R","E","R","T","M","M","$","R","M","R","B"],"character_chosen":"DEFECT","items_purchased":["OrangePellets","Capacitor","Coolheaded"],"campfire_rested":7,"item_purchase_floors":[20,20,29],"current_hp_per_floor":[57,57,57,49,30,49,46,23,23,14,33,15,34,24,43,34,57,45,45,45,36,64,64,25,44,44,22,7,7,26,22,41,41],"gold":83,"neow_bonus":"THREE_RARE_CARDS","is_prod":false,"is_daily":false,"chose_seed":false,"campfire_upgraded":0,"win_rate":0,"timestamp":1552272173,"path_taken":["M","M","?","?","?","R","M","E","T","M","R","M","R","E","R","BOSS","M","?","$","M","?","R","E","R","T","M","?","$","R","M","R","BOSS"],"build_version":"2019-02-06","purchased_purges":1,"victory":false,"max_hp_per_floor":[64,64,64,64,64,64,64,64,64,64,64,64,64,64,64,64,64,64,64,64,64,64,64,64,64,64,64,64,64,64,64,64,64],"card_choices":[{"not_picked":["Meteor Strike","Amplify"],"picked":"Echo Form","floor":0.0},{"not_picked":["Gash","Chill"],"picked":"Ball Lightning","floor":1.0},{"not_picked":["Barrage","Ball Lightning"],"picked":"Doom and Gloom","floor":2.0},{"not_picked":["Beam Cell","Sweeping Beam"],"picked":"Go for the Eyes","floor":4.0},{"not_picked":["Stack","Streamline","Go for the Eyes"],"picked":"SKIP","floor":5.0},{"not_picked":["Streamline","Go for the Eyes"],"picked":"Stack","floor":5.0},{"not_picked":["Darkness","Rebound"],"picked":"Cold Snap","floor":7.0},{"not_picked":["Rainbow","Streamline","White Noise"],"picked":"SKIP","floor":8.0},{"not_picked":["Reprogram","Force Field"],"picked":"Compile Driver","floor":10.0},{"not_picked":["Beam Cell","Compile Driver"],"picked":"Stack","floor":12.0},{"not_picked":["Sweeping Beam","Compile Driver","Fusion"],"picked":"SKIP","floor":14},{"not_picked":["Stack+1","Sweeping Beam"],"picked":"Conserve Battery+1","floor":18},{"not_picked":["Undo","Ball Lightning"],"picked":"Genetic Algorithm","floor":21},{"not_picked":["Echo Form","Cold Snap","Conserve Battery"],"picked":"SKIP","floor":24},{"not_picked":["Auto Shields","Sunder"],"picked":"Reinforced Body+1","floor":27},{"not_picked":["BootSequence","Sunder"],"picked":"Steam Power","floor":28},{"not_picked":["Beam Cell","Force Field","Lockon"],"picked":"SKIP","floor":31}],"player_experience":897538,"relics_obtained":[{"floor":8.0,"key":"Happy Flower"},{"floor":9.0,"key":"Art of War"},{"floor":14,"key":"Cables"},{"floor":24,"key":"Potion Belt"},{"floor":26,"key":"Oddly Smooth Stone"}],"event_choices":[{"damage_healed":0.0,"max_hp_gain":0.0,"max_hp_loss":0.0,"gold_gain":0.0,"event_name":"Match and Keep!","player_choice":"1 cards matched","floor":3.0,"gold_loss":0.0,"damage_taken":0.0,"cards_obtained":["FTL"]},{"damage_healed":0,"gold_gain":0,"player_choice":"Simplicity","damage_taken":0,"max_hp_gain":0,"max_hp_loss":0,"event_name":"Back to Basics","floor":19,"gold_loss":0,"cards_upgraded":["Strike_B","Strike_B","Strike_B","Strike_B","Defend_B","Defend_B","Defend_B","Defend_B"]},{"cards_removed":["Genetic Algorithm"],"damage_healed":28,"gold_gain":0,"player_choice":"Offered Uncommon","damage_taken":0,"max_hp_gain":0,"max_hp_loss":0,"event_name":"Bonfire Elementals","floor":22,"gold_loss":0}],"is_beta":true,"boss_relics":[{"not_picked":["Lizard Tail","Cursed Key"],"picked":"Fusion Hammer"}],"items_purged_floors":[20],"is_endless":false,"potions_floor_spawned":[7,8,10,14,16,27,28],"killed_by":"Automaton","ascension_level":20}