{"gold_per_floor":[113,126,144,158,168,168,202,38,38,38,71,71,85,102,102,197,197,207,196,216,43,58,58,58,58,58,58,68,84,84],"floor_reached":30,"playtime":2408,"items_purged":["Strike_G","Strike_G"],"score":283,"play_id":"fd76a846-3758-43c4-a300-35af59c74b97","local_time":"20190317214445","is_ascension_mode":true,"campfire_choices":[{"data":"Finisher","floor":6.0,"key":"SMITH"},{"floor":10.0,"key":"REST"},{"floor":12.0,"key":"REST"},{"floor":15.0,"key":"REST"},{"floor":23,"key":"REST"},{"data":"1","floor":25,"key":"LIFT"},{"data":"2","floor":27,"key":"LIFT"}],"neow_cost":"NONE","seed_source_timestamp":0,"circlet_count":0,"master_deck":["Defend_G","Defend_G","Defend_G","Survivor","Neutralize","Finisher+1","Dagger Spray","Well Laid Plans","Dodge and Roll","Crippling Poison","Endless Agony","Backflip","Accuracy","Envenom","Dagger Spray","Poisoned Stab","After Image","Footwork+1","Backflip+1","Concentrate+1","Dodge and Roll","Finisher","Blade Dance+1","Infinite Blades","Poisoned Stab+1","Dodge and Roll","Storm of Steel","Blur","PiercingWail"],"special_seed":0,"relics":["Ring of the Snake","NeowsBlessing","Girya","Bottled Flame","Pear","Astrolabe","Tingsha"],"potions_floor_usage":[20,22,28,30],"damage_taken":[{"damage":0.0,"enemies":"2 Louse","floor":1.0,"turns":1.0},{"damage":0.0,"enemies":"Cultist","floor":2.0,"turns":1.0},{"damage":0.0,"enemies":"Small Slimes","floor":3.0,"turns":1.0},{"damage":0.0,"enemies":"Blue Slaver","floor":4.0,"turns":1.0},{"damage":3.0,"enemies":"2 Fungi Beasts","floor":5.0,"turns":3.0},{"damage":40.0,"enemies":"Lagavulin","floor":7.0,"turns":8.0},{"damage":55.0,"enemies":"Gremlin Nob","floor":11.0,"turns":6.0},{"damage":0.0,"enemies":"3 Louse","floor":13.0,"turns":3.0},{"damage":11.0,"enemies":"Large Slime","floor":14.0,"turns":5.0},{"damage":45.0,"enemies":"The Guardian","floor":16.0,"turns":11.0},{"damage":5,"enemies":"Chosen","floor":18,"turns":6},{"damage":9,"enemies":"2 Thieves","floor":19,"turns":5},{"damage":20,"enemies":"Chosen and Byrds","floor":20,"turns":7},{"damage":15,"enemies":"3 Cultists","floor":22,"turns":5},{"damage":5,"enemies":"Shelled Parasite and Fungi","floor":28,"turns":5},{"damage":32,"enemies":"Snake Plant","floor":29,"turns":6},{"damage":19,"enemies":"Gremlin Leader","floor":30,"turns":2}],"seed_played":"-6044013799014692770","potions_obtained":[{"floor":1.0,"key":"Fire Potion"},{"floor":3.0,"key":"Regen Potion"},{"floor":5.0,"key":"SpeedPotion"},{"floor":11.0,"key":"FearPotion"},{"floor":13.0,"key":"Fire Potion"},{"floor":20,"key":"Dexterity Potion"},{"floor":29,"key":"Strength Potion"}],"is_trial":false,"path_per_floor":["M","M","M","M","M","R","E","$","T","R","E","R","M","M","R","B",null,"M","M","M","$","M","R","?","R","T","R","M","M","E"],"character_chosen":"THE_SILENT","items_purchased":["Backflip","Accuracy","Infinite Blades"],"campfire_rested":4,"item_purchase_floors":[8,8,21],"current_hp_per_floor":[70,70,70,70,67,67,40,40,40,61,16,40,40,29,53,8,80,75,66,46,46,31,55,55,55,55,55,50,18,0],"gold":84,"neow_bonus":"THREE_ENEMY_KILL","is_prod":false,"is_daily":false,"chose_seed":false,"campfire_upgraded":1,"win_rate":0,"timestamp":1552869885,"path_taken":["M","M","M","M","M","R","E","$","T","R","E","R","M","M","R","BOSS","M","M","M","$","M","R","?","R","T","R","M","M","E"],"build_version":"2019-01-23","purchased_purges":2,"victory":false,"max_hp_per_floor":[70,70,70,70,70,70,70,70,70,70,80,80,80,80,80,80,80,80,80,80,80,80,80,80,80,80,80,80,80,80],"card_choices":[{"not_picked":["Underhanded Strike","All Out Attack"],"picked":"Finisher","floor":1.0},{"not_picked":["Blade Dance","PiercingWail"],"picked":"Dagger Spray","floor":2.0},{"not_picked":["Dodge and Roll","Prepared"],"picked":"Well Laid Plans","floor":3.0},{"not_picked":["Reflex","Bane"],"picked":"Dodge and Roll","floor":4.0},{"not_picked":["Dodge and Roll","Dagger Throw"],"picked":"Crippling Poison","floor":5.0},{"not_picked":["Outmaneuver","Prepared"],"picked":"Endless Agony","floor":7.0},{"not_picked":["Catalyst","Prepared"],"picked":"Envenom","floor":11.0},{"not_picked":["Outmaneuver","Acrobatics"],"picked":"Dagger Spray","floor":13.0},{"not_picked":["Dagger Throw","Caltrops"],"picked":"Poisoned Stab","floor":14.0},{"not_picked":["Unload","Wraith Form v2"],"picked":"After Image","floor":16.0},{"not_picked":["Underhanded Strike","Predator"],"picked":"Dodge and Roll","floor":18},{"not_picked":["Slice","Poisoned Stab"],"picked":"Finisher","floor":19},{"not_picked":["Sucker Punch","Slice+1"],"picked":"Blade Dance+1","floor":20},{"not_picked":["Distraction","Skewer"],"picked":"Poisoned Stab+1","floor":22},{"not_picked":["Die Die Die","Masterful Stab"],"picked":"Blur","floor":28},{"not_picked":["Calculated Gamble+1","Sucker Punch"],"picked":"PiercingWail","floor":29}],"player_experience":226311,"relics_obtained":[{"floor":7.0,"key":"Girya"},{"floor":9.0,"key":"Bottled Flame"},{"floor":11.0,"key":"Pear"},{"floor":26,"key":"Tingsha"}],"event_choices":[{"damage_healed":0,"gold_gain":0,"cards_transformed":["Strike_G","Strike_G"],"player_choice":"Became Test Subject","damage_taken":0,"max_hp_gain":0,"max_hp_loss":0,"event_name":"Drug Dealer","floor":24,"gold_loss":0,"cards_obtained":["Dodge and Roll","Storm of Steel"]}],"is_beta":false,"boss_relics":[{"not_picked":["Calling Bell","Sozu"],"picked":"Astrolabe"}],"items_purged_floors":[8,21],"is_endless":false,"potions_floor_spawned":[1,3,5,11,13,20,29],"killed_by":"Gremlin Leader","ascension_level":3}