{"gold_per_floor":[114,39,59,59,71,101,101,101,101,131,147,201,219,219],"floor_reached":14,"playtime":444,"items_purged":["Eviscerate"],"score":200,"play_id":"5d5cf39a-5432-47db-a7bc-65ab02398c77","local_time":"20180930192704","is_ascension_mode":true,"campfire_choices":[],"neow_cost":"PERCENT_DAMAGE","seed_source_timestamp":0,"circlet_count":0,"master_deck":["Defend_G","Defend_G","Defend_G","Defend_G","Defend_G","Strike_G","Strike_G","Strike_G","Survivor","Neutralize+1","AscendersBane","Wraith Form v2","Terror","PiercingWail","Dagger Spray","Caltrops+1","Poisoned Stab","Infinite Blades+1"],"special_seed":0,"relics":["Ring of the Snake","Frozen Egg 2","Blood Vial","Matryoshka","Boot","Art of War"],"potions_floor_usage":[],"damage_taken":[{"damage":3.0,"enemies":"2 Louse","floor":1.0,"turns":5.0},{"damage":2.0,"enemies":"Cultist","floor":3.0,"turns":4.0},{"damage":4.0,"enemies":"Small Slimes","floor":5.0,"turns":4.0},{"damage":28.0,"enemies":"3 Sentries","floor":6.0,"turns":15.0},{"damage":34.0,"enemies":"Gremlin Nob","floor":10.0,"turns":6.0},{"damage":1.0,"enemies":"Blue Slaver","floor":11.0,"turns":4.0},{"damage":0.0,"enemies":"3 Louse","floor":13.0,"turns":2.0},{"damage":0,"enemies":"Large Slime","floor":14,"turns":1}],"seed_played":"-3800089536690928398","potions_obtained":[{"floor":1.0,"key":"Poison Potion"},{"floor":3.0,"key":"GamblersBrew"},{"floor":5.0,"key":"Poison Potion"},{"floor":6.0,"key":"Ancient Potion"},{"floor":11.0,"key":"FearPotion"}],"is_trial":false,"path_per_floor":["M","$","M","?","M","E","?","?","T","E","M","T","M"],"character_chosen":"THE_SILENT","items_purchased":[],"campfire_rested":0,"item_purchase_floors":[],"current_hp_per_floor":[41,41,39,66,62,34,34,34,34,2,3,3,5,7],"gold":219,"neow_bonus":"TRANSFORM_TWO_CARDS","is_prod":false,"is_daily":false,"chose_seed":false,"campfire_upgraded":0,"win_rate":0,"timestamp":1538350024,"path_taken":["M","$","M","?","M","E","?","?","T","E","M","?","M","M"],"build_version":"2018-09-27","purchased_purges":1,"victory":false,"max_hp_per_floor":[66,66,66,66,66,66,66,66,66,66,66,66,66,66],"card_choices":[{"not_picked":["Riddle With Holes","Bane"],"picked":"Terror","floor":1.0},{"not_picked":["Choke","Acrobatics"],"picked":"Blur","floor":3.0},{"not_picked":["Dodge and Roll","Acrobatics"],"picked":"PiercingWail","floor":5.0},{"not_picked":["Unload","Well Laid Plans"],"picked":"Dagger Spray","floor":6.0},{"not_picked":["Blade Dance","Cloak And Dagger"],"picked":"Caltrops+1","floor":10.0},{"not_picked":["Dagger Spray","Expertise"],"picked":"Poisoned Stab","floor":11.0},{"not_picked":["Accuracy+1","Poisoned Stab"],"picked":"Infinite Blades+1","floor":13.0}],"player_experience":646482,"relics_obtained":[{"floor":6.0,"key":"Frozen Egg 2"},{"floor":9.0,"key":"Blood Vial"},{"floor":10.0,"key":"Matryoshka"},{"floor":12.0,"key":"Boot"},{"floor":12.0,"key":"Art of War"}],"event_choices":[{"event_name":"Bonfire Elementals","player_choice":"UNCOMMON","floor":4.0,"damage_taken":0.0},{"event_name":"Liars Game","player_choice":"disagreed","floor":7.0,"damage_taken":0.0},{"event_name":"Living Wall","player_choice":"Grow","floor":8.0,"damage_taken":0.0}],"is_beta":true,"boss_relics":[],"items_purged_floors":[2],"is_endless":false,"potions_floor_spawned":[1,3,5,6,11],"killed_by":"Large Slime","ascension_level":20}