{"gold_per_floor":[112,28,28,28,28,28,59,59,59,75,93,123,137,148,148,253,253,268,268,114,137,236,265,265,265,265,276,276,295,295,80,80,180,180,191,191,203,303,321,321,335,347,347,347,347,357,23,34,34,34],"floor_reached":50,"playtime":4201,"items_purged":["Strike_R","Doubt","Writhe"],"score":570,"play_id":"aa193e35-5cca-42f5-a57f-92cfa25cc40f","local_time":"20190313183153","is_ascension_mode":false,"campfire_choices":[{"data":"Ghostly Armor","floor":6,"key":"SMITH"},{"data":"Battle Trance","floor":8,"key":"SMITH"},{"data":"Body Slam","floor":15,"key":"SMITH"},{"floor":24,"key":"REST"},{"data":"Entrench","floor":28,"key":"SMITH"},{"data":"Barricade","floor":30,"key":"SMITH"},{"floor":32,"key":"REST"},{"data":"Double Tap","floor":40,"key":"SMITH"},{"floor":44,"key":"REST"},{"floor":49,"key":"REST"}],"neow_cost":"NONE","seed_source_timestamp":79775301916077,"circlet_count":0,"master_deck":["Defend_R","Defend_R","Defend_R","Defend_R+1","Bash","Warcry","Ghostly Armor+1","Body Slam+1","Battle Trance+1","Feed","Body Slam+1","Fiend Fire","Armaments","Iron Wave","Entrench+1","Barricade+1","Body Slam+1","Shrug It Off","Purity","Double Tap+1","Bludgeon+1","Reckless Charge+1","Uppercut+1","Battle Trance","Dark Shackles","Warcry","Parasite","Dual Wield","Juggernaut","Dark Shackles","Metallicize"],"relics":["Burning Blood","NeowsBlessing","Bag of Preparation","Turnip","Dodecahedron","Cursed Key","Centennial Puzzle","Unceasing Top","Astrolabe","Magic Flower"],"potions_floor_usage":[12,12,16,23,29,29,41,50,50,50],"damage_taken":[{"damage":0,"enemies":"2 Louse","floor":1,"turns":1},{"damage":0,"enemies":"3 Sentries","floor":7,"turns":2},{"damage":0,"enemies":"Jaw Worm","floor":10,"turns":1},{"damage":0,"enemies":"Small Slimes","floor":11,"turns":2},{"damage":4,"enemies":"Lagavulin","floor":12,"turns":9},{"damage":6,"enemies":"Red Slaver","floor":13,"turns":2},{"damage":7,"enemies":"Exordium Thugs","floor":14,"turns":6},{"damage":61,"enemies":"Hexaghost","floor":16,"turns":11},{"damage":2,"enemies":"2 Thieves","floor":18,"turns":3},{"damage":61,"enemies":"Gremlin Leader","floor":23,"turns":5},{"damage":0,"enemies":"Chosen","floor":27,"turns":7},{"damage":0,"enemies":"Sentry and Sphere","floor":29,"turns":4},{"damage":0,"enemies":"Automaton","floor":33,"turns":5},{"damage":10,"enemies":"3 Shapes","floor":35,"turns":3},{"damage":10,"enemies":"Orb Walker","floor":37,"turns":2},{"damage":2,"enemies":"Mind Bloom Boss Battle","floor":38,"turns":6},{"damage":24,"enemies":"3 Darklings","floor":39,"turns":4},{"damage":0,"enemies":"Writhing Mass","floor":41,"turns":7},{"damage":54,"enemies":"Sphere and 2 Shapes","floor":42,"turns":4},{"damage":9,"enemies":"3 Darklings","floor":46,"turns":3},{"damage":25,"enemies":"Maw","floor":48,"turns":5},{"damage":102,"enemies":"Donu and Deca","floor":50,"turns":9}],"seed_played":"2978608984832097676","potions_obtained":[{"floor":1,"key":"Block Potion"},{"floor":7,"key":"Block Potion"},{"floor":10,"key":"FearPotion"},{"floor":13,"key":"Energy Potion"},{"floor":23,"key":"Fire Potion"},{"floor":27,"key":"Poison Potion"},{"floor":33,"key":"Swift Potion"},{"floor":35,"key":"EssenceOfSteel"},{"floor":38,"key":"Swift Potion"},{"floor":42,"key":"Explosive Potion"}],"is_trial":false,"path_per_floor":["M","$","?","?","?","R","E","R","T","M","M","E","M","M","R","B",null,"M","?","$","T","?","E","R","?","T","M","R","M","R","$","R","B",null,"M","?","M","?","M","R","M","M","T","R","?","M","$","M","R","B"],"character_chosen":"IRONCLAD","items_purchased":["Ghostly Armor","Body Slam","Entrench","Shrug It Off","Purity","Juggernaut","Dark Shackles","Dexterity Potion"],"campfire_rested":4,"item_purchase_floors":[2,2,20,31,31,47,47,47],"current_hp_per_floor":[80,80,64,57,57,57,63,63,63,69,75,77,77,76,76,21,80,80,80,80,80,80,25,49,49,49,55,55,61,61,61,80,80,80,79,79,75,79,64,64,73,28,28,52,73,73,73,57,81,0],"gold":34,"neow_bonus":"THREE_ENEMY_KILL","is_prod":false,"is_daily":false,"chose_seed":false,"campfire_upgraded":6,"win_rate":0,"timestamp":1552512713,"path_taken":["M","$","?","?","?","R","E","R","T","M","M","E","?","M","R","BOSS","M","?","$","?","?","E","R","?","T","M","R","M","R","$","R","BOSS","M","?","M","?","M","R","M","M","T","R","?","M","$","M","R","BOSS"],"build_version":"2019-01-23","purchased_purges":3,"victory":false,"max_hp_per_floor":[80,80,80,80,80,80,80,80,80,80,80,80,80,80,80,80,80,80,80,80,80,80,80,80,80,80,80,80,80,80,80,80,80,80,83,83,83,83,83,83,83,83,83,83,83,83,83,83,83,83],"card_choices":[{"not_picked":["Thunderclap","Sword Boomerang"],"picked":"Warcry","floor":1},{"not_picked":["Burning Pact","Headbutt"],"picked":"Battle Trance","floor":7},{"not_picked":["Heavy Blade","Havoc"],"picked":"True Grit","floor":10},{"not_picked":["Warcry","Pommel Strike"],"picked":"Feed","floor":11},{"not_picked":["Clash","Clothesline"],"picked":"Corruption","floor":12},{"not_picked":["Dropkick","Rage","Twin Strike"],"picked":"SKIP","floor":13},{"not_picked":["Anger","Cleave"],"picked":"Body Slam","floor":14},{"not_picked":["Offering","Demon Form"],"picked":"Fiend Fire","floor":16},{"not_picked":["Pommel Strike","Rampage"],"picked":"Armaments","floor":18},{"not_picked":["Clash+1","Dropkick+1","Blood for Blood"],"picked":"SKIP","floor":23},{"not_picked":["Clash","Searing Blow","Dark Embrace"],"picked":"SKIP","floor":27},{"not_picked":["Bloodletting","Iron Wave"],"picked":"Body Slam+1","floor":29},{"not_picked":["Fiend Fire","Offering"],"picked":"Double Tap","floor":33},{"not_picked":["Warcry","Iron Wave+1"],"picked":"Battle Trance","floor":35},{"not_picked":["Bandage Up","Magnetism"],"picked":"Dark Shackles","floor":36},{"not_picked":["Heavy Blade","Reckless Charge","Corruption+1"],"picked":"SKIP","floor":37},{"not_picked":["Intimidate+1","Perfected Strike"],"picked":"Warcry","floor":39},{"not_picked":["Cleave","Body Slam"],"picked":"Dual Wield","floor":41},{"not_picked":["Wild Strike","Infernal Blade","Heavy Blade"],"picked":"SKIP","floor":42},{"not_picked":["Flex","Infernal Blade+1","Spot Weakness"],"picked":"SKIP","floor":46},{"not_picked":["Bloodletting+1","Rage"],"picked":"Metallicize","floor":48}],"player_experience":181447,"relics_obtained":[{"floor":7,"key":"Bag of Preparation"},{"floor":9,"key":"Turnip"},{"floor":12,"key":"Dodecahedron"},{"floor":21,"key":"Centennial Puzzle"},{"floor":23,"key":"Unceasing Top"},{"floor":38,"key":"Magic Flower"}],"event_choices":[{"damage_healed":0,"gold_gain":0,"player_choice":"Entered Light","damage_taken":16,"max_hp_gain":0,"max_hp_loss":0,"event_name":"Shining Light","floor":3,"gold_loss":0,"cards_upgraded":["Defend_R","Body Slam"]},{"cards_removed":["Strike_R"],"damage_healed":0,"gold_gain":0,"player_choice":"Card Removal","damage_taken":7,"max_hp_gain":0,"max_hp_loss":0,"event_name":"Golden Wing","floor":4,"gold_loss":0},{"cards_removed":["Strike_R"],"damage_healed":0,"gold_gain":0,"player_choice":"Offered Basic","damage_taken":0,"max_hp_gain":0,"max_hp_loss":0,"event_name":"Bonfire Elementals","floor":5,"gold_loss":0},{"cards_removed":["Strike_R"],"damage_healed":0,"gold_gain":0,"player_choice":"Took Card","damage_taken":0,"max_hp_gain":0,"max_hp_loss":0,"event_name":"NoteForYourself","floor":19,"gold_loss":0,"cards_obtained":["Iron Wave"]},{"damage_healed":0,"gold_gain":99,"player_choice":"Stole From Cult","damage_taken":0,"max_hp_gain":0,"max_hp_loss":0,"event_name":"Nest","floor":22,"gold_loss":0},{"damage_healed":0,"gold_gain":0,"player_choice":"Read","damage_taken":0,"max_hp_gain":0,"max_hp_loss":0,"event_name":"The Library","floor":25,"gold_loss":0,"cards_obtained":["Barricade"]},{"damage_healed":0,"gold_gain":0,"player_choice":"Memory 1","damage_taken":0,"max_hp_gain":0,"max_hp_loss":0,"event_name":"SensoryStone","floor":36,"gold_loss":0},{"damage_healed":0,"gold_gain":0,"player_choice":"Fight","damage_taken":0,"max_hp_gain":0,"max_hp_loss":0,"event_name":"MindBloom","floor":38,"gold_loss":0},{"damage_healed":21,"gold_gain":0,"player_choice":"Writhe","damage_taken":0,"max_hp_gain":0,"max_hp_loss":0,"event_name":"Winding Halls","floor":45,"gold_loss":0,"cards_obtained":["Writhe"]}],"is_beta":false,"boss_relics":[{"not_picked":["Lizard Tail","Eternal Feather"],"picked":"Cursed Key"},{"not_picked":["White Beast Statue","Velvet Choker"],"picked":"Astrolabe"}],"items_purged_floors":[20,31,47],"is_endless":false,"potions_floor_spawned":[1,7,10,13,23,27,33,35,38,39,42],"killed_by":"Donu and Deca","ascension_level":0}