{"gold_per_floor":[117,117,117,134,284,284,297,297,297,331,344,90,90,90,90,161,161,181,181,192,11,11,41,41,41,41,70,89,103,103,51,51,129,129,140,151,164,264,264,264],"floor_reached":40,"playtime":2674,"items_purged":["Strike_B"],"score":843,"play_id":"674e9023-a665-491f-b1dc-95686fbfdf97","local_time":"20190328211924","is_ascension_mode":true,"campfire_choices":[{"data":"Zap","floor":6.0,"key":"SMITH"},{"data":"Auto Shields","floor":8.0,"key":"SMITH"},{"data":"Multi-Cast","floor":13.0,"key":"SMITH"},{"data":"Darkness","floor":15.0,"key":"SMITH"},{"floor":24.0,"key":"REST"},{"floor":30.0,"key":"REST"},{"floor":32.0,"key":"REST"}],"neow_cost":"TEN_PERCENT_HP_LOSS","seed_source_timestamp":331843672198219,"circlet_count":0,"master_deck":["AscendersBane","Strike_B+1","Strike_B","Defend_B","Defend_B","Zap+1","Dualcast","Reinforced Body","Auto Shields+1","Darkness+1","Beam Cell+1","Ball Lightning","Compile Driver","Cold Snap","Chill","Multi-Cast+1","Biased Cognition","Coolheaded","Defragment","Steam Power","Compile Driver","Self Repair","Conserve Battery","Core Surge","Capacitor","Reinforced Body","FTL"],"special_seed":0,"relics":["Cracked Core","Blue Candle","Du-Vu Doll","Fusion Hammer","Spirit Poop","Happy Flower","Bottled Flame","Gambling Chip","Letter Opener","Empty Cage","Unceasing Top"],"potions_floor_usage":[],"damage_taken":[{"damage":3.0,"enemies":"2 Louse","floor":1.0,"turns":4.0},{"damage":0.0,"enemies":"Small Slimes","floor":4.0,"turns":3.0},{"damage":1.0,"enemies":"Jaw Worm","floor":7.0,"turns":3.0},{"damage":11.0,"enemies":"3 Sentries","floor":10.0,"turns":6.0},{"damage":8.0,"enemies":"Blue Slaver","floor":11.0,"turns":3.0},{"damage":10.0,"enemies":"Hexaghost","floor":16.0,"turns":6.0},{"damage":2.0,"enemies":"Shell Parasite","floor":18.0,"turns":4.0},{"damage":1.0,"enemies":"2 Thieves","floor":20.0,"turns":4.0},{"damage":46.0,"enemies":"Slavers","floor":23.0,"turns":8.0},{"damage":9.0,"enemies":"Book of Stabbing","floor":27.0,"turns":6.0},{"damage":7.0,"enemies":"3 Cultists","floor":28.0,"turns":5.0},{"damage":0.0,"enemies":"Centurion and Healer","floor":29.0,"turns":6.0},{"damage":31.0,"enemies":"Collector","floor":33.0,"turns":7.0},{"damage":1.0,"enemies":"3 Shapes","floor":35.0,"turns":5.0},{"damage":25.0,"enemies":"3 Darklings","floor":36.0,"turns":7.0},{"damage":0.0,"enemies":"4 Shapes","floor":37.0,"turns":10.0},{"damage":6.0,"enemies":"Mind Bloom Boss Battle","floor":38.0,"turns":7.0},{"damage":0,"enemies":"Reptomancer","floor":40,"turns":1}],"seed_played":"5368743207896335739","potions_obtained":[{"floor":7.0,"key":"GamblersBrew"},{"floor":11.0,"key":"EssenceOfSteel"},{"floor":23.0,"key":"SkillPotion"},{"floor":28.0,"key":"Swift Potion"},{"floor":33.0,"key":"AttackPotion"},{"floor":35.0,"key":"Poison Potion"},{"floor":38.0,"key":"Block Potion"}],"is_trial":false,"path_per_floor":["M","?","?","M","?","R","M","R","T","E","M","$","R","?","R","B",null,"M","?","M","$","?","E","R","$","T","E","M","M","R","?","R","B",null,"M","M","M","?","?","E"],"character_chosen":"DEFECT","items_purchased":["Multi-Cast","Defragment","Steam Power","Compile Driver"],"campfire_rested":3,"item_purchase_floors":[12,21,21,21],"current_hp_per_floor":[61,61,42,42,42,42,41,41,41,30,22,22,22,38,38,28,55,53,53,52,52,52,6,25,25,25,16,9,16,35,35,54,30,53,59,41,48,49,49,49],"gold":264,"neow_bonus":"TRANSFORM_TWO_CARDS","is_prod":false,"is_daily":false,"chose_seed":false,"campfire_upgraded":4,"win_rate":0,"timestamp":1553822364,"path_taken":["M","?","?","M","?","R","M","R","T","E","?","$","R","?","R","BOSS","M","?","?","$","?","E","R","$","T","E","M","M","R","?","R","BOSS","M","?","M","?","?","E"],"build_version":"2019-03-15","purchased_purges":1,"victory":false,"max_hp_per_floor":[64,64,64,64,64,64,64,64,64,64,64,64,64,64,64,64,64,64,64,64,64,64,64,64,64,64,64,64,64,64,64,64,64,61,61,61,61,61,61,61],"card_choices":[{"not_picked":["Conserve Battery","Rebound"],"picked":"Darkness","floor":1.0},{"not_picked":["Gash","White Noise"],"picked":"Ball Lightning","floor":4.0},{"not_picked":["Scrape","Sweeping Beam"],"picked":"Compile Driver","floor":7.0},{"not_picked":["Chaos","Darkness"],"picked":"Cold Snap","floor":10.0},{"not_picked":["Redo","Sweeping Beam"],"picked":"Chill","floor":11.0},{"not_picked":["Rainbow","Amplify"],"picked":"Biased Cognition","floor":16.0},{"not_picked":["Redo","Gash"],"picked":"Coolheaded","floor":18.0},{"not_picked":["Redo","Fission","Chill+1"],"picked":"SKIP","floor":20.0},{"not_picked":["Defragment","Recycle"],"picked":"Self Repair","floor":23.0},{"not_picked":["Streamline","Gash","Go for the Eyes"],"picked":"SKIP","floor":27.0},{"not_picked":["Scrape","Self Repair+1","Ball Lightning"],"picked":"SKIP","floor":28.0},{"not_picked":["Gash","Double Energy"],"picked":"Conserve Battery","floor":29.0},{"not_picked":["Buffer","Biased Cognition"],"picked":"Core Surge","floor":33.0},{"not_picked":["Stack+1","Double Energy"],"picked":"Capacitor","floor":35.0},{"not_picked":["Sweeping Beam","Defragment"],"picked":"Reinforced Body","floor":36.0},{"not_picked":["Go for the Eyes","Scrape","Sweeping Beam"],"picked":"SKIP","floor":37.0},{"not_picked":["Ball Lightning","Melter"],"picked":"FTL","floor":38.0}],"player_experience":939552,"relics_obtained":[{"floor":9.0,"key":"Blue Candle"},{"floor":10.0,"key":"Du-Vu Doll"},{"floor":23.0,"key":"Happy Flower"},{"floor":26.0,"key":"Bottled Flame"},{"floor":27.0,"key":"Gambling Chip"},{"floor":38.0,"key":"Unceasing Top"}],"event_choices":[{"damage_healed":0.0,"max_hp_gain":0.0,"max_hp_loss":0.0,"gold_gain":0.0,"cards_transformed":["Defend_B"],"event_name":"Living Wall","player_choice":"Change","floor":2.0,"gold_loss":0.0,"damage_taken":0.0,"cards_obtained":["Beam Cell"]},{"damage_healed":0.0,"max_hp_gain":0.0,"max_hp_loss":0.0,"gold_gain":0.0,"event_name":"Shining Light","player_choice":"Entered Light","floor":3.0,"gold_loss":0.0,"damage_taken":19.0,"cards_upgraded":["Strike_B","Beam Cell"]},{"damage_healed":0.0,"max_hp_gain":0.0,"max_hp_loss":0.0,"gold_gain":150.0,"event_name":"Liars Game","player_choice":"AGREE","floor":5.0,"gold_loss":0.0,"damage_taken":0.0,"cards_obtained":["Doubt"]},{"damage_healed":16.0,"max_hp_gain":0.0,"max_hp_loss":0.0,"gold_gain":0.0,"event_name":"Mushrooms","player_choice":"Healed and dodged fight","floor":14.0,"gold_loss":0.0,"damage_taken":0.0,"cards_obtained":["Parasite"]},{"cards_removed":["Doubt"],"damage_healed":0.0,"max_hp_gain":0.0,"max_hp_loss":0.0,"gold_gain":0.0,"event_name":"Bonfire Elementals","player_choice":"Offered Curse","floor":19.0,"gold_loss":0.0,"damage_taken":0.0,"relics_obtained":["Spirit Poop"]},{"damage_healed":0.0,"max_hp_gain":0.0,"max_hp_loss":0.0,"gold_gain":0.0,"event_name":"Forgotten Altar","player_choice":"Smashed Altar","floor":22.0,"gold_loss":0.0,"damage_taken":0.0,"cards_obtained":["Decay"]},{"damage_healed":0.0,"max_hp_gain":0.0,"max_hp_loss":0.0,"gold_gain":0.0,"event_name":"WeMeetAgain","player_choice":"Paid Gold","floor":31.0,"gold_loss":52.0,"damage_taken":0.0,"relics_obtained":["Letter Opener"]},{"damage_healed":0.0,"max_hp_gain":0.0,"max_hp_loss":0.0,"gold_gain":0.0,"event_name":"MindBloom","player_choice":"Fight","floor":38.0,"gold_loss":0.0,"damage_taken":0.0},{"damage_healed":0.0,"max_hp_gain":0.0,"max_hp_loss":0.0,"gold_gain":0.0,"event_name":"Mysterious Sphere","player_choice":"Ignored","floor":39.0,"gold_loss":0.0,"damage_taken":0.0}],"is_beta":true,"boss_relics":[{"not_picked":["Busted Crown","Ectoplasm"],"picked":"Fusion Hammer"},{"not_picked":["Nuclear Battery","Orrery"],"picked":"Empty Cage"}],"items_purged_floors":[12],"is_endless":false,"potions_floor_spawned":[7,11,23,28,29,33,35,38],"killed_by":"Reptomancer","ascension_level":20}