{"gold_per_floor":[111,111,130,145,156,156,182,182,182,182,35,50,50,69,69,167,167,185,185,205,205,55,55,73,73,121,12,12,26,26,26,26,126,126,140,15,29,41,60,60,60,60,60,77,93,93,70,81,81,81],"floor_reached":50,"playtime":4586,"items_purged":["Defend_G","Defend_G","Defend_G"],"score":466,"play_id":"cb5ef2a0-2de0-4eb7-b832-b74678cec824","local_time":"20181208195629","is_ascension_mode":true,"campfire_choices":[{"data":"Backflip","floor":6,"key":"SMITH"},{"floor":8,"key":"REST"},{"floor":10,"key":"REST"},{"floor":15,"key":"REST"},{"floor":23,"key":"REST"},{"floor":28,"key":"REST"},{"floor":30,"key":"REST"},{"data":"Accuracy","floor":32,"key":"SMITH"},{"floor":40,"key":"REST"},{"floor":42,"key":"REST"},{"data":"Accuracy","floor":49,"key":"SMITH"}],"neow_cost":"NONE","seed_source_timestamp":511656935263895,"circlet_count":0,"master_deck":["Defend_G","Defend_G","Strike_G","Strike_G","Strike_G","Strike_G","Strike_G","Survivor","Neutralize","Backflip+1","Accuracy+1","Backflip+1","Blade Dance","PiercingWail","Dagger Throw","Backstab","Venomology","Sucker Punch","Blur","Deflect","Deflect","Accuracy+1","Finisher","Die Die Die","Dagger Throw+1","Predator+1","Blade Dance","Doubt","PiercingWail","Outmaneuver+1"],"relics":["Ring of the Snake","Pen Nib","Ninja Scroll","Runic Pyramid","Paper Crane","MutagenicStrength","PreservedInsect","Cursed Key"],"potions_floor_usage":[7,16,16,20,24,33,33,38,38,45,48,48,50],"damage_taken":[{"damage":7,"enemies":"2 Louse","floor":1,"turns":4},{"damage":0,"enemies":"Cultist","floor":3,"turns":5},{"damage":0,"enemies":"Jaw Worm","floor":4,"turns":5},{"damage":0,"enemies":"2 Fungi Beasts","floor":5,"turns":5},{"damage":59,"enemies":"Lagavulin","floor":7,"turns":14},{"damage":0,"enemies":"Blue Slaver","floor":12,"turns":4},{"damage":2,"enemies":"Looter","floor":14,"turns":4},{"damage":52,"enemies":"The Guardian","floor":16,"turns":13},{"damage":18,"enemies":"Chosen","floor":18,"turns":7},{"damage":15,"enemies":"Shell Parasite","floor":20,"turns":5},{"damage":9,"enemies":"Snake Plant","floor":24,"turns":8},{"damage":8,"enemies":"Centurion and Healer","floor":29,"turns":2},{"damage":66,"enemies":"Automaton","floor":33,"turns":12},{"damage":14,"enemies":"3 Shapes","floor":35,"turns":3},{"damage":11,"enemies":"3 Darklings","floor":37,"turns":5},{"damage":17,"enemies":"Spire Growth","floor":38,"turns":3},{"damage":3,"enemies":"Maw","floor":39,"turns":8},{"damage":20,"enemies":"3 Darklings","floor":44,"turns":5},{"damage":40,"enemies":"Spire Growth","floor":45,"turns":5},{"damage":2,"enemies":"Writhing Mass","floor":48,"turns":7},{"damage":126,"enemies":"Time Eater","floor":50,"turns":12}],"seed_played":"2728446008666210110","potions_obtained":[{"floor":4,"key":"GamblersBrew"},{"floor":7,"key":"Weak Potion"},{"floor":12,"key":"SteroidPotion"},{"floor":18,"key":"GhostInAJar"},{"floor":33,"key":"Strength Potion"},{"floor":37,"key":"Strength Potion"},{"floor":45,"key":"PowerPotion"}],"is_trial":false,"path_per_floor":["M","?","M","M","M","R","E","R","T","R","$","M","$","M","R","B",null,"M","?","M","?","$","R","M","?","T","$","R","M","R","$","R","B",null,"M","$","M","M","M","R","?","R","T","M","M","?","$","M","R","B"],"character_chosen":"THE_SILENT","items_purchased":["PiercingWail","Dagger Throw","Deflect","Accuracy","Finisher","PiercingWail"],"campfire_rested":8,"item_purchase_floors":[11,11,22,27,27,47],"current_hp_per_floor":[63,63,63,63,63,63,4,25,25,46,46,46,46,44,65,13,70,52,39,24,24,24,46,37,37,37,37,59,51,73,73,73,7,75,61,61,50,33,30,52,52,71,71,51,11,71,71,69,69,0],"gold":81,"neow_bonus":"THREE_CARDS","is_prod":false,"is_daily":false,"chose_seed":false,"campfire_upgraded":3,"win_rate":0,"timestamp":1544313389,"path_taken":["M","?","M","M","M","R","E","R","T","R","?","M","$","?","R","BOSS","M","?","M","?","$","R","M","?","T","$","R","M","R","$","R","BOSS","M","$","M","M","M","R","?","R","T","M","M","?","$","M","R","BOSS"],"build_version":"2018-12-06","purchased_purges":3,"victory":false,"max_hp_per_floor":[70,70,70,70,70,70,70,70,70,70,70,70,70,70,70,70,70,70,75,75,75,75,75,75,75,75,75,75,75,75,75,75,75,75,75,75,75,75,75,75,71,71,71,71,71,71,71,71,71,71],"card_choices":[{"not_picked":["Quick Slash","Acrobatics"],"picked":"Backflip","floor":0},{"not_picked":["Dagger Throw","Heel Hook","Finisher"],"picked":"SKIP","floor":1},{"not_picked":["Masterful Stab","Distraction"],"picked":"Accuracy","floor":3},{"not_picked":["Bane","Bouncing Flask"],"picked":"Backflip","floor":4},{"not_picked":["Crippling Poison","Bane","Flying Knee"],"picked":"SKIP","floor":5},{"not_picked":["PiercingWail","Predator"],"picked":"Blade Dance","floor":7},{"not_picked":["Prepared","Skewer","Flying Knee"],"picked":"SKIP","floor":12},{"not_picked":["Flechettes","Prepared"],"picked":"Backstab","floor":14},{"not_picked":["Doppelganger","Bullet Time"],"picked":"Venomology","floor":16},{"not_picked":["Flechettes","Quick Slash"],"picked":"Sucker Punch","floor":18},{"not_picked":["Underhanded Strike","Dagger Throw"],"picked":"Blur","floor":20},{"not_picked":["Deadly Poison","Dodge and Roll+1"],"picked":"Deflect","floor":24},{"not_picked":["Dagger Spray+1","Outmaneuver","Quick Slash+1"],"picked":"SKIP","floor":29},{"not_picked":["Adrenaline","Glass Knife"],"picked":"Die Die Die","floor":33},{"not_picked":["Noxious Fumes","Deflect"],"picked":"Dagger Throw+1","floor":35},{"not_picked":["Masterful Stab","Acrobatics+1"],"picked":"Predator+1","floor":37},{"not_picked":["Deadly Poison+1","Blur+1"],"picked":"Blade Dance","floor":38},{"not_picked":["All Out Attack+1","Dagger Throw+1","Deadly Poison"],"picked":"SKIP","floor":39},{"not_picked":["Quick Slash+1","Expertise","Reflex+1"],"picked":"SKIP","floor":44},{"not_picked":["Poisoned Stab","Heel Hook+1","Dodge and Roll+1"],"picked":"SKIP","floor":45},{"not_picked":["Footwork","Sucker Punch+1"],"picked":"Outmaneuver+1","floor":48}],"player_experience":86455,"relics_obtained":[{"floor":7,"key":"Pen Nib"},{"floor":9,"key":"Ninja Scroll"},{"floor":26,"key":"PreservedInsect"}],"event_choices":[{"damage_healed":0,"gold_gain":0,"player_choice":"Upgraded","damage_taken":0,"max_hp_gain":0,"max_hp_loss":0,"event_name":"Upgrade Shrine","floor":2,"gold_loss":0,"cards_upgraded":["Backflip"]},{"damage_healed":0,"gold_gain":0,"player_choice":"Shed Blood","damage_taken":18,"max_hp_gain":5,"max_hp_loss":0,"event_name":"Forgotten Altar","floor":19,"gold_loss":0},{"damage_healed":0,"gold_gain":0,"player_choice":"Opened","damage_taken":0,"relics_obtained":["Paper Crane"],"max_hp_gain":0,"max_hp_loss":0,"event_name":"The Mausoleum","floor":21,"gold_loss":0},{"damage_healed":0,"gold_gain":0,"player_choice":"Inject Mutagens","damage_taken":0,"relics_obtained":["MutagenicStrength"],"max_hp_gain":0,"max_hp_loss":0,"event_name":"Drug Dealer","floor":25,"gold_loss":0},{"damage_healed":0,"gold_gain":0,"player_choice":"Max HP","damage_taken":0,"max_hp_gain":0,"max_hp_loss":4,"event_name":"Winding Halls","floor":41,"gold_loss":0},{"damage_healed":60,"gold_gain":0,"player_choice":"Heal","damage_taken":0,"max_hp_gain":0,"max_hp_loss":0,"event_name":"MindBloom","floor":46,"gold_loss":0,"cards_obtained":["Doubt"]}],"is_beta":false,"boss_relics":[{"not_picked":["Fusion Hammer","Velvet Choker"],"picked":"Runic Pyramid"},{"not_picked":["Runic Dome","HoveringKite"],"picked":"Cursed Key"}],"items_purged_floors":[11,22,36],"is_endless":false,"potions_floor_spawned":[4,7,12,18,33,37,44,45],"killed_by":"Time Eater","ascension_level":1}