{"gold_per_floor":[366,366,16,16,30,45,45,59,141,141,141,173,153,171,171,244,244,264,214,76,76,126,153,153,167,222,222,222,69,69,13,13,88,88,103,115,115,115,1114,1139,1139,928,928,115,115,132,132,142,142,142],"floor_reached":50,"playtime":1894,"items_purged":["Pain","Strike_G","Normality","Normality"],"score":1014,"play_id":"69980983-1de8-4e68-a48a-a157eb894276","local_time":"20180929150848","is_ascension_mode":true,"campfire_choices":[{"data":"Terror","floor":7.0,"key":"SMITH"},{"data":"Infinite Blades","floor":11.0,"key":"SMITH"},{"data":"Blur","floor":15.0,"key":"SMITH"},{"data":"Cloak And Dagger","floor":24.0,"key":"SMITH"},{"floor":27.0,"key":"REST"},{"data":"A Thousand Cuts","floor":30.0,"key":"SMITH"},{"floor":32.0,"key":"REST"},{"floor":41.0,"key":"REST"},{"data":"Malaise","floor":45.0,"key":"SMITH"},{"data":"Malaise","floor":47.0,"key":"SMITH"},{"floor":49.0,"key":"REST"}],"neow_cost":"CURSE","seed_source_timestamp":296388617067050,"circlet_count":0,"master_deck":["Defend_G+1","Defend_G","Defend_G+1","Defend_G","Strike_G","Survivor","Neutralize+1","AscendersBane","Dagger Throw","Blur+1","Terror+1","Infinite Blades+1","Flying Knee","A Thousand Cuts+1","Skewer+1","Tools of the Trade+1","Dagger Spray+1","Well Laid Plans+1","Cloak And Dagger+1","After Image","Leg Sweep","Blur","Cloak And Dagger","Malaise","Riddle With Holes","Malaise+1","Malaise+1","Cloak And Dagger+1","Blade Dance+1"],"special_seed":0,"relics":["Ring of the Snake","Shuriken","Gremlin Horn","Pen Nib","Astrolabe","MutagenicStrength","Ninja Scroll","Bag of Preparation","Cursed Key","Sundial","Regal Pillow","Nunchaku"],"potions_floor_usage":[],"damage_taken":[{"damage":7.0,"enemies":"Cultist","floor":1.0,"turns":5.0},{"damage":1.0,"enemies":"2 Louse","floor":5.0,"turns":3.0},{"damage":0.0,"enemies":"Small Slimes","floor":6.0,"turns":4.0},{"damage":0.0,"enemies":"Blue Slaver","floor":8.0,"turns":3.0},{"damage":9.0,"enemies":"3 Sentries","floor":12.0,"turns":6.0},{"damage":2.0,"enemies":"2 Fungi Beasts","floor":14.0,"turns":4.0},{"damage":22.0,"enemies":"The Guardian","floor":16.0,"turns":11.0},{"damage":18.0,"enemies":"Spheric Guardian","floor":18.0,"turns":4.0},{"damage":12.0,"enemies":"Gremlin Leader","floor":23.0,"turns":4.0},{"damage":8.0,"enemies":"2 Thieves","floor":25.0,"turns":2.0},{"damage":21.0,"enemies":"Champ","floor":33.0,"turns":10.0},{"damage":0.0,"enemies":"3 Shapes","floor":35.0,"turns":7.0},{"damage":15.0,"enemies":"3 Darklings","floor":36.0,"turns":4.0},{"damage":28.0,"enemies":"Nemesis","floor":40.0,"turns":10.0},{"damage":14.0,"enemies":"Transient","floor":46.0,"turns":6.0},{"damage":4.0,"enemies":"Sphere and 2 Shapes","floor":48.0,"turns":7.0},{"damage":18,"enemies":"Donu and Deca","floor":50,"turns":2}],"seed_played":"4027639847052458794","potions_obtained":[{"floor":1.0,"key":"AttackPotion"},{"floor":5.0,"key":"Dexterity Potion"},{"floor":13.0,"key":"FairyPotion"},{"floor":33.0,"key":"EssenceOfSteel"},{"floor":35.0,"key":"SpeedPotion"},{"floor":40.0,"key":"Fire Potion"}],"is_trial":false,"path_per_floor":["M","?","$","?","M","M","R","M","T","?","R","E","?","M","R","B",null,"M","?","$","?","?","E","R","M","T","R","?","$","R","$","R","B",null,"M","M","?","?","?","E","R","$","T","$","R","M","R","M","R"],"character_chosen":"THE_SILENT","items_purchased":["Shuriken","Cloak And Dagger","GhostInAJar","Cloak And Dagger","PowerPotion","Regen Potion","Regal Pillow","Nunchaku","Malaise"],"campfire_rested":4,"item_purchase_floors":[3,20,20,29,31,42,44,44,44],"current_hp_per_floor":[52,52,52,32,31,31,31,31,31,31,31,22,22,20,20,6,51,33,33,33,33,33,21,21,13,13,32,32,32,32,32,51,30,57,57,42,42,42,42,14,33,33,33,33,33,34,34,30,64,46],"gold":142,"neow_bonus":"TWO_FIFTY_GOLD","is_prod":false,"is_daily":false,"chose_seed":false,"campfire_upgraded":7,"win_rate":0,"timestamp":1538248128,"path_taken":["M","?","?","?","M","M","R","?","T","?","R","E","?","M","R","BOSS","M","?","$","?","?","E","R","?","T","R","?","?","R","$","R","BOSS","M","?","?","?","?","E","R","$","T","$","R","M","R","M","R","BOSS"],"build_version":"2018-09-27","purchased_purges":4,"victory":false,"max_hp_per_floor":[66,66,66,66,66,66,66,66,66,66,66,66,66,66,66,66,66,66,66,66,66,66,66,66,66,66,66,66,66,66,66,66,66,66,66,66,66,66,66,66,66,66,66,66,66,66,66,66,66,66],"card_choices":[{"not_picked":["Backflip","Slice"],"picked":"Dagger Throw","floor":1.0},{"not_picked":["Quick Slash","Outmaneuver"],"picked":"Terror","floor":5.0},{"not_picked":["Dagger Throw","Cloak And Dagger"],"picked":"Infinite Blades","floor":6.0},{"not_picked":["Deadly Poison","Setup","Crippling Poison"],"picked":"SKIP","floor":8.0},{"not_picked":["Concentrate","Deadly Poison","Underhanded Strike"],"picked":"SKIP","floor":12.0},{"not_picked":["Dagger Throw","Outmaneuver"],"picked":"Flying Knee","floor":14.0},{"not_picked":["Phantasmal Killer","Wraith Form v2"],"picked":"A Thousand Cuts","floor":16.0},{"not_picked":["Calculated Gamble","Poisoned Stab"],"picked":"Well Laid Plans+1","floor":18.0},{"not_picked":["Poisoned Stab","Blur"],"picked":"After Image","floor":23.0},{"not_picked":["Blur","Outmaneuver"],"picked":"Leg Sweep","floor":25.0},{"not_picked":["Wraith Form v2","Glass Knife"],"picked":"Malaise","floor":33.0},{"not_picked":["Well Laid Plans+1","Terror","Noxious Fumes"],"picked":"SKIP","floor":35.0},{"not_picked":["Deadly Poison","Terror+1"],"picked":"Riddle With Holes","floor":36.0},{"not_picked":["Dagger Throw+1","Blade Dance","Slice"],"picked":"SKIP","floor":40.0},{"not_picked":["Flying Knee","Riddle With Holes"],"picked":"Cloak And Dagger+1","floor":46.0},{"not_picked":["Flying Knee","Underhanded Strike"],"picked":"Blade Dance+1","floor":48.0}],"player_experience":643596,"relics_obtained":[{"floor":9.0,"key":"Gremlin Horn"},{"floor":12.0,"key":"Pen Nib"},{"floor":23.0,"key":"Ninja Scroll"},{"floor":26.0,"key":"Bag of Preparation"},{"floor":40.0,"key":"Sundial"}],"event_choices":[{"event_name":"Match and Keep!","player_choice":"1 cards matched","floor":2.0,"damage_taken":0.0},{"event_name":"Shining Light","player_choice":"Entered Light","floor":4.0,"damage_taken":0.0},{"event_name":"Accursed Blacksmith","player_choice":"Forge","floor":10.0,"damage_taken":0.0},{"event_name":"The Woman in Blue","player_choice":"Bought 1 Potion","floor":13.0,"damage_taken":0.0},{"event_name":"The Joust","player_choice":"Bet on Owner","floor":19.0,"damage_taken":0.0},{"event_name":"Drug Dealer","player_choice":"Inject Mutagens","floor":21.0,"damage_taken":0.0},{"event_name":"Nest","player_choice":"Stole From Cult","floor":22.0,"damage_taken":0.0},{"event_name":"The Library","player_choice":"Read","floor":28.0,"damage_taken":0.0},{"event_name":"Duplicator","player_choice":"One dupe","floor":37.0,"damage_taken":0.0},{"event_name":"Falling","player_choice":"Removed Attack","floor":38.0,"damage_taken":0.0},{"event_name":"MindBloom","player_choice":"Gold","floor":39.0,"damage_taken":0.0}],"is_beta":true,"boss_relics":[{"not_picked":["Pandora\u0027s Box","Tiny House"],"picked":"Astrolabe"},{"not_picked":["Black Star","Velvet Choker"],"picked":"Cursed Key"}],"items_purged_floors":[3,29,42,44],"is_endless":false,"potions_floor_spawned":[1,5,8,33,35,36,40],"killed_by":"Donu and Deca","ascension_level":20}