{"gold_per_floor":[117,71,90,109,34,34,34,34,34,54,85,55],"floor_reached":12,"playtime":530,"items_purged":["Defend_B"],"score":86,"play_id":"828c37b1-0698-4257-aeec-9ef99053f2df","local_time":"20181209154525","is_ascension_mode":true,"campfire_choices":[{"floor":6,"key":"REST"},{"data":"Defragment","floor":8,"key":"SMITH"}],"neow_cost":"NONE","seed_source_timestamp":587053259660927,"circlet_count":0,"master_deck":["Strike_B","Strike_B","Strike_B","Defend_B","Defend_B","Defend_B","Zap","Dualcast","Rebound","Defragment+1","Coolheaded","Rebound","Defragment","Chill","Static Discharge"],"relics":["Cracked Core","Gremlin Horn","Pantograph","StoneCalendar"],"potions_floor_usage":[11],"damage_taken":[{"damage":1,"enemies":"Cultist","floor":1,"turns":3},{"damage":9,"enemies":"Small Slimes","floor":3,"turns":3},{"damage":10,"enemies":"2 Louse","floor":4,"turns":2},{"damage":7,"enemies":"2 Fungi Beasts","floor":10,"turns":3},{"damage":31,"enemies":"Gremlin Nob","floor":11,"turns":4},{"damage":24,"enemies":"Exordium Thugs","floor":12,"turns":2}],"seed_played":"-2667545708296728496","potions_obtained":[{"floor":1,"key":"Poison Potion"}],"is_trial":false,"path_per_floor":["M","$","M","M","$","R","?","R","T","M","E","M"],"character_chosen":"DEFECT","items_purchased":["Coolheaded"],"campfire_rested":1,"item_purchase_floors":[2],"current_hp_per_floor":[74,74,65,55,55,75,57,57,57,50,19,0],"gold":55,"neow_bonus":"TRANSFORM_CARD","is_prod":false,"is_daily":false,"chose_seed":false,"campfire_upgraded":1,"win_rate":0,"timestamp":1544384725,"path_taken":["M","$","M","M","$","R","?","R","T","M","E","M"],"build_version":"2018-12-06","purchased_purges":1,"victory":false,"max_hp_per_floor":[75,75,75,75,75,75,75,75,75,75,75,75],"card_choices":[{"not_picked":["Rip and Tear","Stack"],"picked":"Defragment","floor":1},{"not_picked":["Steam Power","Genetic Algorithm"],"picked":"Rebound","floor":3},{"not_picked":["Scrape","Cold Snap"],"picked":"Defragment","floor":4},{"not_picked":["Rebound","Sunder"],"picked":"Chill","floor":10},{"not_picked":["Streamline","Double Energy"],"picked":"Static Discharge","floor":11}],"player_experience":95043,"relics_obtained":[{"floor":9,"key":"Pantograph"},{"floor":11,"key":"StoneCalendar"}],"event_choices":[{"damage_healed":0,"gold_gain":0,"player_choice":"Success","damage_taken":18,"relics_obtained":["Gremlin Horn"],"max_hp_gain":0,"max_hp_loss":0,"event_name":"Scrap Ooze","floor":7,"gold_loss":0}],"is_beta":false,"boss_relics":[],"items_purged_floors":[5],"is_endless":false,"potions_floor_spawned":[1],"killed_by":"Exordium Thugs","ascension_level":2}