{"gold_per_floor":[109,126,7,18,34,34,134,59,85,104,121,86,86,97,97,193,193,212,287,300,200,217,217,41,69,93,93],"floor_reached":27,"playtime":1498,"items_purged":["Defend_B","Strike_B","Strike_B"],"score":270,"play_id":"b56d0098-656e-41ba-b92e-1a28de3e5195","local_time":"20190414200923","is_ascension_mode":true,"campfire_choices":[{"data":"Zap","floor":6,"key":"SMITH"},{"data":"Streamline","floor":13,"key":"SMITH"},{"data":"Capacitor","floor":15,"key":"SMITH"},{"floor":23,"key":"REST"}],"neow_cost":"NONE","seed_source_timestamp":352874608180064,"circlet_count":0,"master_deck":["Strike_B","Strike_B","Defend_B","Defend_B","Defend_B","Zap+1","Dualcast","Blizzard","Capacitor+1","Capacitor","Conserve Battery","Leap","Streamline+1","Creative AI","Ball Lightning","Undo+1","Go for the Eyes","Machine Learning"],"relics":["Cracked Core","NeowsBlessing","Ancient Tea Set","Velvet Choker","PreservedInsect","Strawberry"],"potions_floor_usage":[14,16,16,20,22,25],"damage_taken":[{"damage":0,"enemies":"Cultist","floor":1,"turns":1},{"damage":0,"enemies":"Jaw Worm","floor":2,"turns":1},{"damage":0,"enemies":"2 Louse","floor":4,"turns":1},{"damage":16,"enemies":"Lots of Slimes","floor":5,"turns":5},{"damage":6,"enemies":"3 Louse","floor":10,"turns":4},{"damage":6,"enemies":"Looter","floor":11,"turns":2},{"damage":3,"enemies":"Exordium Wildlife","floor":14,"turns":3},{"damage":23,"enemies":"The Guardian","floor":16,"turns":11},{"damage":17,"enemies":"Spheric Guardian","floor":18,"turns":5},{"damage":9,"enemies":"Chosen","floor":20,"turns":6},{"damage":21,"enemies":"Snecko","floor":22,"turns":5},{"damage":34,"enemies":"Slavers","floor":25,"turns":7},{"damage":32,"enemies":"Centurion and Healer","floor":27,"turns":7}],"seed_played":"-862000167413173080","potions_obtained":[{"floor":1,"key":"Dexterity Potion"},{"floor":2,"key":"SteroidPotion"},{"floor":14,"key":"Regen Potion"},{"floor":16,"key":"FearPotion"},{"floor":20,"key":"Weak Potion"},{"floor":25,"key":"Explosive Potion"}],"is_trial":false,"path_per_floor":["M","M","$","M","M","R","?","$","T","M","M","?","R","M","R","B",null,"M","?","M","$","M","R","$","E","T","M"],"character_chosen":"DEFECT","items_purchased":["Capacitor","Fire Potion","Go for the Eyes"],"campfire_rested":1,"item_purchase_floors":[3,3,24],"current_hp_per_floor":[75,75,75,75,59,59,59,59,59,53,47,65,65,62,62,39,75,58,51,57,57,36,58,58,24,31,0],"gold":93,"neow_bonus":"THREE_ENEMY_KILL","is_prod":false,"is_daily":false,"chose_seed":false,"campfire_upgraded":3,"win_rate":0,"timestamp":1555283363,"path_taken":["M","M","$","M","M","R","?","?","T","M","M","?","R","M","R","BOSS","M","?","M","$","?","R","$","E","T","?"],"build_version":"2019-01-23","purchased_purges":3,"victory":false,"max_hp_per_floor":[75,75,75,75,75,75,75,75,75,75,75,75,75,75,75,75,75,75,75,75,75,75,75,75,75,82,82],"card_choices":[{"not_picked":["Hello World","Double Energy"],"picked":"Blizzard","floor":1},{"not_picked":["Stack","Redo"],"picked":"Capacitor","floor":2},{"not_picked":["Go for the Eyes","Steam Power"],"picked":"Conserve Battery","floor":4},{"not_picked":["Steam Power","Go for the Eyes"],"picked":"Leap","floor":5},{"not_picked":["Beam Cell","Darkness"],"picked":"Streamline","floor":10},{"not_picked":["Fusion","Gash","Steam Power"],"picked":"SKIP","floor":11},{"not_picked":["Sweeping Beam","Gash","White Noise"],"picked":"SKIP","floor":14},{"not_picked":["Multi-Cast","Rainbow"],"picked":"Creative AI","floor":16},{"not_picked":["Compile Driver","Static Discharge"],"picked":"Ball Lightning","floor":18},{"not_picked":["Rip and Tear","Streamline","Compile Driver"],"picked":"SKIP","floor":20},{"not_picked":["Force Field","Reinforced Body"],"picked":"Undo+1","floor":22},{"not_picked":["White Noise","Steam"],"picked":"Machine Learning","floor":25}],"player_experience":276014,"relics_obtained":[{"floor":9,"key":"Ancient Tea Set"},{"floor":25,"key":"PreservedInsect"},{"floor":26,"key":"Strawberry"}],"event_choices":[{"damage_healed":0,"gold_gain":100,"player_choice":"Pray","damage_taken":0,"max_hp_gain":0,"max_hp_loss":0,"event_name":"Golden Shrine","floor":7,"gold_loss":0},{"damage_healed":18,"gold_gain":0,"player_choice":"Healed","damage_taken":0,"max_hp_gain":0,"max_hp_loss":0,"event_name":"The Cleric","floor":12,"gold_loss":35},{"damage_healed":0,"gold_gain":75,"player_choice":"Touch","damage_taken":7,"max_hp_gain":0,"max_hp_loss":0,"event_name":"FaceTrader","floor":19,"gold_loss":0}],"is_beta":false,"boss_relics":[{"not_picked":["Tiny House","Empty Cage"],"picked":"Velvet Choker"}],"items_purged_floors":[8,21,24],"is_endless":false,"potions_floor_spawned":[1,2,14,16,20,25],"killed_by":"Centurion and Healer","ascension_level":4}