{"gold_per_floor":[109,128,139,139,155,155,171,196,196,208,223,236,221],"floor_reached":13,"playtime":900,"items_purged":[],"score":109,"play_id":"ac07758d-fb48-4683-bfb2-54c29262a41b","local_time":"20190321184305","is_ascension_mode":true,"campfire_choices":[{"data":"Dualcast","floor":6,"key":"SMITH"}],"neow_cost":"NONE","seed_source_timestamp":92276438018472,"circlet_count":0,"master_deck":["Strike_B","Strike_B","Strike_B","Strike_B","Defend_B","Defend_B","Defend_B","Defend_B","Zap","Dualcast+1","Amplify","Ball Lightning","Capacitor","Capacitor","Cold Snap","Hologram","Consume","Rebound","Conserve Battery","Self Repair"],"relics":["Cracked Core","Shovel","Mercury Hourglass"],"potions_floor_usage":[8,10,10,11,12],"damage_taken":[{"damage":0,"enemies":"Cultist","floor":1,"turns":3},{"damage":8,"enemies":"2 Louse","floor":2,"turns":3},{"damage":7,"enemies":"Jaw Worm","floor":3,"turns":2},{"damage":10,"enemies":"3 Louse","floor":5,"turns":4},{"damage":3,"enemies":"Blue Slaver","floor":7,"turns":3},{"damage":32,"enemies":"3 Sentries","floor":8,"turns":9},{"damage":2,"enemies":"Exordium Wildlife","floor":10,"turns":3},{"damage":1,"enemies":"Gremlin Gang","floor":11,"turns":3},{"damage":4,"enemies":"Blue Slaver","floor":12,"turns":3},{"damage":12,"enemies":"Exordium Thugs","floor":13,"turns":1}],"seed_played":"2401240996775945333","potions_obtained":[{"floor":2,"key":"GamblersBrew"},{"floor":3,"key":"Weak Potion"},{"floor":8,"key":"Weak Potion"},{"floor":10,"key":"EssenceOfSteel"},{"floor":11,"key":"AttackPotion"}],"is_trial":false,"path_per_floor":["M","M","M","?","M","R","M","E","T","M","M","M","M"],"character_chosen":"DEFECT","items_purchased":[],"campfire_rested":0,"item_purchase_floors":[],"current_hp_per_floor":[75,67,60,60,50,50,47,15,15,13,12,8,0],"gold":221,"neow_bonus":"ONE_RANDOM_RARE_CARD","is_prod":false,"is_daily":false,"chose_seed":false,"campfire_upgraded":1,"win_rate":0,"timestamp":1553204585,"path_taken":["M","M","M","?","?","R","M","E","T","M","M","M","M"],"build_version":"2019-01-23","purchased_purges":0,"victory":false,"max_hp_per_floor":[75,75,75,75,75,75,75,75,75,75,75,75,75],"card_choices":[{"not_picked":["Steam","BootSequence"],"picked":"Ball Lightning","floor":1},{"not_picked":["Steam Power","Compile Driver"],"picked":"Capacitor","floor":2},{"not_picked":["FTL","Double Energy"],"picked":"Capacitor","floor":3},{"not_picked":["Static Discharge","Redo"],"picked":"Cold Snap","floor":5},{"not_picked":["Steam","Go for the Eyes"],"picked":"Hologram","floor":7},{"not_picked":["Fusion","BootSequence"],"picked":"Consume","floor":8},{"not_picked":["Steam","Hyperbeam"],"picked":"Rebound","floor":10},{"not_picked":["Streamline","Ball Lightning"],"picked":"Conserve Battery","floor":11},{"not_picked":["Hello World","Auto Shields"],"picked":"Self Repair","floor":12}],"player_experience":250322,"relics_obtained":[{"floor":8,"key":"Shovel"},{"floor":9,"key":"Mercury Hourglass"}],"event_choices":[{"damage_healed":0,"gold_gain":0,"player_choice":"0 cards matched","damage_taken":0,"max_hp_gain":0,"max_hp_loss":0,"event_name":"Match and Keep!","floor":4,"gold_loss":0,"cards_obtained":[]}],"is_beta":false,"boss_relics":[],"items_purged_floors":[],"is_endless":false,"potions_floor_spawned":[2,3,8,10,11],"killed_by":"Exordium Thugs","ascension_level":4}