{"gold_per_floor":[111,129,149,2,21,21,41,41,41,41,68,83,96,130,130,202,202,213,113,113,38,51,51,51,81,129,149,149,149,24,41,41,115,115,131,131,142,142,153,153,166,16,64,64,64,64,64,84,84,84],"floor_reached":50,"playtime":1327,"items_purged":["Strike_R","Strike_R","Strike_R","Defend_R"],"score":845,"play_id":"6ab79c8b-6763-4ade-997d-4c6d5a8909ea","local_time":"20190419164333","is_ascension_mode":true,"campfire_choices":[{"data":"Bash","floor":6.0,"key":"SMITH"},{"data":"Intimidate","floor":10.0,"key":"SMITH"},{"data":"Inflame","floor":15.0,"key":"SMITH"},{"data":"Uppercut","floor":23.0,"key":"SMITH"},{"data":"Heavy Blade","floor":29.0,"key":"SMITH"},{"floor":32,"key":"REST"},{"data":"Defend_R","floor":40,"key":"PURGE"},{"data":"Flame Barrier","floor":45,"key":"SMITH"},{"floor":49,"key":"REST"}],"neow_cost":"NONE","seed_source_timestamp":5516421903521,"circlet_count":0,"master_deck":["AscendersBane","Strike_R","Defend_R","Defend_R","Bash+1","Infernal Blade","Metallicize","Intimidate+1","Infernal Blade","Clothesline","Anger","Inflame+1","Heavy Blade+1","Offering","Uppercut+1","Flame Barrier+1","Inflame","True Grit+1","Battle Trance+1","True Grit+1","Discovery","Heavy Blade"],"special_seed":0,"relics":["Burning Blood","Bag of Marbles","Sundial","Shuriken","Self Forming Clay","Letter Opener","Mark of Pain","Peace Pipe","Boot","Nilry\u0027s Codex","Sozu","Champion Belt","Juzu Bracelet"],"potions_floor_usage":[33],"damage_taken":[{"damage":4.0,"enemies":"2 Louse","floor":1.0,"turns":3.0},{"damage":0.0,"enemies":"Cultist","floor":2.0,"turns":3.0},{"damage":4.0,"enemies":"Jaw Worm","floor":3.0,"turns":4.0},{"damage":7.0,"enemies":"2 Fungi Beasts","floor":5.0,"turns":4.0},{"damage":5.0,"enemies":"Looter","floor":7.0,"turns":3.0},{"damage":13.0,"enemies":"Gremlin Nob","floor":11.0,"turns":4.0},{"damage":2.0,"enemies":"3 Louse","floor":12.0,"turns":4.0},{"damage":3.0,"enemies":"Large Slime","floor":13.0,"turns":4.0},{"damage":12.0,"enemies":"Lagavulin","floor":14.0,"turns":3.0},{"damage":25.0,"enemies":"Slime Boss","floor":16.0,"turns":6.0},{"damage":6.0,"enemies":"Shell Parasite","floor":18.0,"turns":1.0},{"damage":9.0,"enemies":"Spheric Guardian","floor":22.0,"turns":3.0},{"damage":19.0,"enemies":"Slavers","floor":25.0,"turns":4.0},{"damage":23.0,"enemies":"Shelled Parasite and Fungi","floor":27.0,"turns":4.0},{"damage":14,"enemies":"Cultist and Chosen","floor":31,"turns":6},{"damage":24,"enemies":"Champ","floor":33,"turns":8},{"damage":9,"enemies":"3 Shapes","floor":35,"turns":4},{"damage":11,"enemies":"Orb Walker","floor":37,"turns":3},{"damage":3,"enemies":"Maw","floor":39,"turns":6},{"damage":9,"enemies":"3 Darklings","floor":41,"turns":3},{"damage":7,"enemies":"Sphere and 2 Shapes","floor":48,"turns":4},{"damage":76,"enemies":"Donu and Deca","floor":50,"turns":9}],"seed_played":"721372036585785063","potions_obtained":[{"floor":1.0,"key":"Block Potion"},{"floor":5.0,"key":"SkillPotion"},{"floor":12.0,"key":"Strength Potion"},{"floor":13.0,"key":"Poison Potion"},{"floor":14.0,"key":"Explosive Potion"},{"floor":22.0,"key":"SkillPotion"},{"floor":31,"key":"Poison Potion"}],"is_trial":false,"path_per_floor":["M","M","M","$","M","R","M","?","T","R","E","M","M","E","R","B",null,"M","$","?","?","M","R","?","E","T","M","?","R","$","M","R","B",null,"M","?","M","T","M","R","M","$","T","?","R","?","?","M","R","B"],"character_chosen":"IRONCLAD","items_purchased":["Infernal Blade"],"campfire_rested":2,"item_purchase_floors":[4],"current_hp_per_floor":[70,75,75,75,74,74,75,75,75,75,68,72,75,69,69,50,69,69,69,69,69,66,66,66,53,53,36,20,20,20,12,34,16,60,57,57,52,52,55,55,52,52,52,52,52,52,52,51,71,0],"gold":84,"neow_bonus":"RANDOM_COMMON_RELIC","is_prod":false,"is_daily":false,"chose_seed":false,"campfire_upgraded":6,"win_rate":0,"timestamp":1555713813,"path_taken":["M","M","M","$","M","R","M","?","T","R","E","M","?","E","R","BOSS","M","$","?","?","M","R","?","E","T","M","?","R","$","M","R","BOSS","M","?","M","?","M","R","M","$","T","?","R","?","?","M","R","BOSS"],"build_version":"2019-01-23","purchased_purges":4,"victory":false,"max_hp_per_floor":[75,75,75,75,75,75,75,75,75,75,75,75,75,75,75,75,75,75,75,75,75,75,75,75,75,75,75,75,75,75,75,75,75,75,75,71,71,71,71,71,71,71,71,71,71,71,71,71,71,71],"card_choices":[{"not_picked":["Feel No Pain","Perfected Strike"],"picked":"Infernal Blade","floor":1.0},{"not_picked":["Body Slam","Rampage"],"picked":"Metallicize","floor":2.0},{"not_picked":["Dropkick","Clash"],"picked":"Intimidate","floor":3.0},{"not_picked":["Warcry","Perfected Strike"],"picked":"Clothesline","floor":5.0},{"not_picked":["Iron Wave","Havoc","Searing Blow"],"picked":"SKIP","floor":7.0},{"not_picked":["Rage","Brutality","Thunderclap"],"picked":"SKIP","floor":11.0},{"not_picked":["Clash","Armaments"],"picked":"Anger","floor":12.0},{"not_picked":["Sword Boomerang","Clothesline"],"picked":"Inflame","floor":13.0},{"not_picked":["Inflame","Perfected Strike"],"picked":"Heavy Blade","floor":14.0},{"not_picked":["Dark Embrace","Feed"],"picked":"Offering","floor":16.0},{"not_picked":["Armaments","Bloodletting+1","Clothesline"],"picked":"SKIP","floor":18.0},{"not_picked":["Body Slam","Hemokinesis"],"picked":"Flame Barrier","floor":22.0},{"not_picked":["Perfected Strike","Searing Blow","Pommel Strike+1"],"picked":"SKIP","floor":25.0},{"not_picked":["Sentinel","Shockwave"],"picked":"Inflame","floor":27.0},{"not_picked":["Clothesline","Flex","Shrug It Off"],"picked":"SKIP","floor":31},{"not_picked":["Pommel Strike","Dual Wield","True Grit+1"],"picked":"SKIP","floor":35},{"not_picked":["Pommel Strike","Dual Wield"],"picked":"True Grit+1","floor":35},{"not_picked":["Flex+1","Sentinel","Searing Blow+1"],"picked":"SKIP","floor":37},{"not_picked":["Armaments+1","Bloodletting"],"picked":"Battle Trance+1","floor":39},{"not_picked":["Wild Strike+1","Anger+1"],"picked":"True Grit+1","floor":41},{"not_picked":["Purity","Swift Strike"],"picked":"Discovery","floor":46},{"not_picked":["Ghostly Armor","Flex"],"picked":"Heavy Blade","floor":48}],"player_experience":1256741,"relics_obtained":[{"floor":9.0,"key":"Shuriken"},{"floor":11.0,"key":"Self Forming Clay"},{"floor":14.0,"key":"Letter Opener"},{"floor":25.0,"key":"Peace Pipe"},{"floor":26.0,"key":"Boot"},{"floor":28.0,"key":"Nilry\u0027s Codex"},{"floor":38,"key":"Champion Belt"},{"floor":43,"key":"Juzu Bracelet"}],"event_choices":[{"damage_healed":0.0,"max_hp_gain":0.0,"max_hp_loss":0.0,"gold_gain":0.0,"event_name":"WeMeetAgain","player_choice":"Gave Potion","floor":8.0,"gold_loss":0.0,"damage_taken":0.0,"relics_obtained":["Sundial"]},{"damage_healed":0.0,"max_hp_gain":0.0,"max_hp_loss":0.0,"gold_gain":0.0,"event_name":"The Library","player_choice":"Read","floor":20.0,"gold_loss":0.0,"damage_taken":0.0,"cards_obtained":["Uppercut"]},{"cards_removed":["Strike_R"],"damage_healed":0.0,"max_hp_gain":0.0,"max_hp_loss":0.0,"gold_gain":0.0,"event_name":"Beggar","player_choice":"Gave Gold","floor":21.0,"gold_loss":75.0,"damage_taken":0.0},{"damage_healed":0.0,"max_hp_gain":0.0,"max_hp_loss":0.0,"gold_gain":0.0,"event_name":"Vampires","player_choice":"Ignored","floor":24.0,"gold_loss":0.0,"damage_taken":0.0},{"damage_healed":0.0,"max_hp_gain":0.0,"max_hp_loss":0.0,"gold_gain":0.0,"event_name":"Cursed Tome","player_choice":"Obtained Book","floor":28.0,"gold_loss":0.0,"damage_taken":16.0},{"damage_healed":0,"gold_gain":0,"player_choice":"Max HP","damage_taken":0,"max_hp_gain":0,"max_hp_loss":4,"event_name":"Winding Halls","floor":36,"gold_loss":0},{"damage_healed":0,"gold_gain":0,"player_choice":"Got Potions","damage_taken":0,"max_hp_gain":0,"max_hp_loss":0,"event_name":"Lab","floor":44,"gold_loss":0},{"damage_healed":0,"gold_gain":0,"player_choice":"Memory 1","damage_taken":0,"max_hp_gain":0,"max_hp_loss":0,"event_name":"SensoryStone","floor":46,"gold_loss":0},{"damage_healed":0,"gold_gain":0,"player_choice":"Ignored","damage_taken":0,"max_hp_gain":0,"max_hp_loss":0,"event_name":"Mysterious Sphere","floor":47,"gold_loss":0}],"is_beta":false,"boss_relics":[{"not_picked":["Ectoplasm","Velvet Choker"],"picked":"Mark of Pain"},{"not_picked":["Astrolabe","Pandora\u0027s Box"],"picked":"Sozu"}],"items_purged_floors":[4,19,30,42],"is_endless":false,"potions_floor_spawned":[1,5,12,13,14,22,31,35,41],"killed_by":"Donu and Deca","ascension_level":14}