{"gold_per_floor":[119,119,194,214,227,227,277,277,277,277,27,59,59,73,73,150,150,168,139,54,66,9,9,26,26],"floor_reached":25,"playtime":995,"items_purged":[],"score":402,"play_id":"0bc027e6-7739-4b3d-88c2-2d4b2f412e73","local_time":"20181028014252","is_ascension_mode":true,"campfire_choices":[{"data":"Neutralize","floor":6,"key":"SMITH"},{"data":"A Thousand Cuts","floor":8,"key":"SMITH"},{"floor":10,"key":"REST"},{"data":"Infinite Blades","floor":13,"key":"SMITH"},{"floor":15,"key":"REST"},{"floor":23,"key":"REST"}],"neow_cost":"NONE","seed_source_timestamp":258468676295848,"circlet_count":0,"master_deck":["Defend_G","Defend_G","Defend_G","Defend_G","Defend_G","Strike_G","Strike_G","Strike_G","Strike_G","Survivor","Neutralize+1","AscendersBane","A Thousand Cuts+1","All Out Attack","Deflect","Infinite Blades+1","Blur","PiercingWail","Adrenaline","Footwork","Footwork+1","Dodge and Roll","Blade Dance","Acrobatics"],"relics":["Ring of the Snake","Gremlin Horn","Happy Flower","Bag of Marbles","Fusion Hammer","Lantern"],"potions_floor_usage":[16,16],"damage_taken":[{"damage":5,"enemies":"2 Louse","floor":1,"turns":4},{"damage":1,"enemies":"Cultist","floor":4,"turns":6},{"damage":4,"enemies":"Jaw Worm","floor":5,"turns":5},{"damage":15,"enemies":"Lagavulin","floor":12,"turns":7},{"damage":12,"enemies":"3 Louse","floor":14,"turns":3},{"damage":25,"enemies":"Hexaghost","floor":16,"turns":11},{"damage":0,"enemies":"3 Byrds","floor":18,"turns":3},{"damage":8,"enemies":"2 Thieves","floor":19,"turns":4},{"damage":31,"enemies":"Cultist and Chosen","floor":21,"turns":7},{"damage":40,"enemies":"Snecko","floor":24,"turns":6},{"damage":3,"enemies":"Snake Plant","floor":25,"turns":6}],"seed_played":"-3456339314637610320","potions_obtained":[{"floor":1,"key":"GhostInAJar"},{"floor":5,"key":"Strength Potion"},{"floor":18,"key":"SteroidPotion"},{"floor":19,"key":"FairyPotion"}],"is_trial":false,"path_per_floor":["M","?","?","M","M","R","?","R","T","R","$","E","R","M","R","B",null,"M","M","?","M","$","R","M"],"character_chosen":"THE_SILENT","items_purchased":["Infinite Blades","Happy Flower","Blade Dance"],"campfire_rested":3,"item_purchase_floors":[11,11,22],"current_hp_per_floor":[54,47,36,35,31,31,25,25,25,44,44,29,29,17,36,11,52,52,44,44,13,13,32,6,3],"gold":26,"neow_bonus":"ONE_RANDOM_RARE_CARD","is_prod":false,"is_daily":false,"chose_seed":false,"campfire_upgraded":3,"win_rate":0,"timestamp":1540705372,"path_taken":["M","?","?","M","M","R","?","R","T","R","$","E","R","M","R","BOSS","M","M","?","M","$","R","M","M"],"build_version":"2018-10-25v2","purchased_purges":0,"victory":false,"max_hp_per_floor":[66,66,66,66,66,66,66,66,66,66,66,66,66,66,66,66,66,66,66,66,66,66,66,66,66],"card_choices":[{"not_picked":["Riddle With Holes","Choke","Underhanded Strike"],"picked":"SKIP","floor":1},{"not_picked":["Quick Slash","Eviscerate"],"picked":"All Out Attack","floor":4},{"not_picked":["Catalyst","Finisher"],"picked":"Deflect","floor":5},{"not_picked":["Dagger Throw","Dagger Spray"],"picked":"Blur","floor":12},{"not_picked":["Acrobatics","Dodge and Roll"],"picked":"PiercingWail","floor":14},{"not_picked":["Corpse Explosion","Grand Finale"],"picked":"Adrenaline","floor":16},{"not_picked":["Expertise","Leg Sweep"],"picked":"Footwork","floor":18},{"not_picked":["Underhanded Strike","Cloak And Dagger"],"picked":"Footwork+1","floor":19},{"not_picked":["Dagger Throw","Deadly Poison"],"picked":"Dodge and Roll","floor":21},{"not_picked":["Choke","Outmaneuver"],"picked":"Acrobatics","floor":24}],"player_experience":741414,"relics_obtained":[{"floor":9,"key":"Gremlin Horn"},{"floor":12,"key":"Bag of Marbles"}],"event_choices":[{"cards_removed":["Strike_G"],"damage_healed":0,"gold_gain":0,"player_choice":"Card Removal","damage_taken":7,"max_hp_gain":0,"max_hp_loss":0,"event_name":"Golden Wing","floor":2,"gold_loss":0},{"damage_healed":0,"gold_gain":75,"player_choice":"Gather Gold","damage_taken":11,"max_hp_gain":0,"max_hp_loss":0,"event_name":"World of Goop","floor":3,"gold_loss":0},{"damage_healed":0,"gold_gain":50,"player_choice":"Touch","damage_taken":6,"max_hp_gain":0,"max_hp_loss":0,"event_name":"FaceTrader","floor":7,"gold_loss":0},{"damage_healed":0,"gold_gain":0,"player_choice":"Obtained Relic","damage_taken":0,"relics_obtained":["Lantern"],"max_hp_gain":0,"max_hp_loss":0,"event_name":"Addict","floor":20,"gold_loss":85}],"is_beta":true,"boss_relics":[{"not_picked":["Orrery","HoveringKite"],"picked":"Fusion Hammer"}],"items_purged_floors":[],"is_endless":false,"potions_floor_spawned":[1,5,12,18,19],"killed_by":"Snake Plant","ascension_level":20}