{"gold_per_floor":[360,375,28,28,46,46,57,57,57,76,76,76,86,86,86,181,181,202,202,31,45,66,66,99,99,99,99,99,21,65,65,65,155,155,176,196,196,2,17,17,17,17,17,41,56,56,70,11,11,11,11],"floor_reached":52,"playtime":2368,"items_purged":["Strike_G"],"score":1785,"play_id":"2b70c1bb-6f1e-4a5e-9956-fc745f5674b8","local_time":"20180928011038","is_ascension_mode":true,"campfire_choices":[{"data":"Caltrops","floor":6.0,"key":"SMITH"},{"data":"Deadly Poison","floor":8.0,"key":"SMITH"},{"data":"Neutralize","floor":12.0,"key":"SMITH"},{"data":"Noxious Fumes","floor":15.0,"key":"SMITH"},{"floor":23.0,"key":"REST"},{"floor":25.0,"key":"REST"},{"floor":27.0,"key":"REST"},{"floor":32.0,"key":"REST"},{"floor":40.0,"key":"REST"},{"floor":42.0,"key":"REST"},{"floor":46.0,"key":"REST"},{"floor":49.0,"key":"REST"}],"neow_cost":"CURSE","seed_source_timestamp":159488002250604,"circlet_count":0,"master_deck":["Defend_G+1","Defend_G+1","Defend_G+1","Defend_G+1","Defend_G+1","Strike_G+1","Strike_G+1","Strike_G+1","Strike_G+1","Survivor","Neutralize+1","AscendersBane","Parasite","Poisoned Stab","Deadly Poison+1","Caltrops+1","Cloak And Dagger","Well Laid Plans","Dash","Noxious Fumes+1","Malaise+1","PiercingWail+1","Crippling Poison+1","Crippling Poison+1","Deflect+1","Dodge and Roll+1","Glass Knife","Wraith Form v2","Night Terror+1","Acrobatics+1","Blade Dance+1","Backflip+1","Leg Sweep+1","Quick Slash","Terror+1","Quick Slash+1"],"special_seed":0,"relics":["Ring of the Snake","Happy Flower","Question Card","Toxic Egg 2","Golden Idol","Fusion Hammer","WingedGreaves","Ancient Tea Set","MutagenicStrength","PreservedInsect","Cursed Key","Lantern","Torii"],"potions_floor_usage":[50,51],"damage_taken":[{"damage":4.0,"enemies":"2 Louse","floor":1.0,"turns":4.0},{"damage":2.0,"enemies":"Jaw Worm","floor":2.0,"turns":5.0},{"damage":7.0,"enemies":"Small Slimes","floor":5.0,"turns":3.0},{"damage":0.0,"enemies":"2 Fungi Beasts","floor":7.0,"turns":4.0},{"damage":10.0,"enemies":"Looter","floor":10.0,"turns":4.0},{"damage":7.0,"enemies":"3 Louse","floor":13.0,"turns":3.0},{"damage":7.0,"enemies":"Hexaghost","floor":16.0,"turns":8.0},{"damage":20.0,"enemies":"2 Thieves","floor":18.0,"turns":5.0},{"damage":4.0,"enemies":"3 Byrds","floor":21.0,"turns":5.0},{"damage":2.0,"enemies":"Shelled Parasite and Fungi","floor":22.0,"turns":5.0},{"damage":0.0,"enemies":"Book of Stabbing","floor":24.0,"turns":5.0},{"damage":26.0,"enemies":"Slavers","floor":30.0,"turns":6.0},{"damage":4.0,"enemies":"Colosseum Slavers","floor":31.0,"turns":4.0},{"damage":7.0,"enemies":"Collector","floor":33.0,"turns":12.0},{"damage":13.0,"enemies":"Orb Walker","floor":35.0,"turns":4.0},{"damage":3.0,"enemies":"3 Darklings","floor":36.0,"turns":5.0},{"damage":19.0,"enemies":"Maw","floor":39.0,"turns":8.0},{"damage":0.0,"enemies":"Mind Bloom Boss Battle","floor":41.0,"turns":8.0},{"damage":1.0,"enemies":"Sphere and 2 Shapes","floor":44.0,"turns":5.0},{"damage":27.0,"enemies":"Spire Growth","floor":45.0,"turns":7.0},{"damage":12.0,"enemies":"Transient","floor":47.0,"turns":6.0},{"damage":36,"enemies":"Donu and Deca","floor":50,"turns":11},{"damage":3,"enemies":"Time Eater","floor":51,"turns":16}],"seed_played":"-7239309269403950431","potions_obtained":[{"floor":1.0,"key":"SpeedPotion"},{"floor":5.0,"key":"AttackPotion"},{"floor":22.0,"key":"Block Potion"},{"floor":30.0,"key":"SkillPotion"},{"floor":33.0,"key":"Energy Potion"},{"floor":35.0,"key":"Dexterity Potion"}],"is_trial":false,"path_per_floor":["M","M","$","?","M","R","M","R","T","M","?","R","M","?","R","B",null,"M","?","$","M","M","R","E","R","T","R","?","$","E","?","R","B",null,"M","M","?","$","M","R","?","R","T","M","M","R","M","$","R","B","B"],"character_chosen":"THE_SILENT","items_purchased":["Caltrops","Happy Flower","Crippling Poison+1","Regen Potion","Glass Knife","Lantern","Backflip+1","Block Potion"],"campfire_rested":8,"item_purchase_floors":[3,3,20,20,29,38,38,48],"current_hp_per_floor":[55,53,53,53,46,46,46,46,46,36,25,25,18,18,18,11,48,28,28,28,38,36,54,54,60,60,60,60,60,34,30,48,41,55,42,39,36,36,17,35,35,53,53,52,25,43,31,31,49,13,10],"gold":11,"neow_bonus":"TWO_FIFTY_GOLD","is_prod":false,"is_daily":false,"chose_seed":false,"campfire_upgraded":4,"win_rate":0,"timestamp":1538111438,"path_taken":["M","M","$","?","M","R","M","R","T","M","?","R","M","?","R","BOSS","M","?","$","M","M","R","E","R","T","R","?","$","E","?","R","BOSS","M","M","?","$","?","R","?","R","T","M","?","R","M","$","R","BOSS","BOSS"],"build_version":"2018-09-26v2","purchased_purges":1,"victory":true,"max_hp_per_floor":[66,66,66,66,66,66,66,66,66,66,66,66,66,60,60,60,60,60,60,60,60,60,60,60,60,60,60,60,60,60,60,60,60,60,60,60,60,60,60,60,60,60,60,60,60,60,60,60,60,60,60],"card_choices":[{"not_picked":["Sucker Punch","Outmaneuver"],"picked":"Poisoned Stab","floor":1.0},{"not_picked":["Backflip","Cloak And Dagger"],"picked":"Deadly Poison","floor":2.0},{"not_picked":["Slice","Underhanded Strike"],"picked":"Cloak And Dagger","floor":5.0},{"not_picked":["Prepared","Choke"],"picked":"Well Laid Plans","floor":7.0},{"not_picked":["Tactician","Slice","Noxious Fumes"],"picked":"Dash","floor":10.0},{"not_picked":["Outmaneuver+1","Flechettes","Acrobatics+1"],"picked":"Noxious Fumes","floor":13.0},{"not_picked":["Bullet Time+1","Burst+1","Phantasmal Killer+1"],"picked":"Malaise+1","floor":16.0},{"not_picked":["Backflip+1","Skewer+1","Dagger Spray"],"picked":"PiercingWail+1","floor":18.0},{"not_picked":["Accuracy","All Out Attack","Dagger Throw"],"picked":"Crippling Poison+1","floor":21.0},{"not_picked":["Outmaneuver+1","Poisoned Stab","Infinite Blades"],"picked":"Deflect+1","floor":22.0},{"not_picked":["Well Laid Plans","Acrobatics+1","Calculated Gamble+1"],"picked":"Dodge and Roll+1","floor":24.0},{"not_picked":["Deflect+1","Dagger Spray","Choke"],"picked":"Wraith Form v2","floor":30.0},{"not_picked":["After Image","Unload","Phantasmal Killer+1"],"picked":"Night Terror+1","floor":33.0},{"not_picked":["Calculated Gamble+1","Poisoned Stab+1","Bouncing Flask+1"],"picked":"Acrobatics+1","floor":35.0},{"not_picked":["Accuracy","Bane","Flying Knee"],"picked":"Blade Dance+1","floor":36.0},{"not_picked":["Escape Plan+1","Sucker Punch","Flying Knee"],"picked":"Leg Sweep+1","floor":39.0},{"not_picked":["Prepared+1","Heel Hook","Deadly Poison+1"],"picked":"Quick Slash","floor":41.0},{"not_picked":["Prepared+1","Reflex+1","Blade Dance+1","Leg Sweep+1"],"picked":"SKIP","floor":44.0},{"not_picked":["Flying Knee","Slice","Skewer"],"picked":"Terror+1","floor":45.0},{"not_picked":["A Thousand Cuts","Heel Hook","All Out Attack+1"],"picked":"Quick Slash+1","floor":47.0}],"player_experience":636129,"relics_obtained":[{"floor":9.0,"key":"Question Card"},{"floor":24.0,"key":"WingedGreaves"},{"floor":26.0,"key":"Ancient Tea Set"},{"floor":30.0,"key":"PreservedInsect"},{"floor":41.0,"key":"Torii"}],"event_choices":[{"event_name":"The Cleric","player_choice":"Leave","floor":4.0,"damage_taken":0.0},{"event_name":"Scrap Ooze","player_choice":"success","floor":11.0,"damage_taken":11.0},{"event_name":"Golden Idol","player_choice":"Lose Max HP","floor":14.0,"damage_taken":0.0},{"event_name":"Back to Basics","player_choice":"Simplicity","floor":19.0,"damage_taken":0.0},{"event_name":"Drug Dealer","player_choice":"Inject Mutagens","floor":28.0,"damage_taken":0.0},{"event_name":"Colosseum","player_choice":"Fight","floor":31.0,"damage_taken":0.0},{"event_name":"Colosseum","player_choice":"Fled From Nobs","floor":31.0,"damage_taken":0.0},{"event_name":"The Woman in Blue","player_choice":"Bought 0 Potions","floor":37.0,"damage_taken":0.0},{"event_name":"MindBloom","player_choice":"Fight","floor":41.0,"damage_taken":0.0}],"is_beta":true,"boss_relics":[{"not_picked":["Tiny House","Coffee Dripper"],"picked":"Fusion Hammer"},{"not_picked":["Ring of the Serpent","Pandora\u0027s Box"],"picked":"Cursed Key"}],"items_purged_floors":[3],"is_endless":false,"potions_floor_spawned":[1,5,22,30,31,33,35,36,39],"ascension_level":20}