{"gold_per_floor":[110,125,200,200,218,218,249,249,317,335,335,351,43,62,62,139,139,151,151,98,98,13,63,63,82,106,120,120,120,139,151,151,151],"floor_reached":33,"playtime":1753,"items_purged":["Strike_G"],"score":494,"play_id":"6fe4e87b-2c39-4887-83ae-f33778546055","local_time":"20181003023326","is_ascension_mode":true,"campfire_choices":[{"data":"Skewer","floor":6.0,"key":"SMITH"},{"floor":8.0,"key":"REST"},{"data":"Malaise","floor":11.0,"key":"SMITH"},{"data":"Cloak And Dagger","floor":15.0,"key":"SMITH"},{"data":"Malaise","floor":24,"key":"SMITH"},{"floor":28,"key":"REST"},{"data":"Footwork","floor":32,"key":"SMITH"}],"neow_cost":"TEN_PERCENT_HP_LOSS","seed_source_timestamp":597526483285888,"circlet_count":0,"master_deck":["Defend_G","Defend_G","Defend_G","Defend_G","Defend_G","Strike_G","Strike_G","Strike_G","Survivor","Neutralize","AscendersBane","Malaise+1","Caltrops","Sucker Punch","Skewer+1","Flying Knee","Heel Hook","Cloak And Dagger+1","PiercingWail","Malaise+1","Backflip","Dodge and Roll+1","Footwork+1"],"special_seed":0,"relics":["Ring of the Snake","PreservedInsect","Kunai","Runic Dome","Nloth\u0027s Gift","Ornamental Fan","Boot","Sundial"],"potions_floor_usage":[31,33,33],"damage_taken":[{"damage":3.0,"enemies":"Jaw Worm","floor":1.0,"turns":6.0},{"damage":8.0,"enemies":"2 Louse","floor":2.0,"turns":4.0},{"damage":3.0,"enemies":"Small Slimes","floor":5.0,"turns":6.0},{"damage":29.0,"enemies":"Lagavulin","floor":7.0,"turns":9.0},{"damage":3.0,"enemies":"Exordium Thugs","floor":10.0,"turns":4.0},{"damage":2.0,"enemies":"Gremlin Gang","floor":12.0,"turns":6.0},{"damage":0.0,"enemies":"2 Fungi Beasts","floor":14.0,"turns":3.0},{"damage":20,"enemies":"The Guardian","floor":16,"turns":18},{"damage":7,"enemies":"Spheric Guardian","floor":18,"turns":4},{"damage":0,"enemies":"3 Byrds","floor":25,"turns":5},{"damage":13,"enemies":"Cultist and Chosen","floor":27,"turns":10},{"damage":1,"enemies":"Snecko","floor":30,"turns":10},{"damage":5,"enemies":"Shelled Parasite and Fungi","floor":31,"turns":6},{"damage":83,"enemies":"Automaton","floor":33,"turns":20}],"seed_played":"622407512260160155","potions_obtained":[{"floor":1.0,"key":"EssenceOfSteel"},{"floor":7.0,"key":"PowerPotion"},{"floor":16,"key":"PowerPotion"},{"floor":31,"key":"Block Potion"}],"is_trial":false,"path_per_floor":["M","M","?","?","M","R","E","R","T","M","R","M","$","M","R","B",null,"M","?","$","?","?","?","R","M","T","M","R","T","M","M","R"],"character_chosen":"THE_SILENT","items_purchased":["Lee\u0027s Waffle","Backflip"],"campfire_rested":2,"item_purchase_floors":[13,20],"current_hp_per_floor":[56,48,37,37,34,34,5,23,23,20,20,18,67,67,67,47,62,55,55,55,55,55,49,49,49,49,36,56,56,55,50,50,0],"gold":151,"neow_bonus":"THREE_RARE_CARDS","is_prod":false,"is_daily":false,"chose_seed":false,"campfire_upgraded":5,"win_rate":0,"timestamp":1538548406,"path_taken":["M","M","?","?","M","R","E","R","T","M","R","M","$","?","R","BOSS","M","?","$","?","?","?","R","M","T","M","R","?","M","M","R","BOSS"],"build_version":"2018-10-01","purchased_purges":1,"victory":false,"max_hp_per_floor":[60,60,60,60,60,60,60,60,60,60,60,60,67,67,67,67,67,67,67,67,67,67,67,67,67,67,67,67,67,67,67,67,67],"card_choices":[{"not_picked":["Wraith Form v2","Phantasmal Killer"],"picked":"Malaise","floor":0.0},{"not_picked":["Choke","Quick Slash"],"picked":"Caltrops","floor":1.0},{"not_picked":["Outmaneuver","PiercingWail"],"picked":"Sucker Punch","floor":2.0},{"not_picked":["PiercingWail","Leg Sweep"],"picked":"Skewer","floor":5.0},{"not_picked":["Burst","Sucker Punch"],"picked":"Flying Knee","floor":7.0},{"not_picked":["Accuracy","Poisoned Stab"],"picked":"Heel Hook","floor":10.0},{"not_picked":["Riddle With Holes","Outmaneuver"],"picked":"Cloak And Dagger","floor":12.0},{"not_picked":["Dagger Throw","Finisher"],"picked":"PiercingWail","floor":14.0},{"not_picked":["Bullet Time","Night Terror"],"picked":"Malaise","floor":16},{"not_picked":["Quick Slash","Blade Dance","Finisher"],"picked":"SKIP","floor":18},{"not_picked":["Tactician","Slice"],"picked":"Dodge and Roll+1","floor":25},{"not_picked":["Dagger Throw","Underhanded Strike+1","Grand Finale"],"picked":"SKIP","floor":27},{"not_picked":["Prepared","Leg Sweep"],"picked":"Footwork","floor":30},{"not_picked":["Sucker Punch","Crippling Poison","Wraith Form v2"],"picked":"SKIP","floor":31}],"player_experience":653504,"relics_obtained":[{"floor":7.0,"key":"PreservedInsect"},{"floor":9.0,"key":"Kunai"},{"floor":26,"key":"Boot"},{"floor":29,"key":"Sundial"}],"event_choices":[{"event_name":"World of Goop","player_choice":"Gather Gold","floor":3.0,"damage_taken":0.0},{"event_name":"Liars Game","player_choice":"disagreed","floor":4.0,"damage_taken":0.0},{"event_name":"N\u0027loth","player_choice":"Traded a Lee\u0027s Waffle","floor":19,"damage_taken":0},{"event_name":"Purifier","player_choice":"One Purge","floor":21,"damage_taken":0},{"event_name":"Addict","player_choice":"Obtained Relic","floor":22,"damage_taken":0},{"event_name":"FaceTrader","player_choice":"Touch","floor":23,"damage_taken":0}],"is_beta":true,"boss_relics":[{"not_picked":["WristBlade","Astrolabe"],"picked":"Runic Dome"}],"items_purged_floors":[13],"is_endless":false,"potions_floor_spawned":[1,7,16,25,27,31],"killed_by":"Automaton","ascension_level":20}