{"gold_per_floor":[18,33,47,47,62,62,97,107,107,107,107,135,135,146,146,242,292,280,300,225,225,240,240,257,268,268,268,268,283,300,312,312,312],"floor_reached":33,"playtime":3177,"items_purged":["Strike_G"],"score":276,"play_id":"353ce7ea-08ed-49ac-8f8c-52cdeabb0469","local_time":"20181206225926","is_ascension_mode":true,"campfire_choices":[{"floor":6,"key":"REST"},{"data":"Bane","floor":11,"key":"SMITH"},{"floor":15,"key":"REST"},{"floor":23,"key":"REST"},{"floor":28,"key":"REST"},{"data":"Bane","floor":32,"key":"SMITH"}],"neow_cost":"NO_GOLD","seed_source_timestamp":351234883492799,"circlet_count":0,"master_deck":["Defend_G+1","Defend_G+1","Strike_G","Strike_G+1","Strike_G","Strike_G","Survivor","Neutralize","Deadly Poison+1","PiercingWail","Bane+1","Acrobatics","Deadly Poison","Noxious Fumes","A Thousand Cuts","Venomology","Crippling Poison","Bane+1","Malaise","Prepared"],"relics":["Ring of the Snake","Centennial Puzzle","Meat on the Bone","Turnip","Tiny House","Nilry\u0027s Codex","Pantograph"],"potions_floor_usage":[7,24,33],"damage_taken":[{"damage":0,"enemies":"Small Slimes","floor":1,"turns":4},{"damage":6,"enemies":"2 Louse","floor":2,"turns":3},{"damage":0,"enemies":"Jaw Worm","floor":3,"turns":4},{"damage":5,"enemies":"Red Slaver","floor":5,"turns":4},{"damage":5,"enemies":"Gremlin Nob","floor":7,"turns":4},{"damage":0,"enemies":"Large Slime","floor":8,"turns":5},{"damage":22,"enemies":"Lagavulin","floor":12,"turns":5},{"damage":10,"enemies":"2 Fungi Beasts","floor":14,"turns":3},{"damage":33,"enemies":"The Guardian","floor":16,"turns":8},{"damage":29,"enemies":"2 Thieves","floor":18,"turns":4},{"damage":13,"enemies":"Shell Parasite","floor":19,"turns":5},{"damage":17,"enemies":"Sentry and Sphere","floor":22,"turns":4},{"damage":7,"enemies":"Snake Plant","floor":24,"turns":4},{"damage":26,"enemies":"Snecko","floor":25,"turns":5},{"damage":22,"enemies":"Centurion and Healer","floor":29,"turns":6},{"damage":7,"enemies":"Snake Plant","floor":30,"turns":4},{"damage":11,"enemies":"Snecko","floor":31,"turns":7},{"damage":73,"enemies":"Automaton","floor":33,"turns":6}],"seed_played":"-433081029367018557","potions_obtained":[{"floor":1,"key":"Weak Potion"},{"floor":3,"key":"AttackPotion"},{"floor":12,"key":"EntropicBrew"},{"floor":16,"key":"Energy Potion"}],"is_trial":false,"path_per_floor":["M","M","M","?","M","R","E","M","T","?","R","E","?","M","R","B",null,"M","M","$","?","M","R","M","M","T","?","R","M","M","M","R","B"],"character_chosen":"THE_SILENT","items_purchased":[],"campfire_rested":4,"item_purchase_floors":[],"current_hp_per_floor":[70,64,64,50,45,66,61,61,61,54,54,44,44,46,67,46,75,46,45,45,29,24,46,39,25,25,25,47,37,42,43,43,0],"gold":312,"neow_bonus":"REMOVE_TWO","is_prod":false,"is_daily":false,"chose_seed":false,"campfire_upgraded":2,"win_rate":0,"timestamp":1544151566,"path_taken":["M","M","M","?","M","R","E","M","T","?","R","E","?","M","R","BOSS","M","M","$","?","M","R","M","M","T","?","R","M","M","M","R","BOSS"],"build_version":"2018-11-15","purchased_purges":1,"victory":false,"max_hp_per_floor":[70,70,70,70,70,70,70,70,70,70,70,70,70,70,70,70,75,75,75,75,75,75,75,75,75,75,75,75,75,75,75,75,75],"card_choices":[{"not_picked":["All Out Attack","Outmaneuver"],"picked":"Deadly Poison","floor":1},{"not_picked":["Flying Knee","Predator","Backflip"],"picked":"SKIP","floor":2},{"not_picked":["Endless Agony","Caltrops"],"picked":"PiercingWail","floor":3},{"not_picked":["Terror","Underhanded Strike"],"picked":"Bane","floor":5},{"not_picked":["Quick Slash","Slice","Bullet Time"],"picked":"SKIP","floor":7},{"not_picked":["Caltrops","PiercingWail"],"picked":"Acrobatics","floor":8},{"not_picked":["Sucker Punch","Bane"],"picked":"Deadly Poison","floor":12},{"not_picked":["Underhanded Strike","Acrobatics"],"picked":"Noxious Fumes","floor":14},{"not_picked":["Adrenaline","Die Die Die"],"picked":"A Thousand Cuts","floor":16},{"not_picked":["Predator","Slice","Masterful Stab"],"picked":"SKIP","floor":18},{"not_picked":["Backflip+1","Outmaneuver","All Out Attack"],"picked":"SKIP","floor":19},{"not_picked":["Sucker Punch","Blade Dance"],"picked":"Venomology","floor":22},{"not_picked":["Dagger Throw+1","Slice","Dodge and Roll"],"picked":"SKIP","floor":24},{"not_picked":["Endless Agony","Acrobatics+1"],"picked":"Crippling Poison","floor":25},{"not_picked":["Dagger Spray","Outmaneuver"],"picked":"Bane","floor":29},{"not_picked":["Prepared","Sucker Punch+1"],"picked":"Malaise","floor":30},{"not_picked":["Flying Knee","Sucker Punch"],"picked":"Prepared","floor":31}],"player_experience":74148,"relics_obtained":[{"floor":7,"key":"Centennial Puzzle"},{"floor":9,"key":"Meat on the Bone"},{"floor":12,"key":"Turnip"},{"floor":21,"key":"Nilry\u0027s Codex"},{"floor":26,"key":"Pantograph"}],"event_choices":[{"damage_healed":0,"gold_gain":0,"player_choice":"Entered Light","damage_taken":14,"max_hp_gain":0,"max_hp_loss":0,"event_name":"Shining Light","floor":4,"gold_loss":0,"cards_upgraded":["Defend_G","Defend_G"]},{"cards_removed":["Defend_G"],"damage_healed":0,"gold_gain":0,"player_choice":"Card Removal","damage_taken":7,"max_hp_gain":0,"max_hp_loss":0,"event_name":"Golden Wing","floor":10,"gold_loss":0},{"damage_healed":0,"gold_gain":0,"player_choice":"Upgraded","damage_taken":0,"max_hp_gain":0,"max_hp_loss":0,"event_name":"Upgrade Shrine","floor":13,"gold_loss":0,"cards_upgraded":["Deadly Poison"]},{"damage_healed":0,"gold_gain":0,"player_choice":"Obtained Book","damage_taken":16,"max_hp_gain":0,"max_hp_loss":0,"event_name":"Cursed Tome","floor":21,"gold_loss":0},{"damage_healed":0,"gold_gain":0,"player_choice":"Ignored","damage_taken":0,"max_hp_gain":0,"max_hp_loss":0,"event_name":"Vampires","floor":27,"gold_loss":0}],"is_beta":false,"boss_relics":[{"not_picked":["Ectoplasm","Ring of the Serpent"],"picked":"Tiny House"}],"items_purged_floors":[20],"is_endless":false,"potions_floor_spawned":[1,3,12,16,19,25,31],"killed_by":"Automaton","ascension_level":1}