{"gold_per_floor":[117,117,9,9,22,22,46,69,69,69,85,108,108,26,26,26],"floor_reached":16,"playtime":1016,"items_purged":[],"score":90,"play_id":"13ed5490-420e-4d72-a70d-f8fc2367aa7d","local_time":"20181124202343","is_ascension_mode":false,"campfire_choices":[{"floor":6,"key":"REST"},{"data":"Juggernaut","floor":10,"key":"SMITH"},{"floor":15,"key":"REST"}],"neow_cost":"NONE","seed_source_timestamp":718981714291941,"circlet_count":0,"master_deck":["Strike_R","Strike_R+1","Strike_R","Strike_R","Strike_R","Defend_R","Defend_R","Defend_R","Defend_R","Juggernaut+1","Metallicize","Heavy Blade","Carnage","Inflame","Headbutt+1","Headbutt","Heavy Blade","Perfected Strike","Seeing Red+1"],"relics":["Burning Blood","Golden Idol","Whetstone","Frozen Egg 2","Toxic Egg 2"],"potions_floor_usage":[],"damage_taken":[{"damage":15,"enemies":"Jaw Worm","floor":1,"turns":4},{"damage":1,"enemies":"Cultist","floor":5,"turns":4},{"damage":2,"enemies":"2 Louse","floor":8,"turns":2},{"damage":9,"enemies":"Blue Slaver","floor":11,"turns":3},{"damage":21,"enemies":"Lots of Slimes","floor":12,"turns":4},{"damage":80,"enemies":"The Guardian","floor":16,"turns":8}],"seed_played":"4755717583604708645","potions_obtained":[{"floor":8,"key":"Fire Potion"}],"is_trial":false,"path_per_floor":["M","?","$","?","M","R","T","M","T","R","M","M","?","$","R","B"],"character_chosen":"IRONCLAD","items_purchased":["Carnage","Inflame","Seeing Red+1"],"campfire_rested":2,"item_purchase_floors":[3,3,14],"current_hp_per_floor":[71,71,71,51,56,80,80,80,80,80,77,62,62,62,80,0],"gold":26,"neow_bonus":"ONE_RANDOM_RARE_CARD","is_prod":false,"is_daily":false,"chose_seed":false,"campfire_upgraded":1,"win_rate":0.0,"timestamp":1543105423,"path_taken":["M","?","?","?","M","R","?","M","T","R","M","?","?","$","R","BOSS"],"build_version":"2018-11-15","purchased_purges":0,"victory":false,"max_hp_per_floor":[80,80,80,80,80,80,80,80,80,80,80,80,80,80,80,80],"card_choices":[{"not_picked":["Armaments","Flame Barrier"],"picked":"Metallicize","floor":1},{"not_picked":["Pommel Strike","Warcry"],"picked":"Headbutt","floor":5},{"not_picked":["Rupture","Body Slam"],"picked":"Headbutt","floor":8},{"not_picked":["Thunderclap","Headbutt"],"picked":"Heavy Blade","floor":11},{"not_picked":["Seeing Red","Whirlwind"],"picked":"Perfected Strike","floor":12}],"player_experience":33049,"relics_obtained":[{"floor":7,"key":"Whetstone"},{"floor":9,"key":"Frozen Egg 2"}],"event_choices":[{"damage_healed":0,"gold_gain":0,"cards_transformed":["Bash"],"player_choice":"Transformed","damage_taken":0,"max_hp_gain":0,"max_hp_loss":0,"event_name":"Transmorgrifier","floor":2,"gold_loss":0,"cards_obtained":["Heavy Blade"]},{"damage_healed":0,"gold_gain":0,"player_choice":"Take Damage","damage_taken":20,"relics_obtained":["Golden Idol"],"max_hp_gain":0,"max_hp_loss":0,"event_name":"Golden Idol","floor":4,"gold_loss":0},{"damage_healed":0,"gold_gain":0,"player_choice":"Gave Potion","damage_taken":0,"relics_obtained":["Toxic Egg 2"],"max_hp_gain":0,"max_hp_loss":0,"event_name":"WeMeetAgain","floor":13,"gold_loss":0}],"is_beta":false,"boss_relics":[],"items_purged_floors":[],"is_endless":false,"potions_floor_spawned":[8],"killed_by":"The Guardian","ascension_level":0}