{"gold_per_floor":[112,112,129,129,54,54,83,1,72,72,85,103,103,121,121,197,197,208,56,72,86,101,101,101,113,138,153,163,163,105,5,5,78,78,91,136,1135,602,602,602,612,612,635,653,653],"floor_reached":45,"playtime":2892,"items_purged":["Strike_G","Strike_G","Normality"],"score":855,"play_id":"613c9b97-1184-4d05-91fa-2dc744ee414e","local_time":"20180919220359","is_ascension_mode":true,"campfire_choices":[{"data":"Neutralize","floor":6.0,"key":"SMITH"},{"floor":10.0,"key":"REST"},{"data":"Footwork","floor":13.0,"key":"SMITH"},{"data":"Noxious Fumes","floor":15.0,"key":"SMITH"},{"data":"Bouncing Flask","floor":23.0,"key":"SMITH"},{"floor":29.0,"key":"REST"},{"data":"Well Laid Plans","floor":32.0,"key":"SMITH"},{"data":"Malaise","floor":40.0,"key":"SMITH"},{"data":"Adrenaline","floor":42.0,"key":"SMITH"}],"neow_cost":"PERCENT_DAMAGE","seed_source_timestamp":0,"circlet_count":0,"master_deck":["Defend_G+1","Defend_G","Defend_G+1","Defend_G","Defend_G","Survivor","Neutralize+1","AscendersBane","Adrenaline+1","Footwork+1","Dagger Throw","Skewer","Flying Knee","Well Laid Plans+1","Bullet Time","Noxious Fumes+1","After Image","Dodge and Roll","Deflect","Bouncing Flask+1","Quick Slash","Backstab","Dagger Spray+1","PiercingWail+1","Night Terror","Glass Knife","Normality","Malaise+1","Bouncing Flask"],"special_seed":0,"relics":["Ring of the Snake","Potion Belt","Pear","Empty Cage","Happy Flower","War Paint","Snecko Eye","WingedGreaves","Snake Skull","Dream Catcher"],"potions_floor_usage":[45,45],"damage_taken":[{"damage":7.0,"enemies":"Jaw Worm","floor":1.0,"turns":6.0},{"damage":0.0,"enemies":"2 Louse","floor":3.0,"turns":4.0},{"damage":37.0,"enemies":"Gremlin Nob","floor":7.0,"turns":5.0},{"damage":0.0,"enemies":"Cultist","floor":11.0,"turns":3.0},{"damage":0.0,"enemies":"Exordium Wildlife","floor":12.0,"turns":6.0},{"damage":0.0,"enemies":"2 Fungi Beasts","floor":14.0,"turns":4.0},{"damage":16.0,"enemies":"The Guardian","floor":16.0,"turns":12.0},{"damage":5.0,"enemies":"Spheric Guardian","floor":18.0,"turns":7.0},{"damage":2.0,"enemies":"Chosen","floor":20.0,"turns":5.0},{"damage":1.0,"enemies":"Snecko","floor":21.0,"turns":7.0},{"damage":18.0,"enemies":"Cultist and Chosen","floor":22.0,"turns":7.0},{"damage":0.0,"enemies":"Centurion and Healer","floor":25.0,"turns":6.0},{"damage":21.0,"enemies":"Snecko","floor":27.0,"turns":6.0},{"damage":35.0,"enemies":"Chosen and Byrds","floor":28.0,"turns":6.0},{"damage":38.0,"enemies":"Collector","floor":33.0,"turns":11.0},{"damage":19.0,"enemies":"3 Shapes","floor":35.0,"turns":4.0},{"damage":42.0,"enemies":"Mysterious Sphere","floor":36.0,"turns":7.0},{"damage":8.0,"enemies":"3 Darklings","floor":41.0,"turns":2.0},{"damage":33.0,"enemies":"Reptomancer","floor":44.0,"turns":6.0},{"damage":50,"enemies":"Transient","floor":45,"turns":5}],"seed_played":"-8446421203641583900","potions_obtained":[{"floor":11.0,"key":"PowerPotion"},{"floor":20.0,"key":"SteroidPotion"},{"floor":22.0,"key":"SteroidPotion"},{"floor":25.0,"key":"SpeedPotion"},{"floor":28.0,"key":"Explosive Potion"},{"floor":44.0,"key":"PowerPotion"}],"is_trial":false,"path_per_floor":["M","?","M","?","$","R","E","$","T","R","M","M","R","M","R","B",null,"M","$","M","M","M","R","?","M","T","M","M","R","?","$","R","B",null,"M","?","?","$","?","R","M","R","T","M"],"character_chosen":"THE_SILENT","items_purchased":["Well Laid Plans","Deflect","Bouncing Flask","Quick Slash","Snake Skull","Malaise","SpeedPotion"],"campfire_rested":2,"item_purchase_floors":[8,19,19,19,38,38,38],"current_hp_per_floor":[37,42,42,42,42,42,5,5,15,39,39,39,39,39,39,23,67,62,62,60,59,41,41,81,81,81,60,25,49,49,49,49,11,64,45,3,3,3,81,81,73,73,73,40,0],"gold":653,"neow_bonus":"THREE_RARE_CARDS","is_prod":false,"is_daily":false,"chose_seed":false,"campfire_upgraded":7,"win_rate":0,"timestamp":1537409039,"path_taken":["M","?","M","?","?","R","E","$","T","R","M","M","R","M","R","BOSS","M","$","M","M","M","R","?","M","T","M","?","R","?","?","R","BOSS","M","?","?","$","?","R","M","R","T","M","M"],"build_version":"2018-09-18v3","purchased_purges":3,"victory":false,"max_hp_per_floor":[66,71,71,71,71,71,71,71,81,81,81,81,81,81,81,81,81,81,81,81,81,81,81,81,81,81,81,81,81,81,81,81,81,81,81,81,81,81,81,81,81,81,81,81,81],"card_choices":[{"not_picked":["Storm of Steel","Night Terror"],"picked":"Adrenaline","floor":0.0},{"not_picked":["Underhanded Strike","Choke"],"picked":"Footwork","floor":1.0},{"not_picked":["Choke","Slice"],"picked":"Dagger Throw","floor":3.0},{"not_picked":["Expertise","Poisoned Stab"],"picked":"Flying Knee","floor":7.0},{"not_picked":["Quick Slash","Deflect"],"picked":"Bullet Time","floor":11.0},{"not_picked":["Outmaneuver","Expertise"],"picked":"Noxious Fumes","floor":12.0},{"not_picked":["Bane","Dagger Throw","Blade Dance"],"picked":"SKIP","floor":14.0},{"not_picked":["Burst","Grand Finale"],"picked":"After Image","floor":16.0},{"not_picked":["Quick Slash","Footwork"],"picked":"Dodge and Roll","floor":18.0},{"not_picked":["Dodge and Roll","Slice"],"picked":"Backstab","floor":20.0},{"not_picked":["Masterful Stab","Bane"],"picked":"Dagger Spray+1","floor":21.0},{"not_picked":["Bane+1","Infinite Blades","Blade Dance"],"picked":"SKIP","floor":22.0},{"not_picked":["Heel Hook","Terror","Tactician"],"picked":"SKIP","floor":25.0},{"not_picked":["Bouncing Flask","Heel Hook"],"picked":"PiercingWail+1","floor":27.0},{"not_picked":["Dodge and Roll","Finisher"],"picked":"Night Terror","floor":28.0},{"not_picked":["Die Die Die","Unload"],"picked":"Glass Knife","floor":33.0},{"not_picked":["Poisoned Stab","Finisher","Distraction"],"picked":"SKIP","floor":35.0},{"not_picked":["Deflect","Poisoned Stab+1","Dagger Throw"],"picked":"SKIP","floor":41.0},{"not_picked":["Deadly Poison+1","Outmaneuver+1"],"picked":"Bouncing Flask","floor":44.0}],"player_experience":577071,"relics_obtained":[{"floor":7.0,"key":"Potion Belt"},{"floor":9.0,"key":"Pear"},{"floor":26.0,"key":"Happy Flower"},{"floor":36.0,"key":"WingedGreaves"},{"floor":43.0,"key":"Dream Catcher"}],"event_choices":[{"event_name":"Big Fish","player_choice":"Donut","floor":2.0,"damage_taken":0.0},{"event_name":"Living Wall","player_choice":"Change","floor":4.0,"damage_taken":0.0},{"event_name":"Wheel of Change","player_choice":"Full Heal","floor":24.0,"damage_taken":0.0},{"event_name":"WeMeetAgain","player_choice":"Gold","floor":30.0,"damage_taken":0.0},{"event_name":"Mysterious Sphere","player_choice":"Fight","floor":36.0,"damage_taken":0.0},{"event_name":"MindBloom","player_choice":"Gold","floor":37.0,"damage_taken":0.0},{"event_name":"Wheel of Change","player_choice":"Full Heal","floor":39.0,"damage_taken":0.0}],"is_beta":true,"boss_relics":[{"not_picked":["Velvet Choker","Sozu"],"picked":"Empty Cage"},{"not_picked":["Runic Dome","Orrery"],"picked":"Snecko Eye"}],"items_purged_floors":[5,31,38],"is_endless":false,"potions_floor_spawned":[11,20,22,25,28,44],"killed_by":"Transient","ascension_level":20}