{"gold_per_floor":[211,226,26,101,26,52,52,67,113,113,83,83,114,128,128,205,205,190,190,203,221,146,146,176,176,201,216,216,234,244,244],"floor_reached":31,"playtime":1516,"items_purged":["Strike_G"],"score":467,"play_id":"75a63fc0-155d-4c33-aad1-ea26fa5a0488","local_time":"20180804224056","is_ascension_mode":true,"campfire_choices":[{"floor":7.0,"key":"REST"},{"data":"Caltrops","floor":10.0,"key":"SMITH"},{"data":"Noxious Fumes","floor":15.0,"key":"SMITH"},{"floor":23.0,"key":"REST"},{"floor":25.0,"key":"REST"}],"neow_cost":"NONE","seed_source_timestamp":537393513313345,"circlet_count":0,"master_deck":["Defend_G","Defend_G","Defend_G","Defend_G","Defend_G","Strike_G","Survivor","Neutralize","AscendersBane","Quick Slash","Backflip","Noxious Fumes+1","Slice","Dagger Throw","Backflip","Noxious Fumes","Caltrops+1","Backstab","Cloak And Dagger","Backstab","Wraith Form v2","Dodge and Roll+1","Sucker Punch","Dagger Spray","Skewer","Cloak And Dagger"],"special_seed":0,"relics":["Ring of the Snake","Dream Catcher","Vajra","Pear","Torii","Empty Cage","Juzu Bracelet","Ancient Tea Set"],"potions_floor_usage":[31],"damage_taken":[{"damage":1.0,"enemies":"2 Louse","floor":1.0,"turns":3.0},{"damage":1.0,"enemies":"Small Slimes","floor":2.0,"turns":3.0},{"damage":19.0,"enemies":"Lagavulin","floor":6.0,"turns":8.0},{"damage":0.0,"enemies":"Jaw Worm","floor":8.0,"turns":4.0},{"damage":23.0,"enemies":"Exordium Thugs","floor":11.0,"turns":5.0},{"damage":10.0,"enemies":"Gremlin Nob","floor":13.0,"turns":3.0},{"damage":0.0,"enemies":"3 Louse","floor":14.0,"turns":3.0},{"damage":1.0,"enemies":"Hexaghost","floor":16.0,"turns":8.0},{"damage":6.0,"enemies":"2 Thieves","floor":18.0,"turns":4.0},{"damage":2.0,"enemies":"Spheric Guardian","floor":20.0,"turns":5.0},{"damage":22.0,"enemies":"Slaver and Parasite","floor":21.0,"turns":7.0},{"damage":46.0,"enemies":"Book of Stabbing","floor":24.0,"turns":7.0},{"damage":11.0,"enemies":"Centurion and Healer","floor":27.0,"turns":8.0},{"damage":8.0,"enemies":"Snake Plant","floor":29.0,"turns":4.0},{"damage":11.0,"enemies":"3 Cultists","floor":30.0,"turns":6.0},{"damage":9,"enemies":"Gremlin Leader","floor":31,"turns":4}],"seed_played":"6118270467465753995","potions_obtained":[{"floor":1.0,"key":"Ancient Potion"},{"floor":13.0,"key":"Explosive Potion"},{"floor":19.0,"key":"Block Potion"},{"floor":24.0,"key":"Block Potion"},{"floor":27.0,"key":"Swift Potion"},{"floor":30.0,"key":"PowerPotion"}],"is_trial":false,"path_per_floor":["M","M","$","?","$","E","R","M","T","R","M","T","E","M","R","B",null,"M","?","M","M","?","R","E","R","T","M","?","M","M"],"character_chosen":"THE_SILENT","items_purchased":["Noxious Fumes","Slice","FearPotion","Dagger Throw"],"campfire_rested":3,"item_purchase_floors":[3,3,5,5],"current_hp_per_floor":[58,57,57,46,46,27,46,46,46,46,23,33,23,23,23,22,63,57,57,55,33,33,55,9,31,31,20,20,12,1,0],"gold":244,"neow_bonus":"HUNDRED_GOLD","is_prod":false,"is_daily":false,"chose_seed":false,"campfire_upgraded":2,"win_rate":0,"timestamp":1533436856,"path_taken":["M","M","$","?","$","E","R","?","T","R","M","?","E","M","R","BOSS","M","?","M","M","?","R","E","R","T","M","?","M","M","E"],"build_version":"2018-08-02","purchased_purges":1,"victory":false,"max_hp_per_floor":[66,66,66,66,66,66,66,66,66,66,66,76,76,76,76,76,76,76,76,76,76,76,76,76,76,76,76,76,76,76,76],"card_choices":[{"not_picked":["Choke","Deadly Poison"],"picked":"Quick Slash","floor":1.0},{"not_picked":["Terror","Setup"],"picked":"Backflip","floor":2.0},{"not_picked":["Dodge and Roll","Acrobatics"],"picked":"Backflip","floor":6.0},{"not_picked":["Flying Knee","Escape Plan"],"picked":"Noxious Fumes","floor":7.0},{"not_picked":["Heel Hook","Venomology"],"picked":"Caltrops","floor":8.0},{"not_picked":["Expertise","Outmaneuver"],"picked":"Backstab","floor":11.0},{"not_picked":["Quick Slash","Deadly Poison"],"picked":"Cloak And Dagger","floor":13.0},{"not_picked":["Blade Dance","Underhanded Strike"],"picked":"Backstab","floor":14.0},{"not_picked":["Envenom","Venomology"],"picked":"Wraith Form v2","floor":16.0},{"not_picked":["Infinite Blades","Concentrate"],"picked":"Dodge and Roll+1","floor":18.0},{"not_picked":["Bane","Bullet Time"],"picked":"Sucker Punch","floor":20.0},{"not_picked":["Deadly Poison","Bane"],"picked":"Dagger Spray","floor":21.0},{"not_picked":["Choke","Bane"],"picked":"Skewer","floor":24.0},{"not_picked":["Concentrate","Prepared","Phantasmal Killer"],"picked":"SKIP","floor":27.0},{"not_picked":["Sucker Punch","Quick Slash"],"picked":"Cloak And Dagger","floor":29.0},{"not_picked":["Prepared","Dagger Throw","Slice+1"],"picked":"SKIP","floor":30.0}],"player_experience":460505,"relics_obtained":[{"floor":6.0,"key":"Dream Catcher"},{"floor":9.0,"key":"Vajra"},{"floor":12.0,"key":"Pear"},{"floor":13.0,"key":"Torii"},{"floor":24.0,"key":"Juzu Bracelet"},{"floor":26.0,"key":"Ancient Tea Set"}],"event_choices":[{"event_name":"World of Goop","player_choice":"Gather Gold","floor":4.0,"damage_taken":0.0},{"event_name":"The Lab","player_choice":"Got Potions","floor":19.0,"damage_taken":0.0},{"event_name":"Beggar","player_choice":"Gave Gold","floor":22.0,"damage_taken":0.0},{"event_name":"Drug Dealer","player_choice":"Ignored","floor":28.0,"damage_taken":0.0}],"is_beta":false,"boss_relics":[{"not_picked":["Pandora\u0027s Box","HoveringKite"],"picked":"Empty Cage"}],"items_purged_floors":[3],"is_endless":false,"potions_floor_spawned":[1,13,14,16,24,27,30],"killed_by":"Gremlin Leader","ascension_level":15}