{"gold_per_floor":[362,372,27,37,37,68,88,88,88,119,119,135,135,146,146,220,220,236,255,275,122,50,50,78,96,96,21,35,0,0,13,13,92,92,110,110,129,109,128,153,153,153,153,8,8,8,8,27,27,27],"floor_reached":51,"playtime":2687,"items_purged":["Strike_G","Writhe"],"score":1287,"play_id":"fad82172-e5c0-4967-86da-5f3a61dde0bf","local_time":"20180804221318","is_ascension_mode":true,"campfire_choices":[{"floor":8,"key":"REST"},{"data":"Neutralize","floor":11,"key":"SMITH"},{"data":"After Image","floor":13,"key":"SMITH"},{"data":"Blade Dance","floor":15,"key":"SMITH"},{"data":"A Thousand Cuts","floor":23,"key":"SMITH"},{"floor":30,"key":"REST"},{"data":"Leg Sweep","floor":32,"key":"SMITH"},{"data":"1","floor":41,"key":"LIFT"},{"data":"2","floor":45,"key":"LIFT"},{"data":"3","floor":49,"key":"LIFT"}],"neow_cost":"FIFTY_PERCENT_DAMAGE","seed_source_timestamp":534689956458772,"circlet_count":0,"master_deck":["Defend_G","Defend_G","Defend_G","Defend_G","Defend_G","Strike_G","Strike_G","Strike_G","Strike_G","Survivor","Neutralize+1","AscendersBane","Endless Agony","Deflect","After Image+1","Slice","Leg Sweep+1","Riddle With Holes","Blade Dance+1","Deflect","Backstab","A Thousand Cuts+1","Quick Slash","Cloak And Dagger","Well Laid Plans","Blade Dance","Acrobatics","Flash of Steel","Deep Breath","Blade Dance","Sucker Punch","Expertise+1"],"relics":["Ring of the Snake","Strawberry","Du-Vu Doll","Shuriken","Paper Crane","Busted Crown","Anchor","Girya","Ornamental Fan","WristBlade","Pantograph","Happy Flower"],"potions_floor_usage":[6,7,20,20,33,33,39,50,50],"damage_taken":[{"damage":0,"enemies":"Small Slimes","floor":1,"turns":5},{"damage":0,"enemies":"2 Louse","floor":2,"turns":3},{"damage":0,"enemies":"Jaw Worm","floor":4,"turns":5},{"damage":16,"enemies":"Gremlin Nob","floor":6,"turns":5},{"damage":6,"enemies":"Lots of Slimes","floor":7,"turns":5},{"damage":11,"enemies":"3 Sentries","floor":10,"turns":7},{"damage":11,"enemies":"Red Slaver","floor":12,"turns":5},{"damage":0,"enemies":"Large Slime","floor":14,"turns":5},{"damage":2,"enemies":"Hexaghost","floor":16,"turns":9},{"damage":0,"enemies":"3 Byrds","floor":18,"turns":5},{"damage":6,"enemies":"2 Thieves","floor":19,"turns":4},{"damage":0,"enemies":"Centurion and Healer","floor":20,"turns":6},{"damage":7,"enemies":"Slavers","floor":24,"turns":5},{"damage":17,"enemies":"Snecko","floor":25,"turns":5},{"damage":0,"enemies":"3 Cultists","floor":28,"turns":3},{"damage":1,"enemies":"Sentry and Sphere","floor":31,"turns":4},{"damage":0,"enemies":"Collector","floor":33,"turns":8},{"damage":12,"enemies":"3 Darklings","floor":35,"turns":5},{"damage":0,"enemies":"Orb Walker","floor":37,"turns":2},{"damage":2,"enemies":"4 Shapes","floor":39,"turns":2},{"damage":1,"enemies":"Giant Head","floor":40,"turns":8},{"damage":0,"enemies":"Spire Growth","floor":48,"turns":3},{"damage":33,"enemies":"Donu and Deca","floor":50,"turns":8}],"seed_played":"-7083383926421903921","potions_obtained":[{"floor":1,"key":"LiquidBronze"},{"floor":6,"key":"Block Potion"},{"floor":12,"key":"Swift Potion"},{"floor":14,"key":"EntropicBrew"},{"floor":20,"key":"PowerPotion"},{"floor":24,"key":"Dexterity Potion"},{"floor":35,"key":"Weak Potion"},{"floor":37,"key":"Weak Potion"},{"floor":38,"key":"Poison Potion"},{"floor":46,"key":"LiquidBronze"}],"is_trial":false,"path_per_floor":["M","M","$","M","?","E","M","R","T","E","R","M","R","M","R","B",null,"M","M","M","$","$","R","E","M","T","$","M","?","R","M","R","B",null,"M","?","M","?","M","E","R","?","T","$","R","?","$","M","R","B"],"character_chosen":"THE_SILENT","items_purchased":["After Image","Fire Potion","Strawberry","Anchor","Well Laid Plans","Sucker Punch"],"campfire_rested":2,"item_purchase_floors":[3,3,3,21,22,44],"current_hp_per_floor":[30,30,37,37,37,21,15,36,36,25,25,14,14,14,14,12,58,58,52,52,52,52,52,45,28,28,28,28,28,49,48,48,48,67,55,45,45,45,43,42,42,57,57,57,57,57,57,57,57,40],"gold":27,"neow_bonus":"TWO_FIFTY_GOLD","is_prod":false,"is_daily":false,"chose_seed":false,"campfire_upgraded":5,"win_rate":0,"timestamp":1533435198,"path_taken":["M","M","$","M","?","E","?","R","T","E","R","M","R","M","R","BOSS","M","M","?","?","$","R","E","M","T","$","M","?","R","M","R","BOSS","M","?","M","?","M","E","R","?","T","?","R","?","$","M","R","BOSS"],"build_version":"2018-08-02","purchased_purges":2,"victory":true,"max_hp_per_floor":[66,66,73,73,73,73,73,73,73,73,73,73,73,73,73,73,73,73,73,73,73,73,73,73,73,73,73,73,73,73,73,73,73,73,73,73,73,73,73,73,73,73,73,73,73,73,73,73,73,73],"card_choices":[{"not_picked":["Blade Dance","Dagger Throw"],"picked":"Endless Agony","floor":1},{"not_picked":["Accuracy","Quick Slash"],"picked":"Deflect","floor":2},{"not_picked":["Bane","Finisher"],"picked":"Slice","floor":4},{"not_picked":["Slice","Sucker Punch"],"picked":"Leg Sweep","floor":6},{"not_picked":["Endless Agony","Outmaneuver"],"picked":"Riddle With Holes","floor":7},{"not_picked":["Masterful Stab","Phantasmal Killer"],"picked":"Blade Dance","floor":10},{"not_picked":["Acrobatics","Deadly Poison"],"picked":"Deflect","floor":12},{"not_picked":["Underhanded Strike","Choke"],"picked":"Backstab","floor":14},{"not_picked":["Unload","Night Terror"],"picked":"A Thousand Cuts","floor":16},{"not_picked":["Reflex"],"picked":"SKIP","floor":18},{"not_picked":[],"picked":"Quick Slash","floor":19},{"not_picked":[],"picked":"Cloak And Dagger","floor":20},{"not_picked":["Deadly Poison"],"picked":"SKIP","floor":24},{"not_picked":["Deadly Poison"],"picked":"SKIP","floor":24},{"not_picked":[],"picked":"Blade Dance","floor":25},{"not_picked":[],"picked":"Acrobatics","floor":28},{"not_picked":["Deadly Poison"],"picked":"SKIP","floor":31},{"not_picked":["Choke"],"picked":"SKIP","floor":35},{"not_picked":[],"picked":"Flash of Steel","floor":36},{"not_picked":[],"picked":"Deep Breath","floor":36},{"not_picked":[],"picked":"Blade Dance","floor":37},{"not_picked":["Blade Dance+1"],"picked":"SKIP","floor":39},{"not_picked":["Underhanded Strike"],"picked":"SKIP","floor":40},{"not_picked":[],"picked":"Expertise+1","floor":48}],"player_experience":457818,"relics_obtained":[{"floor":6,"key":"Du-Vu Doll"},{"floor":9,"key":"Shuriken"},{"floor":10,"key":"Paper Crane"},{"floor":24,"key":"Girya"},{"floor":26,"key":"Ornamental Fan"},{"floor":40,"key":"Pantograph"},{"floor":43,"key":"Happy Flower"}],"event_choices":[{"event_name":"Liars Game","player_choice":"disagreed","floor":5,"damage_taken":0},{"event_name":"Masked Bandits","player_choice":"Paid Bandits 35 gold","floor":29,"damage_taken":0},{"event_name":"SensoryStone","player_choice":"Memory 3","floor":36,"damage_taken":0},{"event_name":"The Woman in Blue","player_choice":"Bought 1 Potion","floor":38,"damage_taken":0},{"event_name":"Winding Halls","player_choice":"Writhe","floor":42,"damage_taken":0},{"event_name":"The Lab","player_choice":"Got Potions","floor":46,"damage_taken":0}],"is_beta":false,"boss_relics":[{"not_picked":["Philosopher\u0027s Stone","Lizard Tail"],"picked":"Busted Crown"},{"not_picked":["Runic Dome","Calling Bell"],"picked":"WristBlade"}],"items_purged_floors":[27,44],"is_endless":false,"potions_floor_spawned":[1,6,12,14,16,18,20,24,35,37],"ascension_level":15}