{"gold_per_floor":[112,112,128,139,152,152,152,152,177,202,214,214,91,111,111,209,209,223,36,51,51,51,51,71,71,71,71,71,38,57,76,76,180,180,190,190,190,206,56,56,18,18,18,18,38,71,71,88,88,88],"floor_reached":50,"playtime":3101,"items_purged":["Strike_B","Strike_B"],"score":517,"play_id":"dc43b3f0-a911-4293-93f4-5ef3da0dec63","local_time":"20181210180925","is_ascension_mode":true,"campfire_choices":[{"floor":6,"key":"REST"},{"floor":8,"key":"REST"},{"floor":12,"key":"REST"},{"floor":15,"key":"REST"},{"data":"Machine Learning","floor":23,"key":"SMITH"},{"floor":25,"key":"REST"},{"data":"Buffer","floor":27,"key":"SMITH"},{"floor":32,"key":"REST"},{"floor":40,"key":"REST"},{"floor":42,"key":"REST"},{"data":"Thunder Strike","floor":44,"key":"SMITH"},{"floor":49,"key":"REST"}],"neow_cost":"NONE","seed_source_timestamp":679520856352998,"circlet_count":0,"master_deck":["Defend_B","Defend_B","Defend_B","Zap","Dualcast","Machine Learning+1","Static Discharge","Ball Lightning","Redo+1","Loop","Zap+1","Leap","Buffer+1","Barrage","Electrodynamics","Cold Snap","Self Repair","Leap","Barrage","Redo","Capacitor","Ball Lightning","Coolheaded","Thunder Strike+1","Glacier","Static Discharge+1","Loop","Ball Lightning","Leap"],"relics":["Cracked Core","Happy Flower","Orichalcum","Nuclear Battery","MutagenicStrength","Unceasing Top","Empty Cage","Potion Belt","War Paint","Frozen Egg 2","Gambling Chip"],"potions_floor_usage":[11,16,24,24,46,46,50,50],"damage_taken":[{"damage":18,"enemies":"Small Slimes","floor":1,"turns":2},{"damage":12,"enemies":"Jaw Worm","floor":3,"turns":3},{"damage":1,"enemies":"Cultist","floor":4,"turns":3},{"damage":33,"enemies":"Exordium Thugs","floor":5,"turns":5},{"damage":40,"enemies":"3 Sentries","floor":10,"turns":5},{"damage":3,"enemies":"Looter","floor":11,"turns":3},{"damage":1,"enemies":"Large Slime","floor":14,"turns":5},{"damage":16,"enemies":"Slime Boss","floor":16,"turns":8},{"damage":0,"enemies":"Spheric Guardian","floor":18,"turns":3},{"damage":6,"enemies":"Chosen","floor":20,"turns":4},{"damage":29,"enemies":"Snake Plant","floor":24,"turns":3},{"damage":13,"enemies":"Sentry and Sphere","floor":30,"turns":4},{"damage":33,"enemies":"Chosen and Byrds","floor":31,"turns":5},{"damage":31,"enemies":"Automaton","floor":33,"turns":10},{"damage":49,"enemies":"3 Darklings","floor":35,"turns":5},{"damage":19,"enemies":"3 Shapes","floor":38,"turns":3},{"damage":27,"enemies":"Spire Growth","floor":45,"turns":4},{"damage":30,"enemies":"Nemesis","floor":46,"turns":7},{"damage":34,"enemies":"3 Darklings","floor":48,"turns":4},{"damage":62,"enemies":"Awakened One","floor":50,"turns":3}],"seed_played":"-18254330947782041","potions_obtained":[{"floor":1,"key":"GamblersBrew"},{"floor":14,"key":"AttackPotion"},{"floor":16,"key":"AttackPotion"},{"floor":18,"key":"Weak Potion"},{"floor":20,"key":"Poison Potion"},{"floor":33,"key":"LiquidBronze"},{"floor":38,"key":"Strength Potion"},{"floor":46,"key":"Swift Potion"},{"floor":48,"key":"LiquidBronze"}],"is_trial":false,"path_per_floor":["M","?","M","M","M","R","?","R","T","E","M","R","$","M","R","B",null,"M","$","M","?","?","R","M","R","T","R","?","$","M","M","R","B",null,"M","?","?","M","$","R","$","R","T","R","M","E","?","M","R","B"],"character_chosen":"DEFECT","items_purchased":["Barrage","Self Repair","Leap","Capacitor","War Paint","Loop"],"campfire_rested":9,"item_purchase_floors":[13,19,19,29,39,41],"current_hp_per_floor":[57,50,38,37,4,26,26,48,48,8,5,27,27,26,48,32,75,75,75,69,69,69,69,47,69,69,69,69,69,56,23,45,21,75,33,33,33,21,21,43,43,65,65,65,45,15,66,39,58,0],"gold":88,"neow_bonus":"ONE_RANDOM_RARE_CARD","is_prod":false,"is_daily":false,"chose_seed":false,"campfire_upgraded":3,"win_rate":0,"timestamp":1544479765,"path_taken":["M","?","M","M","M","R","?","R","T","E","?","R","$","M","R","BOSS","M","$","M","?","?","R","M","R","T","R","?","?","M","M","R","BOSS","M","?","?","M","$","R","$","R","T","R","?","E","?","M","R","BOSS"],"build_version":"2018-12-06","purchased_purges":2,"victory":false,"max_hp_per_floor":[75,75,75,75,75,75,75,75,75,75,75,75,75,75,75,75,75,75,75,75,75,75,75,75,75,75,75,75,75,75,75,75,75,75,75,75,75,75,75,75,75,75,75,75,75,75,66,66,66,66],"card_choices":[{"not_picked":["Recycle","Storm"],"picked":"Static Discharge","floor":1},{"not_picked":["Rebound","Steam"],"picked":"Ball Lightning","floor":3},{"not_picked":["Sweeping Beam","Hologram"],"picked":"Redo","floor":4},{"not_picked":["FTL","Barrage"],"picked":"Loop","floor":5},{"not_picked":["Sweeping Beam","Barrage"],"picked":"Buffer","floor":10},{"not_picked":["Hologram","Genetic Algorithm","Beam Cell"],"picked":"SKIP","floor":11},{"not_picked":["Compile Driver","Steam"],"picked":"Cold Snap","floor":14},{"not_picked":["Meteor Strike","Creative AI"],"picked":"Electrodynamics","floor":16},{"not_picked":["Genetic Algorithm","Chaos"],"picked":"Cold Snap","floor":18},{"not_picked":["Beam Cell+1","Storm"],"picked":"Barrage","floor":20},{"not_picked":["Steam","Go for the Eyes"],"picked":"Redo","floor":24},{"not_picked":["Redo","Sunder+1"],"picked":"Ball Lightning","floor":30},{"not_picked":["Rip and Tear","Redo"],"picked":"Coolheaded","floor":31},{"not_picked":["Machine Learning","Creative AI"],"picked":"Thunder Strike","floor":33},{"not_picked":["Go for the Eyes","Hologram+1"],"picked":"Glacier","floor":35},{"not_picked":["Compile Driver","Sweeping Beam+1"],"picked":"Static Discharge+1","floor":38},{"not_picked":["All For One","Melter","Steam+1"],"picked":"SKIP","floor":45},{"not_picked":["Steam Power","Stack+1"],"picked":"Ball Lightning","floor":46},{"not_picked":["Hologram","Conserve Battery"],"picked":"Leap","floor":48}],"player_experience":100586,"relics_obtained":[{"floor":9,"key":"Happy Flower"},{"floor":10,"key":"Orichalcum"},{"floor":26,"key":"Unceasing Top"},{"floor":43,"key":"Frozen Egg 2"},{"floor":46,"key":"Gambling Chip"}],"event_choices":[{"cards_removed":["Defend_B"],"damage_healed":0,"gold_gain":0,"player_choice":"Card Removal","damage_taken":7,"max_hp_gain":0,"max_hp_loss":0,"event_name":"Golden Wing","floor":2,"gold_loss":0},{"damage_healed":0,"gold_gain":0,"player_choice":"2 cards matched","damage_taken":0,"max_hp_gain":0,"max_hp_loss":0,"event_name":"Match and Keep!","floor":7,"gold_loss":0,"cards_obtained":["Zap","Leap"]},{"damage_healed":0,"gold_gain":0,"player_choice":"Ignored","damage_taken":0,"max_hp_gain":0,"max_hp_loss":0,"event_name":"Beggar","floor":21,"gold_loss":0},{"damage_healed":0,"gold_gain":0,"player_choice":"Inject Mutagens","damage_taken":0,"relics_obtained":["MutagenicStrength"],"max_hp_gain":0,"max_hp_loss":0,"event_name":"Drug Dealer","floor":22,"gold_loss":0},{"cards_removed":["Cold Snap"],"damage_healed":0,"gold_gain":0,"player_choice":"Removed Attack","damage_taken":0,"max_hp_gain":0,"max_hp_loss":0,"event_name":"Falling","floor":36,"gold_loss":0},{"damage_healed":0,"gold_gain":0,"player_choice":"Gave Potion","damage_taken":0,"relics_obtained":["Potion Belt"],"max_hp_gain":0,"max_hp_loss":0,"event_name":"WeMeetAgain","floor":37,"gold_loss":0},{"damage_healed":66,"gold_gain":0,"player_choice":"Heal","damage_taken":0,"max_hp_gain":0,"max_hp_loss":9,"event_name":"The Moai Head","floor":47,"gold_loss":0}],"is_beta":false,"boss_relics":[{"not_picked":["White Beast Statue","Busted Crown"],"picked":"Nuclear Battery"},{"not_picked":["Astrolabe","Snecko Eye"],"picked":"Empty Cage"}],"items_purged_floors":[13,19],"is_endless":false,"potions_floor_spawned":[1,14,16,18,20,33,38,46,48],"killed_by":"Awakened One","ascension_level":2}