{"gold_per_floor":[115,2,22,72,16,42,42,75,100,100,117,145,162,10,10,85,85,101,111,111,11,11,11,36,36],"floor_reached":25,"playtime":1104,"items_purged":["Strike_G","Strike_G"],"score":524,"play_id":"92225392-418f-4c95-84b2-8793e2550501","local_time":"20190420150143","is_ascension_mode":true,"campfire_choices":[{"data":"After Image","floor":7.0,"key":"SMITH"},{"data":"Neutralize","floor":10.0,"key":"SMITH"},{"floor":15.0,"key":"REST"},{"data":"Crippling Poison","floor":23,"key":"SMITH"}],"neow_cost":"TEN_PERCENT_HP_LOSS","seed_source_timestamp":147510377867629,"circlet_count":0,"master_deck":["AscendersBane","Defend_G","Defend_G","Defend_G","Defend_G","Defend_G","Strike_G","Strike_G","Strike_G","Survivor","Neutralize+1","After Image+1","Deadly Poison","Well Laid Plans","Flying Knee","Dagger Spray","Backstab","Skewer+1","Corpse Explosion","Crippling Poison+1","Corpse Explosion","Backflip","Leg Sweep","Ghostly","Ghostly","Ghostly"],"special_seed":0,"relics":["Ring of the Snake","Centennial Puzzle","Matryoshka","Molten Egg 2","Pen Nib","Omamori","Cursed Key","Calipers","Ancient Tea Set"],"potions_floor_usage":[24],"damage_taken":[{"damage":3.0,"enemies":"Cultist","floor":1.0,"turns":6.0},{"damage":1.0,"enemies":"2 Louse","floor":3.0,"turns":4.0},{"damage":14.0,"enemies":"Lagavulin","floor":6.0,"turns":10.0},{"damage":8.0,"enemies":"3 Sentries","floor":8.0,"turns":9.0},{"damage":6.0,"enemies":"Jaw Worm","floor":11.0,"turns":5.0},{"damage":15.0,"enemies":"Lagavulin","floor":12.0,"turns":7.0},{"damage":4.0,"enemies":"Large Slime","floor":13.0,"turns":3.0},{"damage":16.0,"enemies":"The Guardian","floor":16.0,"turns":11.0},{"damage":6.0,"enemies":"Spheric Guardian","floor":18.0,"turns":5.0},{"damage":4,"enemies":"2 Thieves","floor":19,"turns":3},{"damage":28,"enemies":"Slavers","floor":24,"turns":4},{"damage":10,"enemies":"Colosseum Slavers","floor":25,"turns":1}],"seed_played":"40148527198276587","potions_obtained":[{"floor":3.0,"key":"GamblersBrew"},{"floor":18.0,"key":"Fruit Juice"}],"is_trial":false,"path_per_floor":["M","$","M","?","$","E","R","E","T","R","M","E","M","$","R","B",null,"M","M","?","$","?","R","E","?"],"character_chosen":"THE_SILENT","items_purchased":["Well Laid Plans","Flying Knee","PowerPotion","Crippling Poison"],"campfire_rested":1,"item_purchase_floors":[2,2,5,14],"current_hp_per_floor":[56,56,55,49,49,35,35,27,27,27,21,6,2,2,20,4,46,40,36,30,30,30,30,7,0],"gold":36,"neow_bonus":"THREE_RARE_CARDS","is_prod":false,"is_daily":false,"chose_seed":false,"campfire_upgraded":3,"win_rate":0,"timestamp":1555786903,"path_taken":["M","$","?","?","?","E","R","E","T","R","M","E","M","?","R","BOSS","M","M","?","$","?","R","E","?"],"build_version":"2019-04-04","purchased_purges":2,"victory":false,"max_hp_per_floor":[60,60,60,60,60,60,60,60,60,60,60,60,60,60,60,60,60,60,60,30,30,30,30,35,35],"card_choices":[{"not_picked":["Bullet Time","Die Die Die"],"picked":"After Image","floor":0.0},{"not_picked":["Prepared","Riddle With Holes"],"picked":"Deadly Poison","floor":1.0},{"not_picked":["Slice","Setup"],"picked":"Dagger Spray","floor":3.0},{"not_picked":["Predator","Distraction"],"picked":"Backstab","floor":6.0},{"not_picked":["Expertise","Outmaneuver","Unload"],"picked":"SKIP","floor":8.0},{"not_picked":["Blade Dance","Prepared"],"picked":"Skewer+1","floor":11.0},{"not_picked":["Blade Dance","Deadly Poison"],"picked":"Corpse Explosion","floor":12.0},{"not_picked":["Slice+1","Accuracy","Prepared"],"picked":"SKIP","floor":13.0},{"not_picked":["Unload+1","Tools of the Trade"],"picked":"Corpse Explosion","floor":16.0},{"not_picked":["Terror","Poisoned Stab+1"],"picked":"Backflip","floor":18.0},{"not_picked":["Tactician+1","Dodge and Roll"],"picked":"Leg Sweep","floor":19},{"not_picked":["Terror","Quick Slash+1","Sucker Punch+1"],"picked":"SKIP","floor":24}],"player_experience":1006528,"relics_obtained":[{"floor":6.0,"key":"Centennial Puzzle"},{"floor":8.0,"key":"Matryoshka"},{"floor":9.0,"key":"Molten Egg 2"},{"floor":9.0,"key":"Pen Nib"},{"floor":12.0,"key":"Omamori"},{"floor":24,"key":"Ancient Tea Set"}],"event_choices":[{"damage_healed":0.0,"max_hp_gain":0.0,"max_hp_loss":0.0,"gold_gain":50.0,"event_name":"FaceTrader","player_choice":"Touch","floor":4.0,"gold_loss":0.0,"damage_taken":6.0},{"damage_healed":0,"gold_gain":0,"player_choice":"Became a Ghost","damage_taken":0,"max_hp_gain":0,"max_hp_loss":30,"event_name":"Ghosts","floor":20,"gold_loss":0,"cards_obtained":["Ghostly","Ghostly","Ghostly"]},{"damage_healed":0,"gold_gain":0,"player_choice":"Opened","damage_taken":0,"relics_obtained":["Calipers"],"max_hp_gain":0,"max_hp_loss":0,"event_name":"The Mausoleum","floor":22,"gold_loss":0,"cards_obtained":["Writhe"]},{"damage_healed":0,"gold_gain":0,"player_choice":"Fight","damage_taken":0,"max_hp_gain":0,"max_hp_loss":0,"event_name":"Colosseum","floor":25,"gold_loss":0}],"is_beta":true,"boss_relics":[{"not_picked":["Calling Bell","Pandora\u0027s Box"],"picked":"Cursed Key"}],"items_purged_floors":[14,21],"is_endless":false,"potions_floor_spawned":[3,6,8,11,18],"killed_by":"Colosseum Slavers","ascension_level":20}