{"gold_per_floor":[119,132,30,30,42,42,71,71,71,102,102,102,102,129,129,206,206,162,47,67,67,81,81,93,93,93,93,123,123,141,155,155,229,229,241,77,96,0,0,0,20,20,20,20,53,53,69,79,79,79,79],"floor_reached":52,"playtime":3293,"items_purged":["Strike_G"],"score":1786,"play_id":"c6c5b313-f886-4f38-a119-846fe0ef2c0e","local_time":"20180921042227","is_ascension_mode":true,"campfire_choices":[{"data":"Neutralize","floor":6.0,"key":"SMITH"},{"floor":8.0,"key":"REST"},{"floor":12.0,"key":"REST"},{"data":"Cloak And Dagger","floor":15.0,"key":"SMITH"},{"data":"Malaise","floor":23.0,"key":"SMITH"},{"floor":25.0,"key":"REST"},{"floor":27.0,"key":"REST"},{"data":"Footwork","floor":29.0,"key":"SMITH"},{"data":"After Image","floor":32.0,"key":"SMITH"},{"data":"Adrenaline","floor":40.0,"key":"SMITH"},{"data":"Malaise","floor":42.0,"key":"SMITH"},{"floor":44.0,"key":"REST"},{"floor":49.0,"key":"REST"}],"neow_cost":"NONE","seed_source_timestamp":0,"circlet_count":0,"master_deck":["Survivor","Neutralize+1","AscendersBane","Slice","Catalyst+1","Poisoned Stab","Noxious Fumes+1","Deflect","Parasite","Cloak And Dagger+1","Dodge and Roll","Malaise+1","Backflip","All Out Attack","PiercingWail","Backflip","Dagger Spray","After Image+1","Footwork+1","Backflip+1","Well Laid Plans","Adrenaline+1","Leg Sweep","Quick Slash","Masterful Stab","Dodge and Roll","Sucker Punch","Sucker Punch","Quick Slash","Reflex","Outmaneuver","Malaise+1","Quick Slash","Escape Plan","Acrobatics","Corpse Explosion"],"special_seed":0,"relics":["Ring of the Snake","Boot","Ninja Scroll","Bag of Preparation","Dream Catcher","Darkstone Periapt","Sozu","Bottled Flame","Art of War","Pandora\u0027s Box","Red Mask","Thread and Needle","Smiling Mask"],"potions_floor_usage":[],"damage_taken":[{"damage":5.0,"enemies":"Jaw Worm","floor":1.0,"turns":6.0},{"damage":1.0,"enemies":"Cultist","floor":2.0,"turns":5.0},{"damage":10.0,"enemies":"Small Slimes","floor":5.0,"turns":3.0},{"damage":49.0,"enemies":"3 Sentries","floor":7.0,"turns":12.0},{"damage":26.0,"enemies":"Lagavulin","floor":10.0,"turns":6.0},{"damage":10.0,"enemies":"3 Sentries","floor":14.0,"turns":8.0},{"damage":17.0,"enemies":"Hexaghost","floor":16.0,"turns":9.0},{"damage":14.0,"enemies":"2 Thieves","floor":18.0,"turns":5.0},{"damage":10.0,"enemies":"Chosen","floor":20.0,"turns":4.0},{"damage":0.0,"enemies":"Snake Plant","floor":22.0,"turns":6.0},{"damage":8.0,"enemies":"Shelled Parasite and Fungi","floor":24.0,"turns":8.0},{"damage":22.0,"enemies":"Book of Stabbing","floor":28.0,"turns":8.0},{"damage":0.0,"enemies":"Snecko","floor":30.0,"turns":7.0},{"damage":0.0,"enemies":"Centurion and Healer","floor":31.0,"turns":8.0},{"damage":19.0,"enemies":"Automaton","floor":33.0,"turns":11.0},{"damage":3.0,"enemies":"3 Darklings","floor":35.0,"turns":6.0},{"damage":0.0,"enemies":"3 Shapes","floor":37.0,"turns":9.0},{"damage":19.0,"enemies":"Spire Growth","floor":41.0,"turns":9.0},{"damage":24.0,"enemies":"2 Orb Walkers","floor":45.0,"turns":8.0},{"damage":0.0,"enemies":"Reptomancer","floor":47.0,"turns":6.0},{"damage":0.0,"enemies":"Transient","floor":48.0,"turns":1.0},{"damage":11.0,"enemies":"Awakened One","floor":50.0,"turns":28.0},{"damage":34,"enemies":"Time Eater","floor":51,"turns":22}],"seed_played":"4610552618724347099","potions_obtained":[{"floor":1.0,"key":"Regen Potion"},{"floor":5.0,"key":"Energy Potion"},{"floor":10.0,"key":"Regen Potion"}],"is_trial":false,"path_per_floor":["M","M","$","?","M","R","E","R","T","E","?","R","?","E","R","B",null,"M","$","M","?","M","R","M","R","T","R","E","R","M","M","R","B",null,"M","$","M","?","$","R","M","R","T","R","E","?","M","M","R","B","B"],"character_chosen":"THE_SILENT","items_purchased":["Catalyst","Poisoned Stab","All Out Attack","Malaise"],"campfire_rested":6,"item_purchase_floors":[3,3,19,36],"current_hp_per_floor":[54,53,53,53,43,43,9,28,28,2,18,37,37,27,27,10,52,38,38,28,28,28,28,20,39,39,58,36,36,36,36,36,32,58,55,55,55,55,55,55,36,36,36,55,31,31,31,31,50,39,5],"gold":79,"neow_bonus":"RANDOM_COMMON_RELIC","is_prod":false,"is_daily":false,"chose_seed":false,"campfire_upgraded":7,"win_rate":0,"timestamp":1537518147,"path_taken":["M","M","$","?","M","R","E","R","T","E","?","R","?","E","R","BOSS","M","$","M","?","M","R","?","R","T","R","E","R","M","M","R","BOSS","M","$","M","?","$","R","M","R","T","R","E","?","M","?","R","BOSS","BOSS"],"build_version":"2018-09-20","purchased_purges":1,"victory":true,"max_hp_per_floor":[66,66,66,66,66,66,66,66,66,66,66,66,66,66,66,66,66,66,66,66,66,66,66,66,66,66,66,66,66,66,66,66,66,66,66,66,66,66,66,66,66,66,66,66,66,66,66,66,66,66,66],"card_choices":[{"not_picked":["Slice","Flechettes","Acrobatics"],"picked":"SKIP","floor":1.0},{"not_picked":["Expertise","Outmaneuver"],"picked":"Slice","floor":2.0},{"not_picked":["Dagger Throw","Heel Hook","Escape Plan"],"picked":"SKIP","floor":5.0},{"not_picked":["PiercingWail","Poisoned Stab"],"picked":"Noxious Fumes","floor":7.0},{"not_picked":["All Out Attack","Blade Dance"],"picked":"Deflect","floor":10.0},{"not_picked":["Bane","Catalyst"],"picked":"Cloak And Dagger","floor":12.0},{"not_picked":["Prepared","Blade Dance"],"picked":"Dodge and Roll","floor":14.0},{"not_picked":["Storm of Steel","Bullet Time"],"picked":"Malaise","floor":16.0},{"not_picked":["Deadly Poison","Sucker Punch"],"picked":"Backflip","floor":18.0},{"not_picked":["Finisher","Flying Knee","PiercingWail"],"picked":"SKIP","floor":20.0},{"not_picked":["Finisher","Flying Knee"],"picked":"PiercingWail","floor":20.0},{"not_picked":["Deflect","Flying Knee"],"picked":"Backflip","floor":22.0},{"not_picked":["Dodge and Roll","Finisher","Underhanded Strike"],"picked":"SKIP","floor":24.0},{"not_picked":["All Out Attack+1","Flying Knee"],"picked":"Dagger Spray","floor":25.0},{"not_picked":["PiercingWail","Deflect"],"picked":"After Image","floor":27.0},{"not_picked":["Quick Slash","Dash"],"picked":"Footwork","floor":28.0},{"not_picked":["Quick Slash","Tactician+1"],"picked":"Backflip+1","floor":30.0},{"not_picked":["Leg Sweep","Terror"],"picked":"Well Laid Plans","floor":31.0},{"not_picked":["Glass Knife","Grand Finale"],"picked":"Adrenaline","floor":33.0},{"not_picked":["Blade Dance","Catalyst+1","Poisoned Stab"],"picked":"SKIP","floor":35.0},{"not_picked":["Accuracy","Slice"],"picked":"Quick Slash","floor":37.0},{"not_picked":["Blade Dance","Flying Knee","Endless Agony+1"],"picked":"SKIP","floor":41.0},{"not_picked":["Skewer","Calculated Gamble"],"picked":"Escape Plan","floor":45.0},{"not_picked":["Deadly Poison+1","Blade Dance","Underhanded Strike"],"picked":"SKIP","floor":47.0},{"not_picked":["Tactician+1","Terror+1"],"picked":"Acrobatics","floor":48.0},{"not_picked":["Calculated Gamble","Acrobatics"],"picked":"Corpse Explosion","floor":49.0}],"player_experience":586449,"relics_obtained":[{"floor":7.0,"key":"Ninja Scroll"},{"floor":9.0,"key":"Bag of Preparation"},{"floor":10.0,"key":"Dream Catcher"},{"floor":14.0,"key":"Darkstone Periapt"},{"floor":26.0,"key":"Bottled Flame"},{"floor":28.0,"key":"Art of War"},{"floor":43.0,"key":"Thread and Needle"},{"floor":45.0,"key":"Smiling Mask"}],"event_choices":[{"event_name":"Living Wall","player_choice":"Grow","floor":4.0,"damage_taken":0.0},{"event_name":"Mushrooms","player_choice":"Healed and dodged fight","floor":11.0,"damage_taken":0.0},{"event_name":"Upgrade Shrine","player_choice":"Upgraded","floor":13.0,"damage_taken":0.0},{"event_name":"The Mausoleum","player_choice":"No","floor":21.0,"damage_taken":0.0},{"event_name":"Tomb of Lord Red Mask","player_choice":"Paid","floor":38.0,"damage_taken":0.0},{"event_name":"FaceTrader","player_choice":"Leave","floor":46.0,"damage_taken":0.0}],"is_beta":true,"boss_relics":[{"not_picked":["Fusion Hammer","Lizard Tail"],"picked":"Sozu"},{"not_picked":["HoveringKite","White Beast Statue"],"picked":"Pandora\u0027s Box"}],"items_purged_floors":[19],"is_endless":false,"potions_floor_spawned":[1,5,10,22,28,30,31,41,47],"ascension_level":20}