{"gold_per_floor":[109,126,126,142,142,168,197,162,162,31,58,70,70,91,91,190,190,214,339,363,377,9,9,45,45,45,68,68,102,282,296,296,387,387,403,23,23,37,37,37,68,68,68,82,82,82,0,25,25,25,25],"floor_reached":52,"playtime":3859,"items_purged":["Strike_G"],"score":1981,"play_id":"2fc25393-76c9-4b37-ac68-2b349344c70d","local_time":"20181011013359","is_ascension_mode":true,"campfire_choices":[{"data":"Cloak And Dagger","floor":15.0,"key":"SMITH"},{"data":"Footwork","floor":23.0,"key":"SMITH"},{"data":"Adrenaline","floor":25.0,"key":"SMITH"},{"data":"Well Laid Plans","floor":28.0,"key":"SMITH"},{"floor":32,"key":"REST"},{"data":"Infinite Blades","floor":40,"key":"SMITH"},{"data":"A Thousand Cuts","floor":45,"key":"SMITH"},{"floor":49,"key":"REST"}],"neow_cost":"TEN_PERCENT_HP_LOSS","seed_source_timestamp":6521664213940,"circlet_count":0,"master_deck":["Survivor+1","Neutralize","AscendersBane","Adrenaline+1","Well Laid Plans+1","Sucker Punch","Backstab","Deadly Poison","Footwork+1","Cloak And Dagger+1","Dash","Dodge and Roll+1","Finisher","Storm of Steel+1","Dagger Spray","Underhanded Strike","Backflip+1","Slice","Dagger Throw","Backstab","Sucker Punch","Backflip+1","Dodge and Roll+1","Distraction+1","Cloak And Dagger+1","Blade Dance+1","Leg Sweep+1","Endless Agony","Deflect+1","Doppelganger+1","A Thousand Cuts+1","Escape Plan+1","Infinite Blades+1","Madness+1","Madness+1","Decay","Backflip+1"],"special_seed":0,"relics":["Ring of the Snake","Dead Branch","Odd Mushroom","Pocketwatch","Toxic Egg 2","Golden Idol","Pandora\u0027s Box","Ginger","Mercury Hourglass","Bag of Marbles","Juzu Bracelet","The Courier","Question Card","Cursed Key","ClockworkSouvenir","Vajra","War Paint","Gremlin Horn","Torii","Red Mask"],"potions_floor_usage":[33,50,51],"damage_taken":[{"damage":0.0,"enemies":"2 Louse","floor":1.0,"turns":4.0},{"damage":0.0,"enemies":"Jaw Worm","floor":2.0,"turns":6.0},{"damage":0.0,"enemies":"Small Slimes","floor":4.0,"turns":3.0},{"damage":16.0,"enemies":"3 Sentries","floor":6.0,"turns":14.0},{"damage":0.0,"enemies":"The Mushroom Lair","floor":7.0,"turns":4.0},{"damage":5.0,"enemies":"Gremlin Nob","floor":11.0,"turns":4.0},{"damage":1.0,"enemies":"Blue Slaver","floor":12.0,"turns":3.0},{"damage":0.0,"enemies":"Red Slaver","floor":14.0,"turns":3.0},{"damage":2.0,"enemies":"Hexaghost","floor":16.0,"turns":4.0},{"damage":0.0,"enemies":"3 Byrds","floor":18.0,"turns":3.0},{"damage":0.0,"enemies":"Colosseum Slavers","floor":19.0,"turns":4.0},{"damage":6.0,"enemies":"Colosseum Nobs","floor":19.0,"turns":4.0},{"damage":0.0,"enemies":"Chosen","floor":20.0,"turns":2.0},{"damage":11.0,"enemies":"Shelled Parasite and Fungi","floor":21.0,"turns":3.0},{"damage":25.0,"enemies":"Book of Stabbing","floor":24.0,"turns":4.0},{"damage":1.0,"enemies":"Centurion and Healer","floor":27.0,"turns":9.0},{"damage":5.0,"enemies":"Gremlin Leader","floor":29.0,"turns":6.0},{"damage":0.0,"enemies":"Snake Plant","floor":31.0,"turns":1.0},{"damage":43,"enemies":"Champ","floor":33,"turns":10},{"damage":0,"enemies":"3 Shapes","floor":35,"turns":6},{"damage":0,"enemies":"3 Darklings","floor":38,"turns":1},{"damage":0,"enemies":"Nemesis","floor":41,"turns":3},{"damage":0,"enemies":"Sphere and 2 Shapes","floor":44,"turns":4},{"damage":0,"enemies":"Mind Bloom Boss Battle","floor":46,"turns":2},{"damage":0,"enemies":"4 Shapes","floor":48,"turns":4},{"damage":8,"enemies":"Awakened One","floor":50,"turns":11},{"damage":0,"enemies":"Donu and Deca","floor":51,"turns":7}],"seed_played":"-7377690247493970993","potions_obtained":[{"floor":2.0,"key":"GamblersBrew"},{"floor":4.0,"key":"Energy Potion"},{"floor":12.0,"key":"Strength Potion"},{"floor":14.0,"key":"Regen Potion"},{"floor":18.0,"key":"SpeedPotion"},{"floor":24.0,"key":"Regen Potion"},{"floor":27.0,"key":"Regen Potion"},{"floor":31,"key":"PowerPotion"},{"floor":35,"key":"SpeedPotion"},{"floor":48,"key":"EssenceOfSteel"}],"is_trial":false,"path_per_floor":["M","M","?","M","?","E","?","?","T","$","E","M","?","M","R","B",null,"M","?","M","M","$","R","E","R","T","M","R","E","?","M","R","B",null,"M","$","?","M","$","R","E","?","T","M","R","?","?","M","R","B","B"],"character_chosen":"THE_SILENT","items_purchased":["Cloak And Dagger","Bag of Marbles","Blade Dance+1","Leg Sweep+1","Endless Agony","Infinite Blades","ClockworkSouvenir","Vajra"],"campfire_rested":2,"item_purchase_floors":[10,22,22,22,22,36,36,36],"current_hp_per_floor":[59,59,59,59,59,43,43,58,58,58,53,52,31,31,31,29,52,52,46,46,35,35,35,10,10,10,60,60,55,30,30,49,6,50,50,50,38,38,38,38,38,38,38,38,38,38,38,38,57,49,49],"gold":25,"neow_bonus":"THREE_RARE_CARDS","is_prod":false,"is_daily":false,"chose_seed":false,"campfire_upgraded":6,"win_rate":0,"timestamp":1539236039,"path_taken":["M","M","?","M","?","E","?","?","T","$","E","?","?","M","R","BOSS","M","?","M","M","$","R","E","R","T","M","R","E","?","M","R","BOSS","M","$","?","M","$","R","E","?","T","M","R","?","?","M","R","BOSS","BOSS"],"build_version":"2018-10-10","purchased_purges":1,"victory":true,"max_hp_per_floor":[60,60,60,60,60,60,60,60,60,60,60,60,60,60,60,60,60,60,60,60,60,60,60,60,60,60,60,60,60,65,65,65,65,65,65,65,65,65,65,65,65,65,65,65,65,65,65,65,65,65,65],"card_choices":[{"not_picked":["Tools of the Trade","Envenom"],"picked":"Adrenaline","floor":0.0},{"not_picked":["Bane","Outmaneuver"],"picked":"Cloak And Dagger","floor":1.0},{"not_picked":["Reflex","Quick Slash"],"picked":"Well Laid Plans","floor":2.0},{"not_picked":["Sucker Punch","Deadly Poison"],"picked":"Backstab","floor":4.0},{"not_picked":["Bane","Dagger Spray"],"picked":"Deadly Poison","floor":6.0},{"not_picked":["Calculated Gamble","Noxious Fumes"],"picked":"Footwork","floor":7.0},{"not_picked":["Prepared","Tools of the Trade"],"picked":"Dash","floor":11.0},{"not_picked":["Outmaneuver+1","Choke"],"picked":"Dodge and Roll+1","floor":12.0},{"not_picked":["Slice","All Out Attack"],"picked":"Finisher","floor":14.0},{"not_picked":["Night Terror+1","Venomology+1"],"picked":"Storm of Steel+1","floor":16.0},{"not_picked":["Slice","Masterful Stab"],"picked":"Dodge and Roll+1","floor":18.0},{"not_picked":["Dagger Spray+1","Slice"],"picked":"Distraction+1","floor":19.0},{"not_picked":["Doppelganger+1","PiercingWail+1"],"picked":"Cloak And Dagger+1","floor":20.0},{"not_picked":["Expertise+1","Sucker Punch","Finisher"],"picked":"SKIP","floor":21.0},{"not_picked":["Prepared+1","Outmaneuver+1"],"picked":"Deflect+1","floor":24.0},{"not_picked":["Bane","Dagger Throw"],"picked":"Doppelganger+1","floor":27.0},{"not_picked":["Deflect+1","Expertise+1","PiercingWail+1"],"picked":"SKIP","floor":29.0},{"not_picked":["Dagger Throw","Endless Agony+1","Quick Slash","Choke"],"picked":"SKIP","floor":31},{"not_picked":["Tools of the Trade","Corpse Explosion+1","Unload"],"picked":"A Thousand Cuts","floor":33},{"not_picked":["Deadly Poison+1","Blade Dance+1","Deflect+1"],"picked":"Escape Plan+1","floor":35},{"not_picked":["Acrobatics+1","PiercingWail+1","Slice","Dodge and Roll+1"],"picked":"SKIP","floor":38},{"not_picked":["Die Die Die","Dash","Endless Agony","Well Laid Plans+1"],"picked":"SKIP","floor":41},{"not_picked":["Bane","Blade Dance+1","Choke","Concentrate+1"],"picked":"SKIP","floor":44},{"not_picked":["Tactician+1","Masterful Stab+1","Flying Knee+1"],"picked":"Backflip+1","floor":46},{"not_picked":["Bouncing Flask+1","Well Laid Plans","Caltrops","Flying Knee"],"picked":"SKIP","floor":48}],"player_experience":684153,"relics_obtained":[{"floor":6.0,"key":"Dead Branch"},{"floor":7.0,"key":"Odd Mushroom"},{"floor":9.0,"key":"Pocketwatch"},{"floor":11.0,"key":"Toxic Egg 2"},{"floor":19.0,"key":"Ginger"},{"floor":19.0,"key":"Mercury Hourglass"},{"floor":24.0,"key":"Juzu Bracelet"},{"floor":26.0,"key":"The Courier"},{"floor":29.0,"key":"Question Card"},{"floor":41,"key":"War Paint"},{"floor":43,"key":"Gremlin Horn"},{"floor":46,"key":"Torii"}],"event_choices":[{"event_name":"Living Wall","player_choice":"Change","floor":3.0,"damage_taken":0.0},{"event_name":"Shining Light","player_choice":"Ignored","floor":5.0,"damage_taken":0.0},{"event_name":"Mushrooms","player_choice":"Fought Mushrooms","floor":7.0,"damage_taken":0.0},{"event_name":"The Cleric","player_choice":"Healed","floor":8.0,"damage_taken":0.0},{"event_name":"Golden Idol","player_choice":"Take Damage","floor":13.0,"damage_taken":0.0},{"event_name":"Colosseum","player_choice":"Fight","floor":19.0,"damage_taken":0.0},{"event_name":"Colosseum","player_choice":"Fought Nobs","floor":19.0,"damage_taken":0.0},{"event_name":"Knowing Skull","player_choice":"POTION GOLD POTION GOLD ","floor":30.0,"damage_taken":0.0},{"event_name":"Winding Halls","player_choice":"Embrace Madness","floor":37,"damage_taken":0},{"event_name":"Falling","player_choice":"Removed Skill","floor":42,"damage_taken":0},{"event_name":"MindBloom","player_choice":"Fight","floor":46,"damage_taken":0},{"event_name":"Tomb of Lord Red Mask","player_choice":"Paid","floor":47,"damage_taken":0}],"is_beta":true,"boss_relics":[{"not_picked":["Fusion Hammer","Ectoplasm"],"picked":"Pandora\u0027s Box"},{"not_picked":["Ring of the Serpent","Runic Dome"],"picked":"Cursed Key"}],"items_purged_floors":[10],"is_endless":false,"potions_floor_spawned":[2,4,12,14,18,19,24,27,31,35,46,48],"ascension_level":20}