{"gold_per_floor":[118,118,133,133,10,10,39,39,120,145,157,157,185,216,228,341,353,384,396,419,331,348,348,380,399,399,498,297,310,326,236,236,236],"floor_reached":33,"playtime":2785,"items_purged":["Strike_R","Strike_R","Decay"],"score":302,"play_id":"eafefe49-2053-4f0a-bf8f-691b576aa702","local_time":"20190413115907","is_ascension_mode":false,"campfire_choices":[{"floor":6.0,"key":"REST"},{"data":"True Grit","floor":8.0,"key":"SMITH"},{"data":"Disarm","floor":15.0,"key":"SMITH"},{"data":"Bludgeon","floor":23,"key":"SMITH"},{"data":"Carnage","floor":32,"key":"SMITH"}],"neow_cost":"NONE","seed_source_timestamp":0,"circlet_count":0,"master_deck":["Strike_R","Strike_R","Defend_R+1","Defend_R+1","Defend_R","Defend_R","Bash+1","Armaments","Carnage+1","True Grit+1","Disarm+1","Cleave","Flame Barrier","Seeing Red","Armaments+1","Bludgeon+1","Inflame","Havoc","Warcry","Dual Wield+1","Cleave","Ghostly Armor","Headbutt","Flame Barrier"],"special_seed":0,"relics":["Burning Blood","NeowsBlessing","Matryoshka","Regal Pillow","Dodecahedron","Centennial Puzzle","MawBank","Self Forming Clay","Cursed Key","Shuriken","Gambling Chip"],"potions_floor_usage":[20,24,25,30],"damage_taken":[{"damage":0.0,"enemies":"Jaw Worm","floor":1.0,"turns":1.0},{"damage":0.0,"enemies":"Cultist","floor":3.0,"turns":1.0},{"damage":0.0,"enemies":"Gremlin Nob","floor":7.0,"turns":1.0},{"damage":20.0,"enemies":"3 Sentries","floor":10.0,"turns":9.0},{"damage":2.0,"enemies":"Small Slimes","floor":11.0,"turns":2.0},{"damage":0.0,"enemies":"2 Fungi Beasts","floor":13.0,"turns":4.0},{"damage":2.0,"enemies":"Blue Slaver","floor":14.0,"turns":2.0},{"damage":35.0,"enemies":"The Guardian","floor":16.0,"turns":12.0},{"damage":0,"enemies":"Spheric Guardian","floor":18,"turns":3},{"damage":3,"enemies":"3 Byrds","floor":20,"turns":3},{"damage":8,"enemies":"Cultist and Chosen","floor":22,"turns":5},{"damage":27,"enemies":"Gremlin Leader","floor":24,"turns":5},{"damage":2,"enemies":"Chosen and Byrds","floor":25,"turns":5},{"damage":0,"enemies":"Snecko","floor":29,"turns":4},{"damage":11,"enemies":"Shelled Parasite and Fungi","floor":30,"turns":5},{"damage":85,"enemies":"Automaton","floor":33,"turns":8}],"seed_played":"-8103745887022830811","potions_obtained":[{"floor":3.0,"key":"FairyPotion"},{"floor":7.0,"key":"LiquidBronze"},{"floor":10.0,"key":"SkillPotion"},{"floor":22,"key":"EssenceOfSteel"},{"floor":24,"key":"Energy Potion"},{"floor":29,"key":"BloodPotion"}],"is_trial":false,"path_per_floor":["M","?","M","?","$","R","E","R","T","E","M","T","M","M","R","B",null,"M","?","M","$","M","R","E","M","T","?","$","M","M","?","R","B"],"character_chosen":"IRONCLAD","items_purchased":["True Grit","Ghostly Armor"],"campfire_rested":1,"item_purchase_floors":[5,28],"current_hp_per_floor":[80,80,80,64,64,80,80,80,80,66,70,70,76,80,80,51,80,80,80,80,80,78,78,57,61,61,61,61,67,70,70,70,0],"gold":236,"neow_bonus":"THREE_ENEMY_KILL","is_prod":false,"is_daily":false,"chose_seed":false,"campfire_upgraded":4,"win_rate":0,"timestamp":1555167547,"path_taken":["M","?","?","?","$","R","E","R","T","E","M","?","M","M","R","BOSS","M","?","M","$","M","R","E","M","T","?","$","M","M","?","R","BOSS"],"build_version":"2019-01-23","purchased_purges":3,"victory":false,"max_hp_per_floor":[80,80,80,80,80,80,80,80,80,80,80,80,80,80,80,80,80,80,80,80,80,80,80,80,80,80,80,80,80,80,80,80,80],"card_choices":[{"not_picked":["Pommel Strike","Fire Breathing"],"picked":"Armaments","floor":1.0},{"not_picked":["Armaments","Fire Breathing"],"picked":"Carnage","floor":3.0},{"not_picked":["Clothesline","Rampage"],"picked":"Disarm","floor":7.0},{"not_picked":["Pommel Strike","Heavy Blade"],"picked":"Cleave","floor":10.0},{"not_picked":["Uppercut","Fire Breathing"],"picked":"Flame Barrier","floor":11.0},{"not_picked":["Reckless Charge","Perfected Strike"],"picked":"Seeing Red","floor":13.0},{"not_picked":["Pommel Strike","Intimidate"],"picked":"Armaments","floor":14.0},{"not_picked":["Dark Embrace","Juggernaut"],"picked":"Bludgeon","floor":16.0},{"not_picked":["Infernal Blade","Uppercut"],"picked":"Inflame","floor":18},{"not_picked":["Flex","Body Slam"],"picked":"Havoc","floor":20},{"not_picked":["Body Slam+1","Clash"],"picked":"Warcry","floor":22},{"not_picked":["Cleave","Warcry"],"picked":"Dual Wield+1","floor":24},{"not_picked":["Thunderclap","Armaments"],"picked":"Cleave","floor":25},{"not_picked":["Thunderclap+1","Ghostly Armor"],"picked":"Headbutt","floor":29},{"not_picked":["True Grit","Feel No Pain"],"picked":"Flame Barrier","floor":30}],"player_experience":251222,"relics_obtained":[{"floor":7.0,"key":"Matryoshka"},{"floor":9.0,"key":"Regal Pillow"},{"floor":9.0,"key":"Dodecahedron"},{"floor":10.0,"key":"Centennial Puzzle"},{"floor":12.0,"key":"MawBank"},{"floor":12.0,"key":"Self Forming Clay"},{"floor":24,"key":"Shuriken"},{"floor":26,"key":"Gambling Chip"}],"event_choices":[{"damage_healed":0.0,"max_hp_gain":0.0,"max_hp_loss":0.0,"gold_gain":0.0,"event_name":"Accursed Blacksmith","player_choice":"Forge","floor":2.0,"gold_loss":0.0,"damage_taken":0.0,"cards_upgraded":["Bash"]},{"damage_healed":0.0,"max_hp_gain":0.0,"max_hp_loss":0.0,"gold_gain":0.0,"event_name":"Shining Light","player_choice":"Entered Light","floor":4.0,"gold_loss":0.0,"damage_taken":16.0,"cards_upgraded":["Defend_R","Defend_R"]},{"damage_healed":0,"gold_gain":0,"player_choice":"Ignored","damage_taken":0,"max_hp_gain":0,"max_hp_loss":0,"event_name":"Vampires","floor":19,"gold_loss":0},{"damage_healed":0,"gold_gain":99,"player_choice":"Stole From Cult","damage_taken":0,"max_hp_gain":0,"max_hp_loss":0,"event_name":"Nest","floor":27,"gold_loss":0},{"cards_removed":["Strike_R"],"damage_healed":0,"gold_gain":0,"player_choice":"Upgrade and Remove","damage_taken":0,"max_hp_gain":0,"max_hp_loss":0,"event_name":"Designer","floor":31,"gold_loss":90,"cards_upgraded":["Armaments"]}],"is_beta":false,"boss_relics":[{"not_picked":["Black Star","Runic Pyramid"],"picked":"Cursed Key"}],"items_purged_floors":[5,21,28],"is_endless":false,"potions_floor_spawned":[3,7,10,14,22,24,29],"killed_by":"Automaton","ascension_level":0}