{"gold_per_floor":[109,124,144,157,332,332,361,361,361,26,26,26,57,57,57,160,160,179,195,195,195,14,14,44,44,44,60,86,86,1,1,1,99,99,115,162,180,180,180,180,206,206,206,206,206,206,232,0,0,0],"floor_reached":51,"playtime":2367,"items_purged":[],"score":843,"play_id":"b657ac28-eda6-44a0-8b34-26be423f9fe1","local_time":"20180803233642","is_ascension_mode":false,"campfire_choices":[{"data":"Writhe","floor":40,"key":"PURGE"},{"data":"Strike_G","floor":42,"key":"PURGE"},{"data":"Neutralize","floor":46,"key":"SMITH"},{"data":"Acrobatics","floor":49,"key":"SMITH"}],"neow_cost":"","seed_source_timestamp":0,"circlet_count":0,"master_deck":["Defend_G","Defend_G","Defend_G","Defend_G","Defend_G","Strike_G","Strike_G","Survivor","Neutralize+1","Backflip","Cloak And Dagger+1","Leg Sweep","Cloak And Dagger+1","Predator","Outmaneuver","Die Die Die","Acrobatics+1","Slice","Adrenaline+1","All Out Attack","Infinite Blades+1","Cloak And Dagger+1","A Thousand Cuts+1","Riddle With Holes","Cloak And Dagger+1","Neutralize+1","Dagger Throw+1"],"special_seed":0,"relics":["Ring of the Snake","Pen Nib","Peace Pipe","Shuriken","Toolbox","Cursed Key","Nloth\u0027s Gift","Lantern","Juzu Bracelet","Centennial Puzzle","Frozen Egg 2","Sozu","Calipers","Vajra","Bronze Scales","Red Mask"],"potions_floor_usage":[50,50,50],"damage_taken":[{"damage":2.0,"enemies":"Small Slimes","floor":1.0,"turns":5.0},{"damage":3.0,"enemies":"Jaw Worm","floor":2.0,"turns":4.0},{"damage":0.0,"enemies":"2 Louse","floor":3.0,"turns":3.0},{"damage":1.0,"enemies":"Blue Slaver","floor":4.0,"turns":6.0},{"damage":12.0,"enemies":"3 Sentries","floor":7.0,"turns":17.0},{"damage":10.0,"enemies":"Lagavulin","floor":13.0,"turns":5.0},{"damage":11.0,"enemies":"The Guardian","floor":16.0,"turns":10.0},{"damage":1.0,"enemies":"Chosen","floor":18.0,"turns":4.0},{"damage":3.0,"enemies":"Shell Parasite","floor":19.0,"turns":6.0},{"damage":1.0,"enemies":"Gremlin Leader","floor":24.0,"turns":5.0},{"damage":0.0,"enemies":"3 Cultists","floor":27.0,"turns":3.0},{"damage":10.0,"enemies":"Slavers","floor":28.0,"turns":3.0},{"damage":23.0,"enemies":"Champ","floor":33.0,"turns":8.0},{"damage":0,"enemies":"3 Darklings","floor":35,"turns":2},{"damage":0,"floor":36,"turns":3},{"damage":0,"enemies":"3 Shapes","floor":37,"turns":3},{"damage":4,"enemies":"2 Orb Walkers","floor":41,"turns":3},{"damage":0,"enemies":"Giant Head","floor":47,"turns":5},{"damage":0,"enemies":"Awakened One","floor":50,"turns":7}],"seed_played":"6982569155404042216","potions_obtained":[],"is_trial":false,"path_per_floor":["M","M","M","M","?","R","E","R","T","$","?","R","E","?","R","B",null,"M","M","?","?","$","R","E","R","T","M","E","R","?","?","R","B",null,"M","?","M","$","?","R","E","R","T","$","?","R","E","?","R","B"],"character_chosen":"THE_SILENT","items_purchased":["Shuriken","Cloak And Dagger","Predator","Lantern","All Out Attack"],"campfire_rested":0,"item_purchase_floors":[],"current_hp_per_floor":[68,65,65,64,64,64,52,52,52,52,52,52,42,39,39,28,70,69,66,66,66,66,66,65,65,65,65,55,55,55,55,55,32,70,70,70,70,70,70,70,66,66,66,66,66,66,66,66,66,66],"gold":0,"neow_bonus":"","is_prod":false,"is_daily":false,"chose_seed":false,"campfire_upgraded":7,"win_rate":0,"timestamp":1533353802,"path_taken":["M","M","M","M","?","R","E","R","T","$","?","R","E","?","R","BOSS","M","M","?","?","$","R","E","R","T","M","E","R","?","?","R","BOSS","M","?","M","$","?","R","E","R","T","$","?","R","E","?","R","BOSS"],"build_version":"2018-08-02","purchased_purges":0,"victory":true,"max_hp_per_floor":[70,70,70,70,70,70,70,70,70,70,70,70,70,70,70,70,70,70,70,70,70,70,70,70,70,70,70,70,70,70,70,70,70,70,70,70,70,70,70,70,70,70,70,70,70,70,70,70,70,70],"card_choices":[{"not_picked":["Slice","Finisher"],"picked":"Backflip","floor":1.0},{"not_picked":["Backflip","Accuracy"],"picked":"Cloak And Dagger","floor":2.0},{"not_picked":["Dagger Throw","Acrobatics"],"picked":"Leg Sweep","floor":4.0},{"not_picked":["Backflip","Storm of Steel"],"picked":"Outmaneuver","floor":13.0},{"not_picked":["Tools of the Trade","Phantasmal Killer"],"picked":"Die Die Die","floor":16.0},{"not_picked":["Expertise","Predator"],"picked":"Acrobatics","floor":18.0},{"not_picked":["Blur","Quick Slash"],"picked":"Slice","floor":19.0},{"not_picked":["Eviscerate","Predator"],"picked":"Infinite Blades","floor":27.0},{"not_picked":["Dagger Throw","Poisoned Stab"],"picked":"Cloak And Dagger","floor":28.0},{"not_picked":["Night Terror","Corpse Explosion"],"picked":"A Thousand Cuts","floor":33.0},{"not_picked":["Dagger Throw","Flying Knee"],"picked":"Riddle With Holes","floor":35},{"not_picked":["Wraith Form v2+1","Flying Knee"],"picked":"Cloak And Dagger+1","floor":36},{"not_picked":["Flechettes","Finisher+1","Eviscerate+1"],"picked":"SKIP","floor":37},{"not_picked":["Slice+1","Envenom+1","Deflect"],"picked":"SKIP","floor":41},{"not_picked":["Bane","Night Terror"],"picked":"Dagger Throw+1","floor":47}],"player_experience":438758,"relics_obtained":[{"floor":36,"key":"Calipers"},{"floor":41,"key":"Vajra"},{"floor":47,"key":"Bronze Scales"}],"event_choices":[{"event_name":"Liars Game","player_choice":"agreed","floor":5.0,"damage_taken":0.0},{"event_name":"The Cleric","player_choice":"Leave","floor":11.0,"damage_taken":0.0},{"event_name":"Scrap Ooze","player_choice":"success","floor":14.0,"damage_taken":3.0},{"event_name":"N\u0027loth","player_choice":"Traded a Smiling Mask","floor":20.0,"damage_taken":0.0},{"event_name":"The Library","player_choice":"Read","floor":21.0,"damage_taken":0.0},{"event_name":"Addict","player_choice":"Obtained Relic","floor":30.0,"damage_taken":0.0},{"event_name":"Drug Dealer","player_choice":"Ignored","floor":31.0,"damage_taken":0.0},{"event_name":"Mysterious Sphere","player_choice":"Fight","floor":36,"damage_taken":0},{"event_name":"Winding Halls","player_choice":"Writhe","floor":39,"damage_taken":0},{"event_name":"Match and Keep!","player_choice":"1 cards matched","floor":45,"damage_taken":0},{"event_name":"Tomb of Lord Red Mask","player_choice":"Paid","floor":48,"damage_taken":0}],"is_beta":false,"boss_relics":[{"not_picked":["Pandora\u0027s Box","Lizard Tail"],"picked":"Cursed Key"},{"not_picked":["White Beast Statue","Eternal Feather"],"picked":"Sozu"}],"items_purged_floors":[],"is_endless":false,"potions_floor_spawned":[3,4,16,24,28,33,37,41],"ascension_level":0}