{"gold_per_floor":[118,131,141,91,23,40,40,55,124,124,158,158,158,158,158,255,255,265,156,166,166,66,66,84,103,153,185,210,222,12,32,32,132,132,149,63,75,91,91,91,123,123,203,213,213,0,0,18,18,18],"floor_reached":50,"playtime":3910,"items_purged":["Strike_G","Defend_G"],"score":517,"play_id":"29f1d09e-60b8-45dd-9878-ba717cddc3bc","local_time":"20181208150550","is_ascension_mode":true,"campfire_choices":[{"data":"Noxious Fumes","floor":10,"key":"SMITH"},{"data":"Noxious Fumes","floor":13,"key":"SMITH"},{"floor":15,"key":"REST"},{"data":"Envenom","floor":23,"key":"SMITH"},{"floor":29,"key":"REST"},{"floor":32,"key":"REST"},{"data":"Bane","floor":40,"key":"SMITH"},{"floor":42,"key":"REST"},{"floor":45,"key":"REST"},{"floor":47,"key":"REST"},{"data":"Noxious Fumes","floor":49,"key":"SMITH"}],"neow_cost":"NONE","seed_source_timestamp":494893248503424,"circlet_count":0,"master_deck":["Defend_G","Strike_G","Strike_G","Strike_G","Strike_G","Survivor","Neutralize","Deflect","Noxious Fumes+1","Noxious Fumes+1","Deflect+1","Envenom+1","Well Laid Plans","Bane+1","Backflip+1","Corpse Explosion","Poisoned Stab","Bouncing Flask","Blur+1","Malaise","Poisoned Stab+1","Blind","PiercingWail+1","Dash","PiercingWail","Noxious Fumes+1"],"relics":["Ring of the Serpent","NeowsBlessing","Dodecahedron","Du-Vu Doll","Centennial Puzzle","Empty Cage","Strawberry","MawBank","Blood Vial","Gambling Chip","Molten Egg 2","Red Mask"],"potions_floor_usage":[6,11,25,28,28,31,31,33,41,50,50],"damage_taken":[{"damage":0,"enemies":"Small Slimes","floor":1,"turns":1},{"damage":0,"enemies":"2 Louse","floor":2,"turns":1},{"damage":0,"enemies":"Cultist","floor":3,"turns":1},{"damage":11,"enemies":"Exordium Thugs","floor":6,"turns":6},{"damage":4,"enemies":"Red Slaver","floor":8,"turns":6},{"damage":6,"enemies":"Lagavulin","floor":11,"turns":7},{"damage":27,"enemies":"Hexaghost","floor":16,"turns":9},{"damage":5,"enemies":"3 Byrds","floor":18,"turns":4},{"damage":4,"enemies":"Chosen","floor":20,"turns":5},{"damage":8,"enemies":"Snake Plant","floor":24,"turns":4},{"damage":18,"enemies":"3 Cultists","floor":25,"turns":5},{"damage":47,"enemies":"Gremlin Leader","floor":27,"turns":6},{"damage":8,"enemies":"Centurion and Healer","floor":28,"turns":4},{"damage":12,"enemies":"Snecko","floor":31,"turns":4},{"damage":32,"enemies":"Collector","floor":33,"turns":9},{"damage":22,"enemies":"Orb Walker","floor":35,"turns":5},{"damage":23,"enemies":"3 Darklings","floor":37,"turns":4},{"damage":19,"enemies":"Transient","floor":38,"turns":5},{"damage":53,"enemies":"Giant Head","floor":41,"turns":9},{"damage":9,"enemies":"Sphere and 2 Shapes","floor":44,"turns":6},{"damage":3,"enemies":"Maw","floor":48,"turns":7},{"damage":73,"enemies":"Donu and Deca","floor":50,"turns":6}],"seed_played":"2764789797765322097","potions_obtained":[{"floor":2,"key":"Strength Potion"},{"floor":3,"key":"Weak Potion"},{"floor":11,"key":"SneckoOil"},{"floor":20,"key":"Regen Potion"},{"floor":25,"key":"Fire Potion"},{"floor":27,"key":"Weak Potion"},{"floor":28,"key":"Energy Potion"},{"floor":31,"key":"LiquidBronze"},{"floor":37,"key":"FearPotion"},{"floor":41,"key":"Ancient Potion"},{"floor":44,"key":"AttackPotion"}],"is_trial":false,"path_per_floor":["M","M","M","?","$","M","?","M","T","R","E","?","R","?","R","B",null,"M","$","M","?","$","R","M","M","T","E","M","R","$","M","R","B",null,"M","$","M","M","?","R","E","R","T","M","R","?","R","M","R","B"],"character_chosen":"THE_SILENT","items_purchased":["Noxious Fumes","Well Laid Plans","Bouncing Flask","Blood Vial","Blind"],"campfire_rested":6,"item_purchase_floors":[5,19,30,30,36],"current_hp_per_floor":[70,70,70,70,70,59,59,55,55,55,49,49,49,49,70,43,70,65,65,61,61,61,61,53,50,57,10,2,25,25,15,38,8,77,55,55,34,17,67,67,14,34,34,27,47,47,67,64,64,0],"gold":18,"neow_bonus":"THREE_ENEMY_KILL","is_prod":false,"is_daily":false,"chose_seed":false,"campfire_upgraded":5,"win_rate":0,"timestamp":1544295950,"path_taken":["M","M","M","?","$","M","?","M","T","R","E","?","R","?","R","BOSS","M","$","?","?","$","R","M","?","T","E","?","R","?","M","R","BOSS","M","$","M","M","?","R","E","R","T","M","R","?","R","M","R","BOSS"],"build_version":"2018-12-06","purchased_purges":2,"victory":false,"max_hp_per_floor":[70,70,70,70,70,70,70,70,70,70,70,70,70,70,70,70,70,70,70,70,70,70,70,70,70,77,77,77,77,77,77,77,77,77,77,77,77,77,67,67,67,67,67,67,67,67,67,67,67,67],"card_choices":[{"not_picked":["Flying Knee","Slice","Flechettes"],"picked":"SKIP","floor":1},{"not_picked":["Flechettes","Quick Slash"],"picked":"Deflect","floor":2},{"not_picked":["Infinite Blades","Dagger Throw"],"picked":"Prepared","floor":3},{"not_picked":["Dagger Throw","Choke","Cloak And Dagger"],"picked":"SKIP","floor":6},{"not_picked":["Crippling Poison","Slice"],"picked":"Noxious Fumes","floor":8},{"not_picked":["Escape Plan","Dagger Throw"],"picked":"Deflect","floor":11},{"not_picked":["Venomology","Burst"],"picked":"Envenom","floor":16},{"not_picked":["Accuracy","Dodge and Roll","Underhanded Strike"],"picked":"SKIP","floor":18},{"not_picked":["Choke","Distraction+1"],"picked":"Bane","floor":20},{"not_picked":["Deflect","Prepared"],"picked":"Backflip+1","floor":24},{"not_picked":["Cloak And Dagger+1","Dagger Throw"],"picked":"Corpse Explosion","floor":25},{"not_picked":["Footwork","Deflect"],"picked":"Poisoned Stab","floor":27},{"not_picked":["Dodge and Roll","Calculated Gamble","Finisher"],"picked":"SKIP","floor":28},{"not_picked":["Accuracy","Blade Dance"],"picked":"Blur+1","floor":31},{"not_picked":["Burst","Storm of Steel"],"picked":"Malaise","floor":33},{"not_picked":["Accuracy","Tactician+1"],"picked":"Poisoned Stab+1","floor":35},{"not_picked":["Dagger Throw+1","Dagger Spray+1"],"picked":"PiercingWail+1","floor":37},{"not_picked":["Slice+1","Calculated Gamble+1"],"picked":"Dash","floor":38},{"not_picked":["Cloak And Dagger+1","Storm of Steel"],"picked":"PiercingWail","floor":41},{"not_picked":["Cloak And Dagger","Blade Dance","Flying Knee+1"],"picked":"SKIP","floor":44},{"not_picked":["Poisoned Stab+1","Heel Hook+1"],"picked":"Noxious Fumes","floor":48}],"player_experience":82545,"relics_obtained":[{"floor":9,"key":"Dodecahedron"},{"floor":11,"key":"Du-Vu Doll"},{"floor":26,"key":"Strawberry"},{"floor":27,"key":"MawBank"},{"floor":41,"key":"Gambling Chip"},{"floor":43,"key":"Molten Egg 2"}],"event_choices":[{"cards_removed":["Defend_G"],"damage_healed":0,"gold_gain":0,"player_choice":"Card Removal","damage_taken":0,"max_hp_gain":0,"max_hp_loss":0,"event_name":"The Cleric","floor":4,"gold_loss":50},{"damage_healed":0,"gold_gain":0,"player_choice":"Fled","damage_taken":0,"max_hp_gain":0,"max_hp_loss":0,"event_name":"Scrap Ooze","floor":7,"gold_loss":0},{"damage_healed":0,"gold_gain":0,"player_choice":"Searched \u00272\u0027 times","damage_taken":0,"relics_obtained":["Centennial Puzzle"],"max_hp_gain":0,"max_hp_loss":0,"event_name":"Dead Adventurer","floor":12,"gold_loss":0},{"damage_healed":0,"gold_gain":0,"player_choice":"Forge","damage_taken":0,"max_hp_gain":0,"max_hp_loss":0,"event_name":"Accursed Blacksmith","floor":14,"gold_loss":0,"cards_upgraded":["Deflect"]},{"cards_removed":["Prepared"],"damage_healed":0,"gold_gain":0,"player_choice":"Purged","damage_taken":0,"max_hp_gain":0,"max_hp_loss":0,"event_name":"Purifier","floor":21,"gold_loss":0},{"damage_healed":67,"gold_gain":0,"player_choice":"Heal","damage_taken":0,"max_hp_gain":0,"max_hp_loss":10,"event_name":"The Moai Head","floor":39,"gold_loss":0},{"damage_healed":0,"gold_gain":0,"player_choice":"Paid","damage_taken":0,"relics_obtained":["Red Mask"],"max_hp_gain":0,"max_hp_loss":0,"event_name":"Tomb of Lord Red Mask","floor":46,"gold_loss":213}],"is_beta":false,"boss_relics":[{"not_picked":["Runic Dome","Eternal Feather"],"picked":"Empty Cage"},{"not_picked":["Calling Bell","Sozu"],"picked":"Ring of the Serpent"}],"items_purged_floors":[19,22],"is_endless":false,"potions_floor_spawned":[2,3,11,20,25,27,28,31,37,41,44],"killed_by":"Donu and Deca","ascension_level":1}