{"gold_per_floor":[112,123,22,41,12,12,70,82,82,100,100,113,113,113,113,113],"floor_reached":16,"playtime":504,"items_purged":["Shame"],"score":184,"play_id":"a2bd64a0-59a5-40f6-b9b6-e2d8e9a2305c","local_time":"20180927224851","is_ascension_mode":true,"campfire_choices":[{"data":"Noxious Fumes","floor":6.0,"key":"SMITH"},{"floor":11,"key":"REST"},{"data":"1","floor":13,"key":"LIFT"},{"data":"2","floor":15,"key":"LIFT"}],"neow_cost":"CURSE","seed_source_timestamp":153511706866941,"circlet_count":0,"master_deck":["Defend_G","Defend_G","Defend_G","Defend_G","Defend_G","Strike_G","Strike_G","Strike_G","Strike_G","Strike_G","Survivor","Neutralize","AscendersBane","Burst","Poisoned Stab","PiercingWail","Noxious Fumes+1","Dagger Spray","Endless Agony","Blade Dance"],"special_seed":0,"relics":["Ring of the Snake","Girya","FossilizedHelix"],"potions_floor_usage":[8,12],"damage_taken":[{"damage":16.0,"enemies":"Cultist","floor":1.0,"turns":6.0},{"damage":2.0,"enemies":"2 Louse","floor":2.0,"turns":3.0},{"damage":4.0,"enemies":"Small Slimes","floor":4.0,"turns":5.0},{"damage":24.0,"enemies":"3 Sentries","floor":7.0,"turns":7.0},{"damage":25,"enemies":"Exordium Thugs","floor":8,"turns":5},{"damage":0,"enemies":"Lots of Slimes","floor":10,"turns":3},{"damage":12,"enemies":"Gremlin Gang","floor":12,"turns":2},{"damage":12,"enemies":"The Guardian","floor":16,"turns":10}],"seed_played":"4161988984899227724","potions_obtained":[{"floor":2.0,"key":"Ancient Potion"},{"floor":7.0,"key":"FairyPotion"},{"floor":10,"key":"Strength Potion"}],"is_trial":false,"path_per_floor":["M","M","$","M","$","R","?","M","T","M","R","M","R","?","R"],"character_chosen":"THE_SILENT","items_purchased":["PiercingWail","Dagger Spray"],"campfire_rested":1,"item_purchase_floors":[3,5],"current_hp_per_floor":[43,41,41,37,37,37,13,6,6,6,25,13,13,13,13,1],"gold":113,"neow_bonus":"THREE_RARE_CARDS","is_prod":false,"is_daily":false,"chose_seed":false,"campfire_upgraded":1,"win_rate":0,"timestamp":1538102931,"path_taken":["M","M","$","M","?","R","?","M","T","M","R","M","R","?","R","BOSS"],"build_version":"2018-09-26v2","purchased_purges":1,"victory":false,"max_hp_per_floor":[66,66,66,66,66,66,66,66,66,66,66,66,66,66,66,66],"card_choices":[{"not_picked":["Storm of Steel","Venomology"],"picked":"Burst","floor":0.0},{"not_picked":["Dodge and Roll","PiercingWail"],"picked":"Poisoned Stab","floor":1.0},{"not_picked":["Acrobatics","Choke","Tactician"],"picked":"SKIP","floor":2.0},{"not_picked":["Dagger Spray","Expertise"],"picked":"Noxious Fumes","floor":4.0},{"not_picked":["All Out Attack","Slice"],"picked":"Endless Agony","floor":7.0},{"not_picked":["Flying Knee","Bane","Choke"],"picked":"SKIP","floor":8},{"not_picked":["Poisoned Stab","Outmaneuver","Heel Hook"],"picked":"SKIP","floor":10},{"not_picked":["Underhanded Strike","Flechettes"],"picked":"Blade Dance","floor":12}],"player_experience":630620,"relics_obtained":[{"floor":7.0,"key":"Girya"},{"floor":9,"key":"FossilizedHelix"}],"event_choices":[{"event_name":"Dead Adventurer","player_choice":"Searched \u00272\u0027 times","floor":7.0,"damage_taken":0.0},{"event_name":"Shining Light","player_choice":"Ignored","floor":14,"damage_taken":0}],"is_beta":true,"boss_relics":[],"items_purged_floors":[3],"is_endless":false,"potions_floor_spawned":[2,7,10],"killed_by":"The Guardian","ascension_level":20}