{"gold_per_floor":[118,43,59,39,53,53,85,85,136,136,153,167,185,185,185,282,282,297,222,75,75],"floor_reached":21,"playtime":1589,"items_purged":["Defend_B"],"score":197,"play_id":"678be57a-9f8e-4e71-b578-d9c18efc7998","local_time":"20181215094022","is_ascension_mode":true,"campfire_choices":[{"floor":6,"key":"REST"},{"data":"Dualcast","floor":8,"key":"SMITH"},{"data":"Zap","floor":10,"key":"SMITH"},{"floor":15,"key":"REST"}],"neow_cost":"PERCENT_DAMAGE","seed_source_timestamp":230316590347233,"circlet_count":0,"master_deck":["Strike_B","Strike_B","Strike_B","Defend_B","Defend_B","Zap+1","Dualcast+1","Leap","Reprogram","Static Discharge","Cold Snap","Conserve Battery","Darkness","Defragment","Double Energy","Creative AI","Redo","Defragment","Consume"],"relics":["Cracked Core","Blood Vial","Regal Pillow","Peace Pipe","Eternal Feather"],"potions_floor_usage":[7,16,16,18],"damage_taken":[{"damage":2,"enemies":"Jaw Worm","floor":1,"turns":3},{"damage":1,"enemies":"Cultist","floor":3,"turns":4},{"damage":0,"enemies":"2 Louse","floor":5,"turns":2},{"damage":22,"enemies":"3 Sentries","floor":7,"turns":5},{"damage":4,"enemies":"Looter","floor":11,"turns":4},{"damage":20,"enemies":"Exordium Thugs","floor":12,"turns":5},{"damage":2,"enemies":"2 Fungi Beasts","floor":13,"turns":3},{"damage":41,"enemies":"Slime Boss","floor":16,"turns":11},{"damage":13,"enemies":"Spheric Guardian","floor":18,"turns":5},{"damage":38,"enemies":"2 Thieves","floor":19,"turns":5},{"damage":35,"enemies":"Centurion and Healer","floor":21,"turns":5}],"seed_played":"471193931412089716","potions_obtained":[{"floor":3,"key":"AttackPotion"},{"floor":4,"key":"Strength Potion"},{"floor":11,"key":"SteroidPotion"},{"floor":16,"key":"SkillPotion"}],"is_trial":false,"path_per_floor":["M","$","M","?","M","R","E","R","T","R","M","M","M","?","R","B",null,"M","M","$","M"],"character_chosen":"DEFECT","items_purchased":["Reprogram","Consume"],"campfire_rested":2,"item_purchase_floors":[2,20],"current_hp_per_floor":[52,52,51,51,51,73,51,51,51,51,49,31,31,28,65,26,75,62,26,26,0],"gold":75,"neow_bonus":"REMOVE_TWO","is_prod":false,"is_daily":false,"chose_seed":false,"campfire_upgraded":2,"win_rate":0,"timestamp":1544881222,"path_taken":["M","$","M","?","?","R","E","R","T","R","M","M","M","?","R","BOSS","M","M","$","M"],"build_version":"2018-12-13","purchased_purges":1,"victory":false,"max_hp_per_floor":[75,75,75,75,75,75,75,75,75,75,75,75,75,75,75,75,75,75,75,75,75],"card_choices":[{"not_picked":["Streamline","Barrage"],"picked":"Leap","floor":1},{"not_picked":["Streamline","Doom and Gloom"],"picked":"Static Discharge","floor":3},{"not_picked":["Melter","Gash"],"picked":"Cold Snap","floor":5},{"not_picked":["Leap","Beam Cell"],"picked":"Conserve Battery","floor":7},{"not_picked":["Streamline","Gash"],"picked":"Darkness","floor":11},{"not_picked":["Chaos","Turbo"],"picked":"Defragment","floor":12},{"not_picked":["White Noise","Hologram"],"picked":"Double Energy","floor":13},{"not_picked":["Meteor Strike","Seek"],"picked":"Creative AI","floor":16},{"not_picked":["Beam Cell+1","Compile Driver"],"picked":"Redo","floor":18},{"not_picked":["Force Field","Beam Cell"],"picked":"Defragment","floor":19}],"player_experience":113441,"relics_obtained":[{"floor":7,"key":"Blood Vial"},{"floor":9,"key":"Regal Pillow"}],"event_choices":[{"damage_healed":0,"gold_gain":0,"player_choice":"Bought 1 Potion","damage_taken":0,"max_hp_gain":0,"max_hp_loss":0,"event_name":"The Woman in Blue","floor":4,"gold_loss":0},{"damage_healed":0,"gold_gain":0,"player_choice":"Success","damage_taken":3,"relics_obtained":["Peace Pipe"],"max_hp_gain":0,"max_hp_loss":0,"event_name":"Scrap Ooze","floor":14,"gold_loss":0}],"is_beta":false,"boss_relics":[{"not_picked":["Snecko Eye","Black Star"],"picked":"Eternal Feather"}],"items_purged_floors":[20],"is_endless":false,"potions_floor_spawned":[3,11,16],"killed_by":"Centurion and Healer","ascension_level":2}