{"gold_per_floor":[109,59,59,76,76,86,86,97,176,191,207,240,240,260,260,260],"floor_reached":16,"playtime":1318,"items_purged":[],"score":104,"play_id":"1c0a12c5-a25b-4059-838c-b53a587cc8d8","local_time":"20181125101559","is_ascension_mode":false,"campfire_choices":[{"data":"Cleave","floor":7,"key":"SMITH"},{"floor":13,"key":"REST"},{"floor":15,"key":"REST"}],"neow_cost":"NONE","seed_source_timestamp":768620156776482,"circlet_count":0,"master_deck":["Strike_R","Strike_R","Strike_R","Strike_R","Defend_R","Defend_R","Defend_R","Defend_R","Bash","Entrench","Cleave+1","Flame Barrier","Body Slam","Shrug It Off","Whirlwind","Feed"],"relics":["Burning Blood","Letter Opener","Potion Belt"],"potions_floor_usage":[12,14,16,16],"damage_taken":[{"damage":0,"enemies":"Small Slimes","floor":1,"turns":3},{"damage":11,"enemies":"Jaw Worm","floor":4,"turns":7},{"damage":2,"enemies":"2 Louse","floor":6,"turns":2},{"damage":13,"enemies":"Blue Slaver","floor":8,"turns":6},{"damage":15,"enemies":"Exordium Thugs","floor":10,"turns":6},{"damage":0,"enemies":"3 Louse","floor":11,"turns":1},{"damage":54,"enemies":"Lagavulin","floor":12,"turns":10},{"damage":14,"enemies":"Large Slime","floor":14,"turns":8},{"damage":77,"enemies":"Hexaghost","floor":16,"turns":14}],"seed_played":"5466966239343967037","potions_obtained":[{"floor":4,"key":"Swift Potion"},{"floor":8,"key":"Poison Potion"},{"floor":11,"key":"Swift Potion"},{"floor":14,"key":"SpeedPotion"}],"is_trial":false,"path_per_floor":["M","?","?","M","?","M","R","M","T","M","M","E","R","M","R","B"],"character_chosen":"IRONCLAD","items_purchased":[],"campfire_rested":2,"item_purchase_floors":[],"current_hp_per_floor":[80,80,80,75,80,84,84,77,77,68,74,26,51,46,72,0],"gold":260,"neow_bonus":"THREE_CARDS","is_prod":false,"is_daily":false,"chose_seed":false,"campfire_upgraded":1,"win_rate":0.0,"timestamp":1543155359,"path_taken":["M","?","?","M","?","M","R","M","T","M","M","E","R","M","R","BOSS"],"build_version":"2018-11-15","purchased_purges":0,"victory":false,"max_hp_per_floor":[80,80,80,80,85,85,85,85,85,85,85,85,85,88,88,88],"card_choices":[{"not_picked":["Twin Strike","Thunderclap"],"picked":"Entrench","floor":0},{"not_picked":["Battle Trance","Pommel Strike"],"picked":"Cleave","floor":1},{"not_picked":["Thunderclap","True Grit"],"picked":"Flame Barrier","floor":4},{"not_picked":["Corruption","Iron Wave"],"picked":"Body Slam","floor":6},{"not_picked":["True Grit","Pommel Strike"],"picked":"Shrug It Off","floor":8},{"not_picked":["Armaments","Thunderclap"],"picked":"Whirlwind","floor":10},{"not_picked":["Clash","Shockwave","Flex"],"picked":"SKIP","floor":11},{"not_picked":["Clothesline","Dropkick"],"picked":"Feed","floor":12},{"not_picked":["True Grit","Dropkick","Perfected Strike"],"picked":"SKIP","floor":14}],"player_experience":36879,"relics_obtained":[{"floor":9,"key":"Letter Opener"},{"floor":12,"key":"Potion Belt"}],"event_choices":[{"cards_removed":["Strike_R"],"damage_healed":0,"gold_gain":0,"player_choice":"Card Removal","damage_taken":0,"max_hp_gain":0,"max_hp_loss":0,"event_name":"The Cleric","floor":2,"gold_loss":50},{"damage_healed":0,"gold_gain":0,"player_choice":"Ignored","damage_taken":0,"max_hp_gain":0,"max_hp_loss":0,"event_name":"Liars Game","floor":3,"gold_loss":0},{"damage_healed":0,"gold_gain":0,"player_choice":"Donut","damage_taken":0,"max_hp_gain":5,"max_hp_loss":0,"event_name":"Big Fish","floor":5,"gold_loss":0}],"is_beta":false,"boss_relics":[],"items_purged_floors":[],"is_endless":false,"potions_floor_spawned":[4,8,11,14],"killed_by":"Hexaghost","ascension_level":0}