{"gold_per_floor":[17,36,36,36,52,52,87,87,139,166,166,185,235,56,56,157,157,174,161,161,161,161,161,179,196,196,196,295,14,25,43,43,140,140,158,173,1172,1172,1202,1221,1221,762,762,762,795,809,425,425,425,425],"floor_reached":51,"playtime":1890,"items_purged":["Strike_B","Shame","Normality","Pain"],"score":1097,"play_id":"67dde6a7-5f11-4de0-888c-4f40db0d6c27","local_time":"20190419154743","is_ascension_mode":true,"campfire_choices":[{"data":"Hologram","floor":6,"key":"SMITH"},{"data":"Rainbow","floor":11,"key":"SMITH"},{"data":"Dualcast","floor":15,"key":"SMITH"},{"data":"Rainbow","floor":23,"key":"SMITH"},{"data":"Go for the Eyes","floor":27,"key":"SMITH"},{"floor":32,"key":"REST"},{"data":"Thunder Strike","floor":41,"key":"SMITH"},{"data":"Rainbow","floor":44,"key":"SMITH"},{"floor":49,"key":"REST"}],"neow_cost":"NO_GOLD","seed_source_timestamp":1733129356115,"circlet_count":0,"master_deck":["AscendersBane","Zap+1","Dualcast+1","Rainbow+1","Hologram+1","Capacitor","Reinforced Body","Cold Snap","Conserve Battery","Hello World","Go for the Eyes+1","Hello World","Hologram+1","Rainbow+1","Ghostly","Ghostly","Ghostly","Ghostly","Ghostly","Parasite","Rainbow+1","Skim","Hello World","Electrodynamics","Thunder Strike+1","Reprogram","Rip and Tear","FTL","Biased Cognition","Stack+1","Clumsy","Apotheosis","Consume+1","Ball Lightning"],"relics":["Cracked Core","Boot","Blood Vial","Vajra","Odd Mushroom","Ancient Tea Set","Cursed Key","PreservedInsect","Thread and Needle","Membership Card","Pandora\u0027s Box","Tiny Chest","Juzu Bracelet","Chemical X","DataDisk","Bag of Preparation","Question Card","Lantern","War Paint","MealTicket"],"potions_floor_usage":[5,7,10,19,30,33,50],"damage_taken":[{"damage":0,"enemies":"Small Slimes","floor":1,"turns":3},{"damage":2,"enemies":"2 Louse","floor":2,"turns":3},{"damage":2,"enemies":"Jaw Worm","floor":5,"turns":3},{"damage":8,"enemies":"Lagavulin","floor":7,"turns":5},{"damage":7,"enemies":"The Mushroom Lair","floor":10,"turns":5},{"damage":0,"enemies":"Large Slime","floor":12,"turns":5},{"damage":27,"enemies":"The Guardian","floor":16,"turns":10},{"damage":10,"enemies":"3 Byrds","floor":18,"turns":4},{"damage":23,"enemies":"2 Thieves","floor":19,"turns":4},{"damage":0,"enemies":"Sentry and Sphere","floor":24,"turns":6},{"damage":14,"enemies":"3 Cultists","floor":25,"turns":7},{"damage":4,"enemies":"Shelled Parasite and Fungi","floor":30,"turns":6},{"damage":0,"enemies":"Cultist and Chosen","floor":31,"turns":7},{"damage":22,"enemies":"Champ","floor":33,"turns":11},{"damage":0,"enemies":"Orb Walker","floor":35,"turns":3},{"damage":0,"enemies":"3 Darklings","floor":36,"turns":6},{"damage":0,"enemies":"Spire Growth","floor":40,"turns":7},{"damage":10,"enemies":"Nemesis","floor":45,"turns":6},{"damage":4,"enemies":"Transient","floor":46,"turns":5},{"damage":22,"enemies":"Awakened One","floor":50,"turns":14}],"seed_played":"4929314046442215530","potions_obtained":[{"floor":1,"key":"Swift Potion"},{"floor":2,"key":"FearPotion"},{"floor":7,"key":"EssenceOfSteel"},{"floor":16,"key":"EssenceOfSteel"},{"floor":25,"key":"AttackPotion"},{"floor":30,"key":"FocusPotion"},{"floor":45,"key":"Dexterity Potion"},{"floor":46,"key":"FairyPotion"}],"is_trial":false,"path_per_floor":["M","M","?","?","M","R","E","?","T","?","R","M","T","$","R","B",null,"M","M","?","?","?","R","M","M","T","R","?","$","M","M","R","B",null,"M","M","?","?","T","M","R","$","T","R","E","M","$","?","R","B",null],"character_chosen":"DEFECT","items_purchased":["Hello World","Hologram","Membership Card","Rainbow","Juzu Bracelet","Chemical X","Fire Potion","DataDisk","SpeedPotion","Apotheosis","Lantern","War Paint","MealTicket","EssenceOfSteel","Ball Lightning"],"campfire_rested":2,"item_purchase_floors":[14,14,29,29,42,42,42,42,42,42,47,47,47,47,47],"current_hp_per_floor":[68,66,66,71,69,69,61,54,54,49,49,51,51,51,51,26,67,59,38,38,38,34,34,36,24,24,24,24,24,22,24,36,16,34,36,38,38,38,38,40,40,40,40,40,30,28,28,28,40,18],"gold":425,"neow_bonus":"TRANSFORM_TWO_CARDS","is_prod":false,"is_daily":false,"chose_seed":false,"campfire_upgraded":7,"win_rate":0,"timestamp":1555710463,"path_taken":["M","M","?","?","M","R","E","?","T","?","R","M","?","$","R","BOSS","M","M","?","?","?","R","?","M","T","R","?","$","M","M","R","BOSS","M","M","?","?","?","M","R","$","T","R","E","M","$","?","R","BOSS"],"build_version":"2019-01-23","purchased_purges":4,"victory":true,"max_hp_per_floor":[75,75,75,80,80,80,80,80,80,80,80,80,80,80,80,80,80,80,80,80,40,40,40,40,40,40,40,40,40,40,40,40,40,40,40,40,40,40,40,40,40,40,40,40,40,40,40,40,40,40],"card_choices":[{"not_picked":["Compile Driver","Cold Snap"],"picked":"Capacitor","floor":1},{"not_picked":["Hologram","Redo"],"picked":"Reinforced Body","floor":2},{"not_picked":["Compile Driver","Coolheaded"],"picked":"Cold Snap","floor":5},{"not_picked":["Blizzard","Double Energy"],"picked":"Conserve Battery","floor":7},{"not_picked":["Sunder","Conserve Battery"],"picked":"Hello World","floor":10},{"not_picked":["Skim","Hologram"],"picked":"Go for the Eyes","floor":12},{"not_picked":["Buffer","Machine Learning"],"picked":"Rainbow","floor":16},{"not_picked":["Melter","Rip and Tear","Barrage"],"picked":"SKIP","floor":18},{"not_picked":["Steam","Gash+1","Undo"],"picked":"SKIP","floor":19},{"not_picked":["Barrage","Rebound","Turbo+1"],"picked":"SKIP","floor":24},{"not_picked":["Redo","Streamline","Lockon"],"picked":"SKIP","floor":25},{"not_picked":["FTL","Beam Cell"],"picked":"Skim","floor":30},{"not_picked":["Doom and Gloom","Steam Power"],"picked":"Hello World","floor":31},{"not_picked":["Echo Form","Reboot"],"picked":"Electrodynamics","floor":33},{"not_picked":["Hologram","Conserve Battery"],"picked":"Stack","floor":35},{"not_picked":["Beam Cell","Streamline","Gash"],"picked":"SKIP","floor":36},{"not_picked":["Stack","Steam","Cold Snap"],"picked":"SKIP","floor":40},{"not_picked":["Storm","Buffer"],"picked":"Consume+1","floor":45},{"not_picked":["Ball Lightning","Conserve Battery+1","Compile Driver+1","Stack+1"],"picked":"SKIP","floor":46}],"player_experience":1253027,"relics_obtained":[{"floor":7,"key":"Boot"},{"floor":9,"key":"Vajra"},{"floor":10,"key":"Odd Mushroom"},{"floor":13,"key":"Ancient Tea Set"},{"floor":26,"key":"Thread and Needle"},{"floor":39,"key":"Tiny Chest"},{"floor":43,"key":"Bag of Preparation"},{"floor":45,"key":"Question Card"}],"event_choices":[{"damage_healed":0,"gold_gain":0,"player_choice":"Grow","damage_taken":0,"max_hp_gain":0,"max_hp_loss":0,"event_name":"Living Wall","floor":3,"gold_loss":0,"cards_upgraded":["Zap"]},{"damage_healed":0,"gold_gain":0,"player_choice":"Donut","damage_taken":0,"max_hp_gain":5,"max_hp_loss":0,"event_name":"Big Fish","floor":4,"gold_loss":0},{"damage_healed":0,"gold_gain":0,"player_choice":"Success","damage_taken":7,"relics_obtained":["Blood Vial"],"max_hp_gain":0,"max_hp_loss":0,"event_name":"Scrap Ooze","floor":8,"gold_loss":0},{"damage_healed":0,"gold_gain":0,"player_choice":"Fought Mushrooms","damage_taken":0,"max_hp_gain":0,"max_hp_loss":0,"event_name":"Mushrooms","floor":10,"gold_loss":0},{"damage_healed":0,"gold_gain":0,"player_choice":"Stole Relic","damage_taken":0,"relics_obtained":["PreservedInsect"],"max_hp_gain":0,"max_hp_loss":0,"event_name":"Addict","floor":20,"gold_loss":0,"cards_obtained":["Shame"]},{"damage_healed":0,"gold_gain":0,"player_choice":"Became a Ghost","damage_taken":0,"max_hp_gain":0,"max_hp_loss":40,"event_name":"Ghosts","floor":21,"gold_loss":0,"cards_obtained":["Ghostly","Ghostly","Ghostly","Ghostly","Ghostly"]},{"damage_healed":0,"gold_gain":0,"player_choice":"Damaged","damage_taken":4,"max_hp_gain":0,"max_hp_loss":0,"event_name":"Wheel of Change","floor":22,"gold_loss":0},{"damage_healed":0,"gold_gain":99,"player_choice":"Stole From Cult","damage_taken":0,"max_hp_gain":0,"max_hp_loss":0,"event_name":"Nest","floor":28,"gold_loss":0},{"damage_healed":0,"gold_gain":999,"player_choice":"Gold","damage_taken":0,"max_hp_gain":0,"max_hp_loss":0,"event_name":"MindBloom","floor":37,"gold_loss":0,"cards_obtained":["Normality","Normality"]},{"damage_healed":0,"gold_gain":0,"player_choice":"Ignored","damage_taken":0,"max_hp_gain":0,"max_hp_loss":0,"event_name":"Mysterious Sphere","floor":38,"gold_loss":0},{"cards_removed":["Normality"],"damage_healed":0,"gold_gain":0,"player_choice":"Purged","damage_taken":0,"max_hp_gain":0,"max_hp_loss":0,"event_name":"Purifier","floor":48,"gold_loss":0}],"is_beta":false,"boss_relics":[{"not_picked":["Eternal Feather","Inserter"],"picked":"Cursed Key"},{"not_picked":["Lizard Tail","White Beast Statue"],"picked":"Pandora\u0027s Box"}],"items_purged_floors":[14,29,42,47],"is_endless":false,"potions_floor_spawned":[1,2,7,16,25,30,45,46],"ascension_level":12}