{"gold_per_floor":[116,128,143,0,0,43,43,77,77,101,124,145,43,122,122,220,220,234,234,36,50,68,68,92,111,111,111,129,129,145,156,156,233,233,248,264,158,158,209,209,234,234,287,313,313,313,325,325,325,325],"floor_reached":51,"playtime":3035,"items_purged":["Strike_G","Strike_G"],"score":1196,"play_id":"3105b7f3-aadb-439f-8449-de271be4bdd4","local_time":"20180810013145","is_ascension_mode":true,"campfire_choices":[{"data":"Glass Knife","floor":7.0,"key":"SMITH"},{"data":"Noxious Fumes","floor":15.0,"key":"SMITH"},{"data":"Footwork","floor":23.0,"key":"SMITH"},{"data":"A Thousand Cuts","floor":27.0,"key":"SMITH"},{"floor":32.0,"key":"REST"},{"data":"Adrenaline","floor":40.0,"key":"SMITH"},{"data":"Footwork","floor":42.0,"key":"SMITH"},{"floor":45,"key":"REST"},{"data":"After Image","floor":49,"key":"SMITH"}],"neow_cost":"NONE","seed_source_timestamp":16746880257286,"circlet_count":0,"master_deck":["Defend_G","Defend_G","Defend_G","Defend_G","Defend_G","Survivor","Neutralize","AscendersBane","Acrobatics","Dagger Throw","Dagger Spray","Predator","Noxious Fumes+1","Glass Knife+1","A Thousand Cuts+1","PiercingWail","Deflect","Dodge and Roll","Adrenaline+1","Escape Plan","Sucker Punch","Backflip","Footwork+1","Backflip+1","After Image+1","PiercingWail+1","Catalyst+1","Noxious Fumes","Cloak And Dagger+1","Writhe","Footwork+1","A Thousand Cuts+1","Footwork+1","PiercingWail+1"],"special_seed":0,"relics":["Ring of the Snake","Bloody Idol","Turnip","Meat on the Bone","Mango","Bag of Marbles","Empty Cage","Toxic Egg 2","Philosopher\u0027s Stone","StoneCalendar","Blue Candle","Bronze Scales","Prayer Wheel"],"potions_floor_usage":[50],"damage_taken":[{"damage":4.0,"enemies":"Jaw Worm","floor":1.0,"turns":6.0},{"damage":1.0,"enemies":"2 Louse","floor":2.0,"turns":3.0},{"damage":0.0,"enemies":"Cultist","floor":3.0,"turns":3.0},{"damage":22.0,"enemies":"3 Sentries","floor":6.0,"turns":6.0},{"damage":28.0,"enemies":"Lagavulin","floor":8.0,"turns":7.0},{"damage":7.0,"enemies":"3 Louse","floor":10.0,"turns":3.0},{"damage":0.0,"enemies":"Exordium Wildlife","floor":11.0,"turns":2.0},{"damage":8.0,"enemies":"Large Slime","floor":12.0,"turns":5.0},{"damage":34.0,"enemies":"Lagavulin Event","floor":14.0,"turns":6.0},{"damage":10.0,"enemies":"Hexaghost","floor":16.0,"turns":10.0},{"damage":9.0,"enemies":"Shell Parasite","floor":18.0,"turns":6.0},{"damage":16.0,"enemies":"2 Thieves","floor":21.0,"turns":5.0},{"damage":15.0,"enemies":"Centurion and Healer","floor":22.0,"turns":12.0},{"damage":4.0,"enemies":"Sentry and Sphere","floor":24.0,"turns":6.0},{"damage":11.0,"enemies":"Snake Plant","floor":25.0,"turns":7.0},{"damage":25.0,"enemies":"Cultist and Chosen","floor":28.0,"turns":7.0},{"damage":13.0,"enemies":"Centurion and Healer","floor":30.0,"turns":10.0},{"damage":3.0,"enemies":"Snake Plant","floor":31.0,"turns":6.0},{"damage":45.0,"enemies":"Automaton","floor":33.0,"turns":15.0},{"damage":2.0,"enemies":"Orb Walker","floor":35.0,"turns":4.0},{"damage":6.0,"enemies":"3 Shapes","floor":36.0,"turns":4.0},{"damage":24.0,"floor":39.0,"turns":5.0},{"damage":40.0,"enemies":"Giant Head","floor":41.0,"turns":9.0},{"damage":44,"enemies":"2 Orb Walkers","floor":44,"turns":5},{"damage":37,"enemies":"Transient","floor":47,"turns":5},{"damage":60,"enemies":"Donu and Deca","floor":50,"turns":8}],"seed_played":"-6772589099767968898","potions_obtained":[{"floor":1.0,"key":"Strength Potion"},{"floor":8.0,"key":"Weak Potion"},{"floor":10.0,"key":"Block Potion"},{"floor":12.0,"key":"Dexterity Potion"},{"floor":16.0,"key":"Block Potion"},{"floor":21.0,"key":"Poison Potion"},{"floor":31.0,"key":"FearPotion"},{"floor":33.0,"key":"Regen Potion"},{"floor":36.0,"key":"PowerPotion"},{"floor":47,"key":"FearPotion"}],"is_trial":false,"path_per_floor":["M","M","M","$","?","E","R","E","T","M","M","M","$","?","R","B",null,"M","?","$","M","M","R","M","M","T","R","M","?","M","M","R","B",null,"M","M","$","?","?","R","E","R","T","E","R","?","M","?","R","B"],"character_chosen":"THE_SILENT","items_purchased":["Noxious Fumes","Glass Knife","Deflect","Dexterity Potion","Sucker Punch","Noxious Fumes","Cloak And Dagger+1"],"campfire_rested":2,"item_purchase_floors":[4,4,13,20,20,37,37],"current_hp_per_floor":[55,54,54,54,54,32,32,4,18,23,35,39,39,17,17,19,60,51,51,51,47,44,44,40,41,41,41,28,28,32,46,68,40,66,69,68,68,74,67,67,44,44,49,22,44,44,24,61,61,13],"gold":325,"neow_bonus":"TRANSFORM_CARD","is_prod":false,"is_daily":false,"chose_seed":false,"campfire_upgraded":7,"win_rate":0,"timestamp":1533879105,"path_taken":["M","M","M","$","?","E","R","E","T","M","M","M","$","?","R","BOSS","M","?","$","M","M","R","M","M","T","R","M","?","M","M","R","BOSS","M","M","$","?","?","R","E","R","T","E","R","?","M","?","R","BOSS"],"build_version":"2018-08-09","purchased_purges":2,"victory":true,"max_hp_per_floor":[66,66,66,66,60,60,60,60,74,74,74,74,74,74,74,74,74,74,74,74,74,74,74,74,74,74,74,74,74,74,74,74,74,74,74,74,74,74,74,74,74,74,74,74,74,74,74,61,61,61],"card_choices":[{"not_picked":["Catalyst","Backflip"],"picked":"Dagger Throw","floor":1.0},{"not_picked":["Dagger Throw","Terror"],"picked":"Dagger Spray","floor":2.0},{"not_picked":["Leg Sweep","Dodge and Roll"],"picked":"Predator","floor":3.0},{"not_picked":["Dash","Dagger Spray"],"picked":"A Thousand Cuts","floor":6.0},{"not_picked":["Dagger Throw","Deadly Poison","Masterful Stab"],"picked":"SKIP","floor":8.0},{"not_picked":["Dagger Spray","Predator","Dagger Throw"],"picked":"SKIP","floor":10.0},{"not_picked":["Prepared","Flechettes"],"picked":"PiercingWail","floor":11.0},{"not_picked":["Flechettes","Quick Slash","Blade Dance"],"picked":"SKIP","floor":12.0},{"not_picked":["Masterful Stab","Flying Knee"],"picked":"Dodge and Roll","floor":14.0},{"not_picked":["Unload","Glass Knife"],"picked":"Adrenaline","floor":16.0},{"not_picked":["Acrobatics","Tactician"],"picked":"Escape Plan","floor":18.0},{"not_picked":["Prepared","Eviscerate"],"picked":"Backflip","floor":21.0},{"not_picked":["Dagger Throw","Reflex+1"],"picked":"Footwork","floor":22.0},{"not_picked":["Heel Hook","All Out Attack","Masterful Stab"],"picked":"SKIP","floor":24.0},{"not_picked":["Deadly Poison","Phantasmal Killer","Caltrops"],"picked":"SKIP","floor":25.0},{"not_picked":["Bane+1","Quick Slash"],"picked":"Backflip+1","floor":28.0},{"not_picked":["Tactician+1","Tools of the Trade","Masterful Stab"],"picked":"SKIP","floor":30.0},{"not_picked":["Eviscerate","Bane","All Out Attack+1"],"picked":"SKIP","floor":31.0},{"not_picked":["Doppelganger+1","Venomology+1"],"picked":"After Image","floor":33.0},{"not_picked":["Sucker Punch","Flechettes"],"picked":"PiercingWail+1","floor":35.0},{"not_picked":["Footwork","Infinite Blades"],"picked":"Catalyst+1","floor":36.0},{"not_picked":["Calculated Gamble+1","Flying Knee"],"picked":"Footwork","floor":41.0},{"not_picked":["Slice","Deadly Poison+1","Outmaneuver+1"],"picked":"SKIP","floor":44},{"not_picked":["Deflect+1","Outmaneuver+1"],"picked":"Footwork+1","floor":47},{"not_picked":["Accuracy+1","Dagger Throw"],"picked":"PiercingWail+1","floor":47}],"player_experience":485290,"relics_obtained":[{"floor":6.0,"key":"Turnip"},{"floor":8.0,"key":"Meat on the Bone"},{"floor":9.0,"key":"Mango"},{"floor":14.0,"key":"Bag of Marbles"},{"floor":26.0,"key":"Toxic Egg 2"},{"floor":39.0,"key":"StoneCalendar"},{"floor":41.0,"key":"Blue Candle"},{"floor":43.0,"key":"Bronze Scales"},{"floor":44,"key":"Prayer Wheel"}],"event_choices":[{"event_name":"Golden Idol","player_choice":"Lose Max HP","floor":5.0,"damage_taken":0.0},{"event_name":"Dead Adventurer","player_choice":"Searched \u00271\u0027 times","floor":14.0,"damage_taken":0.0},{"event_name":"Vampires","player_choice":"Ignored","floor":19.0,"damage_taken":0.0},{"event_name":"Forgotten Altar","player_choice":"Gave Idol","floor":29.0,"damage_taken":0.0},{"event_name":"Winding Halls","player_choice":"Writhe","floor":38.0,"damage_taken":0.0},{"event_name":"Mysterious Sphere","player_choice":"Fight","floor":39.0,"damage_taken":0.0},{"event_name":"Duplicator","player_choice":"One dupe","floor":46,"damage_taken":0},{"event_name":"The Moai Head","player_choice":"Heal","floor":48,"damage_taken":0}],"is_beta":false,"boss_relics":[{"not_picked":["Eternal Feather","Ectoplasm"],"picked":"Empty Cage"},{"not_picked":["WristBlade","White Beast Statue"],"picked":"Philosopher\u0027s Stone"}],"items_purged_floors":[13,20],"is_endless":false,"potions_floor_spawned":[1,8,10,12,16,21,24,25,31,33,36,47],"ascension_level":15}