{"gold_per_floor":[110,120,295,34,99,99,134,134,159,159,11,31,50,75,75,176,176,192,21,21,31,49,79,94,94,118,218,218,229,241,266,266,366,366,379,379,379,396,414,414,59,59,59,74,87,87,103,103,103,103],"floor_reached":51,"playtime":2596,"items_purged":["Doubt","Strike_G"],"score":747,"play_id":"7e8bd793-98a8-4676-9cf1-7e4fe6fbc086","local_time":"20190423222932","is_ascension_mode":false,"campfire_choices":[{"data":"Dash","floor":6.0,"key":"SMITH"},{"data":"Predator","floor":8.0,"key":"SMITH"},{"data":"Dagger Spray","floor":15.0,"key":"SMITH"},{"data":"Cloak And Dagger","floor":25,"key":"SMITH"},{"data":"Corpse Explosion","floor":28,"key":"SMITH"},{"data":"Sucker Punch","floor":32,"key":"SMITH"},{"floor":40,"key":"REST"},{"data":"Footwork","floor":42,"key":"SMITH"},{"data":"Caltrops","floor":46,"key":"SMITH"},{"floor":49,"key":"RECALL"}],"neow_cost":"NONE","seed_source_timestamp":990630927813000,"circlet_count":0,"master_deck":["Defend_G+1","Defend_G+1","Defend_G+1","Defend_G+1","Defend_G+1","Strike_G+1","Strike_G+1","Survivor+1","Neutralize+1","Dash+1","Backstab+1","Sucker Punch+1","Unload+1","Predator+1","Dagger Spray+1","Backstab+1","Flying Knee+1","Corpse Explosion+1","Footwork+1","Flying Knee+1","Cloak And Dagger+1","Blur+1","Dodge and Roll+1","Backflip+1","Caltrops+1","Caltrops+1","Outmaneuver+1","Die Die Die+1","Prepared+1","Madness+1","Madness+1","Quick Slash+1","Blur+1","Well Laid Plans+1","PiercingWail+1","Dodge and Roll+1"],"special_seed":0,"relics":["Ring of the Snake","Kunai","Smiling Mask","Art of War","Omamori","Empty Cage","Anchor","Vajra","Orichalcum","Cursed Key","Ornamental Fan","Mark of the Bloom"],"potions_floor_usage":[16,16,23,31,33,33,33,47,50,50],"damage_taken":[{"damage":0.0,"enemies":"Small Slimes","floor":1.0,"turns":4.0},{"damage":0.0,"enemies":"2 Louse","floor":2.0,"turns":2.0},{"damage":14.0,"enemies":"Gremlin Nob","floor":7.0,"turns":4.0},{"damage":1.0,"enemies":"Jaw Worm","floor":12.0,"turns":2.0},{"damage":0.0,"enemies":"Lots of Slimes","floor":13.0,"turns":3.0},{"damage":13.0,"enemies":"Lagavulin","floor":14.0,"turns":7.0},{"damage":16,"enemies":"The Guardian","floor":16,"turns":9},{"damage":1,"enemies":"2 Thieves","floor":18,"turns":4},{"damage":0,"enemies":"Chosen","floor":21,"turns":6},{"damage":3,"enemies":"Centurion and Healer","floor":22,"turns":7},{"damage":1,"enemies":"Gremlin Leader","floor":23,"turns":9},{"damage":5,"enemies":"Shelled Parasite and Fungi","floor":24,"turns":7},{"damage":0,"enemies":"Snake Plant","floor":29,"turns":4},{"damage":0,"enemies":"3 Cultists","floor":30,"turns":2},{"damage":5,"enemies":"Slavers","floor":31,"turns":2},{"damage":18,"enemies":"Collector","floor":33,"turns":11},{"damage":0,"enemies":"3 Darklings","floor":35,"turns":2},{"damage":0,"enemies":"3 Shapes","floor":38,"turns":4},{"damage":19,"enemies":"Transient","floor":39,"turns":5},{"damage":0,"enemies":"4 Shapes","floor":44,"turns":3},{"damage":10,"enemies":"Maw","floor":45,"turns":9},{"damage":0,"enemies":"Transient","floor":47,"turns":5},{"damage":28,"enemies":"Donu and Deca","floor":50,"turns":13}],"seed_played":"4670579425308846192","potions_obtained":[{"floor":1.0,"key":"Energy Potion"},{"floor":2.0,"key":"SpeedPotion"},{"floor":22,"key":"GamblersBrew"},{"floor":23,"key":"EssenceOfSteel"},{"floor":31,"key":"GhostInAJar"},{"floor":44,"key":"PowerPotion"}],"is_trial":false,"path_per_floor":["M","M","?","$","?","R","E","R","T","?","$","M","M","E","R","B",null,"M","$","?","M","M","E","M","R","T","?","R","M","M","E","R","B",null,"M","?","?","M","M","R","$","R","T","M","M","R","M","?","R","B",null],"character_chosen":"THE_SILENT","items_purchased":["Strength Potion","Sucker Punch","Unload","Art of War","Flying Knee","Cloak And Dagger","Block Potion","Ornamental Fan","Block Potion","Dexterity Potion"],"campfire_rested":1,"item_purchase_floors":[4,4,4,11,19,19,19,41,41,41],"current_hp_per_floor":[70,70,70,70,70,70,56,56,56,42,42,41,41,28,28,12,70,69,69,69,69,66,65,60,60,60,60,60,60,60,55,55,37,70,70,70,61,61,42,63,63,63,63,63,53,53,53,53,53,25],"gold":103,"neow_bonus":"UPGRADE_CARD","is_prod":false,"is_daily":false,"chose_seed":false,"campfire_upgraded":8,"win_rate":1,"timestamp":1556083772,"path_taken":["M","M","?","$","?","R","E","R","T","?","?","?","M","E","R","BOSS","M","$","?","M","M","E","M","R","T","?","R","M","?","E","R","BOSS","M","?","?","M","M","R","$","R","T","M","M","R","M","?","R","BOSS"],"build_version":"2019-01-23","purchased_purges":2,"victory":true,"max_hp_per_floor":[70,70,70,70,70,70,70,70,70,70,70,70,70,70,70,70,70,70,70,70,70,70,70,70,70,70,70,70,70,70,70,70,70,70,70,70,70,70,70,70,70,70,70,70,70,70,70,70,70,70],"card_choices":[{"not_picked":["Deflect","Catalyst"],"picked":"Dash","floor":1.0},{"not_picked":["Blade Dance","PiercingWail"],"picked":"Backstab","floor":2.0},{"not_picked":["Sucker Punch","Flechettes"],"picked":"Predator","floor":7.0},{"not_picked":["Dagger Throw","Poisoned Stab"],"picked":"Dagger Spray","floor":12.0},{"not_picked":["Storm of Steel","Acrobatics"],"picked":"Backstab","floor":13.0},{"not_picked":["Leg Sweep","Dagger Throw"],"picked":"Flying Knee","floor":14.0},{"not_picked":["Envenom","Bullet Time"],"picked":"Corpse Explosion","floor":16},{"not_picked":["Riddle With Holes","Slice"],"picked":"Footwork","floor":18},{"not_picked":["Blade Dance","Cloak And Dagger+1"],"picked":"Blur+1","floor":21},{"not_picked":["Distraction","Underhanded Strike+1","Eviscerate+1"],"picked":"SKIP","floor":22},{"not_picked":["Phantasmal Killer","Caltrops"],"picked":"Dodge and Roll+1","floor":23},{"not_picked":["Acrobatics+1","Prepared"],"picked":"Backflip","floor":24},{"not_picked":["Bane","Finisher"],"picked":"Caltrops+1","floor":29},{"not_picked":["Calculated Gamble","Dagger Throw"],"picked":"Caltrops","floor":30},{"not_picked":["Blade Dance","Distraction+1"],"picked":"Outmaneuver","floor":31},{"not_picked":["Phantasmal Killer","Venomology"],"picked":"Die Die Die","floor":33},{"not_picked":["Reflex+1","Acrobatics"],"picked":"Prepared+1","floor":35},{"not_picked":["Cloak And Dagger","Underhanded Strike"],"picked":"Quick Slash+1","floor":38},{"not_picked":["Cloak And Dagger","Masterful Stab+1"],"picked":"Blur","floor":39},{"not_picked":["Blur+1","Crippling Poison"],"picked":"Well Laid Plans+1","floor":44},{"not_picked":["Dagger Spray+1","Footwork"],"picked":"PiercingWail+1","floor":45},{"not_picked":["Distraction+1","Flying Knee+1"],"picked":"Dodge and Roll+1","floor":47}],"player_experience":544766,"relics_obtained":[{"floor":7.0,"key":"Kunai"},{"floor":9.0,"key":"Smiling Mask"},{"floor":14.0,"key":"Omamori"},{"floor":23,"key":"Anchor"},{"floor":26,"key":"Vajra"},{"floor":31,"key":"Orichalcum"}],"event_choices":[{"damage_healed":0.0,"max_hp_gain":0.0,"max_hp_loss":0.0,"gold_gain":175.0,"event_name":"Liars Game","player_choice":"AGREE","floor":3.0,"gold_loss":0.0,"damage_taken":0.0,"cards_obtained":["Doubt"]},{"damage_healed":0.0,"max_hp_gain":0.0,"max_hp_loss":0.0,"gold_gain":65.0,"event_name":"Golden Wing","player_choice":"Gained Gold","floor":5.0,"gold_loss":0.0,"damage_taken":0.0},{"damage_healed":0.0,"max_hp_gain":0.0,"max_hp_loss":0.0,"gold_gain":0.0,"event_name":"Shining Light","player_choice":"Entered Light","floor":10.0,"gold_loss":0.0,"damage_taken":14.0,"cards_upgraded":["Survivor","Defend_G"]},{"damage_healed":0,"gold_gain":0,"player_choice":"Ignored","damage_taken":0,"max_hp_gain":0,"max_hp_loss":0,"event_name":"Vampires","floor":20,"gold_loss":0},{"damage_healed":0,"gold_gain":100,"player_choice":"Pray","damage_taken":0,"max_hp_gain":0,"max_hp_loss":0,"event_name":"Golden Shrine","floor":27,"gold_loss":0},{"damage_healed":0,"gold_gain":0,"player_choice":"Ignored","damage_taken":0,"max_hp_gain":0,"max_hp_loss":0,"event_name":"Tomb of Lord Red Mask","floor":36,"gold_loss":0},{"damage_healed":0,"gold_gain":0,"player_choice":"Embrace Madness","damage_taken":9,"max_hp_gain":0,"max_hp_loss":0,"event_name":"Winding Halls","floor":37,"gold_loss":0,"cards_obtained":["Madness","Madness"]},{"damage_healed":0,"gold_gain":0,"player_choice":"Upgrade","damage_taken":0,"relics_obtained":["Mark of the Bloom"],"max_hp_gain":0,"max_hp_loss":0,"event_name":"MindBloom","floor":48,"gold_loss":0,"cards_upgraded":["Defend_G","Defend_G","Defend_G","Defend_G","Strike_G","Strike_G","Backstab","Unload","Backstab","Flying Knee","Flying Knee","Backflip","Outmaneuver","Die Die Die","Madness","Madness","Blur"]}],"is_beta":false,"boss_relics":[{"not_picked":["Orrery","WristBlade"],"picked":"Empty Cage"},{"not_picked":["Calling Bell","Snecko Eye"],"picked":"Cursed Key"}],"items_purged_floors":[4,19],"is_endless":false,"potions_floor_spawned":[1,2,14,22,23,24,31,44,45],"ascension_level":0}