{"gold_per_floor":[209,229,248,248,248,248,8,20,20,85,99,99,128,139,139,210,210,220,236,256,256,19,19,30,65,65,65,95,107,119,131,143,229,241,271,283,295,322,354,366,395,407,419,431,58,85,0,20,20,20],"floor_reached":51,"playtime":2912,"items_purged":["Strike_G","Writhe"],"score":1275,"play_id":"74dfb6b4-12be-4233-8225-e0844eeb3838","local_time":"20180805153817","is_ascension_mode":true,"campfire_choices":[{"floor":6.0,"key":"REST"},{"data":"Neutralize","floor":12.0,"key":"SMITH"},{"data":"Terror","floor":15.0,"key":"SMITH"},{"floor":23.0,"key":"REST"},{"floor":27.0,"key":"REST"},{"data":"Well Laid Plans","floor":32.0,"key":"SMITH"},{"floor":40.0,"key":"DIG"},{"data":"Envenom","floor":42.0,"key":"SMITH"},{"floor":44.0,"key":"REST"},{"floor":49.0,"key":"DIG"}],"neow_cost":"NONE","seed_source_timestamp":42101243503328,"circlet_count":0,"master_deck":["Defend_G","Defend_G","Defend_G","Defend_G","Defend_G","Strike_G","Strike_G","Strike_G","Survivor","Neutralize+1","AscendersBane","Poisoned Stab","Dagger Throw","Terror+1","Deadly Poison","Deadly Poison","Dagger Throw","Deflect","Blur","Die Die Die","Dagger Spray","Adrenaline","Dodge and Roll","Cloak And Dagger","Well Laid Plans+1","Infinite Blades","Cloak And Dagger+1","PiercingWail+1","Envenom+1","Wraith Form v2","Adrenaline","Noxious Fumes+1","Cloak And Dagger","Cloak And Dagger+1"],"special_seed":0,"relics":["Ring of the Serpent","Tough Bandages","The Courier","Lee\u0027s Waffle","Regal Pillow","Tiny Chest","Singing Bowl","Cursed Key","Shovel","MawBank","Turnip","Snake Skull","Bag of Marbles","Potion Belt","Red Mask","Torii"],"potions_floor_usage":[50,50,50],"damage_taken":[{"damage":8.0,"enemies":"Small Slimes","floor":1.0,"turns":5.0},{"damage":0.0,"enemies":"Cultist","floor":2.0,"turns":4.0},{"damage":0.0,"enemies":"Jaw Worm","floor":3.0,"turns":3.0},{"damage":12.0,"enemies":"Exordium Thugs","floor":8.0,"turns":4.0},{"damage":22.0,"enemies":"Lagavulin","floor":10.0,"turns":7.0},{"damage":0.0,"enemies":"Large Slime","floor":11.0,"turns":7.0},{"damage":13.0,"enemies":"Gremlin Nob","floor":13.0,"turns":5.0},{"damage":0.0,"enemies":"Lots of Slimes","floor":14.0,"turns":3.0},{"damage":25.0,"enemies":"Hexaghost","floor":16.0,"turns":10.0},{"damage":0.0,"enemies":"3 Byrds","floor":18.0,"turns":5.0},{"damage":13.0,"enemies":"Chosen","floor":19.0,"turns":4.0},{"damage":17.0,"enemies":"Sentry and Sphere","floor":20.0,"turns":5.0},{"damage":24.0,"enemies":"Snake Plant","floor":24.0,"turns":4.0},{"damage":22.0,"enemies":"Slavers","floor":25.0,"turns":8.0},{"damage":5.0,"enemies":"Gremlin Leader","floor":28.0,"turns":11.0},{"damage":12.0,"enemies":"Champ","floor":33.0,"turns":12.0},{"damage":8.0,"enemies":"Flame Bruiser 1 Orb","floor":35.0,"turns":6.0},{"damage":8.0,"enemies":"3 Darklings","floor":38.0,"turns":6.0},{"damage":22.0,"enemies":"Transient","floor":39.0,"turns":5.0},{"damage":2.0,"enemies":"Sphere and 2 Shapes","floor":41.0,"turns":5.0},{"damage":0.0,"enemies":"Giant Head","floor":46.0,"turns":8.0},{"damage":0.0,"enemies":"Maw","floor":48.0,"turns":7.0},{"damage":50,"enemies":"Awakened One","floor":50,"turns":14}],"seed_played":"6908062204697591759","potions_obtained":[{"floor":3.0,"key":"Block Potion"},{"floor":8.0,"key":"Weak Potion"},{"floor":16.0,"key":"Explosive Potion"},{"floor":18.0,"key":"LiquidBronze"},{"floor":20.0,"key":"SkillPotion"},{"floor":25.0,"key":"PowerPotion"},{"floor":28.0,"key":"Weak Potion"},{"floor":38.0,"key":"AttackPotion"},{"floor":41.0,"key":"SkillPotion"},{"floor":48.0,"key":"PowerPotion"}],"is_trial":false,"path_per_floor":["M","M","M","?","T","R","$","M","T","E","M","R","E","M","R","B",null,"M","M","M","T","$","R","M","E","T","R","E","$","?","$","R","B",null,"M","$","?","M","M","R","M","R","T","R","$","E","?","M","R","B"],"character_chosen":"THE_SILENT","items_purchased":["Deadly Poison","Lee\u0027s Waffle","Deadly Poison","Well Laid Plans","GhostInAJar","Infinite Blades","Snake Skull","Bag of Marbles","Fire Potion"],"campfire_rested":4,"item_purchase_floors":[7,7,7,22,22,22,45,45,45],"current_hp_per_floor":[51,51,51,33,33,52,73,61,61,39,39,39,26,26,26,1,55,55,42,27,27,27,64,40,18,18,55,50,50,50,50,50,38,66,60,60,75,69,47,47,45,45,45,79,79,81,81,81,81,31],"gold":20,"neow_bonus":"HUNDRED_GOLD","is_prod":false,"is_daily":false,"chose_seed":false,"campfire_upgraded":4,"win_rate":0,"timestamp":1533497897,"path_taken":["M","M","M","?","?","R","$","M","T","E","M","R","E","M","R","BOSS","M","M","M","?","$","R","M","E","T","R","E","$","?","?","R","BOSS","M","$","?","M","M","R","M","R","T","R","$","E","?","?","R","BOSS"],"build_version":"2018-08-02","purchased_purges":2,"victory":true,"max_hp_per_floor":[66,66,66,66,66,66,73,73,73,73,73,73,73,73,73,73,73,73,73,75,75,75,75,75,75,75,75,75,75,75,75,75,75,75,77,77,77,79,79,79,79,79,79,79,79,81,81,81,81,81],"card_choices":[{"not_picked":["Blade Dance","Prepared"],"picked":"Poisoned Stab","floor":1.0},{"not_picked":["Flechettes","Skewer"],"picked":"Dagger Throw","floor":2.0},{"not_picked":["Blade Dance","Bane"],"picked":"Terror","floor":3.0},{"not_picked":["Finisher","Deadly Poison"],"picked":"Dagger Throw","floor":8.0},{"not_picked":["Flechettes","Deadly Poison","Deflect"],"picked":"SKIP","floor":10.0},{"not_picked":["Flechettes","Deadly Poison"],"picked":"Deflect","floor":10.0},{"not_picked":["Dagger Throw","Backflip"],"picked":"Blur","floor":11.0},{"not_picked":["Flechettes","Leg Sweep"],"picked":"Die Die Die","floor":13.0},{"not_picked":["Poisoned Stab","Underhanded Strike"],"picked":"Dagger Spray","floor":14.0},{"not_picked":["Corpse Explosion","Grand Finale"],"picked":"Adrenaline","floor":16.0},{"not_picked":["Reflex","Dagger Throw+1"],"picked":"Dodge and Roll","floor":18.0},{"not_picked":["Eviscerate","Quick Slash"],"picked":"Cloak And Dagger","floor":19.0},{"not_picked":["Backflip","Cloak And Dagger","Deflect"],"picked":"Singing Bowl","floor":20.0},{"not_picked":["Choke","Underhanded Strike"],"picked":"Cloak And Dagger+1","floor":24.0},{"not_picked":["Night Terror","Deflect"],"picked":"PiercingWail+1","floor":25.0},{"not_picked":["Dagger Spray","Deadly Poison"],"picked":"Envenom","floor":28.0},{"not_picked":["Venomology","Night Terror"],"picked":"Adrenaline","floor":33.0},{"not_picked":["Choke+1","Deflect+1","Dagger Throw+1"],"picked":"Singing Bowl","floor":35.0},{"not_picked":["Flying Knee","Flechettes+1","Concentrate"],"picked":"Singing Bowl","floor":38.0},{"not_picked":["Backflip","Cloak And Dagger"],"picked":"Noxious Fumes+1","floor":39.0},{"not_picked":["Dash","Setup"],"picked":"Cloak And Dagger","floor":41.0},{"not_picked":["Riddle With Holes","Bane","Phantasmal Killer"],"picked":"Singing Bowl","floor":46.0},{"not_picked":["Crippling Poison","Blade Dance"],"picked":"Cloak And Dagger+1","floor":48.0}],"player_experience":468077,"relics_obtained":[{"floor":5.0,"key":"The Courier"},{"floor":9.0,"key":"Regal Pillow"},{"floor":10.0,"key":"Tiny Chest"},{"floor":13.0,"key":"Singing Bowl"},{"floor":25.0,"key":"Shovel"},{"floor":28.0,"key":"MawBank"},{"floor":40.0,"key":"Turnip"},{"floor":46.0,"key":"Potion Belt"},{"floor":49.0,"key":"Torii"}],"event_choices":[{"event_name":"Scrap Ooze","player_choice":"success","floor":4.0,"damage_taken":18.0},{"event_name":"Transmorgrifier","player_choice":"Transform","floor":30.0,"damage_taken":0.0},{"event_name":"Winding Halls","player_choice":"Writhe","floor":37.0,"damage_taken":0.0},{"event_name":"Tomb of Lord Red Mask","player_choice":"Paid","floor":47.0,"damage_taken":0.0}],"is_beta":false,"boss_relics":[{"not_picked":["Lizard Tail","Fusion Hammer"],"picked":"Cursed Key"},{"not_picked":["Empty Cage","Busted Crown"],"picked":"Ring of the Serpent"}],"items_purged_floors":[22,45],"is_endless":false,"potions_floor_spawned":[3,8,11,16,18,20,25,28,38,41,48],"ascension_level":15}