{"gold_per_floor":[114,124,142,154,73,99,113,113,113,113,123,134,154,179,179,275,275,293,313,313,313],"floor_reached":21,"playtime":1530,"items_purged":[],"score":234,"play_id":"837cf393-bb96-4924-b0a3-7b1e98016564","local_time":"20190321181701","is_ascension_mode":true,"campfire_choices":[{"floor":8.0,"key":"REST"},{"data":"Recycle","floor":10.0,"key":"SMITH"},{"data":"Darkness","floor":15.0,"key":"SMITH"}],"neow_cost":"TEN_PERCENT_HP_LOSS","seed_source_timestamp":0,"circlet_count":0,"master_deck":["Strike_B","Strike_B","Strike_B","Strike_B","Defend_B","Defend_B","Defend_B","Defend_B","Zap","Dualcast","Genetic Algorithm","Conserve Battery","Go for the Eyes","Go for the Eyes","Darkness+1","Recycle+1","Loop","Ball Lightning","Rainbow","Thunder Strike","Ball Lightning","Compile Driver"],"special_seed":0,"relics":["Cracked Core","Bird Faced Urn","Pantograph","Matryoshka","Gremlin Horn","Philosopher\u0027s Stone"],"potions_floor_usage":[19,20],"damage_taken":[{"damage":0.0,"enemies":"2 Louse","floor":1.0,"turns":2.0},{"damage":7.0,"enemies":"Small Slimes","floor":2.0,"turns":3.0},{"damage":0.0,"enemies":"Cultist","floor":3.0,"turns":3.0},{"damage":3.0,"enemies":"3 Louse","floor":4.0,"turns":3.0},{"damage":20.0,"enemies":"Gremlin Nob","floor":6.0,"turns":4.0},{"damage":5.0,"enemies":"Blue Slaver","floor":7.0,"turns":4.0},{"damage":0.0,"enemies":"Gremlin Gang","floor":11.0,"turns":4.0},{"damage":2.0,"enemies":"2 Fungi Beasts","floor":12.0,"turns":4.0},{"damage":11.0,"enemies":"Lots of Slimes","floor":13.0,"turns":4.0},{"damage":23.0,"enemies":"3 Sentries","floor":14.0,"turns":5.0},{"damage":37.0,"enemies":"Hexaghost","floor":16.0,"turns":9.0},{"damage":23,"enemies":"2 Thieves","floor":18,"turns":4},{"damage":26,"enemies":"Shell Parasite","floor":19,"turns":5},{"damage":15,"enemies":"Colosseum Slavers","floor":20,"turns":3},{"damage":14,"enemies":"Chosen and Byrds","floor":21,"turns":1}],"seed_played":"-2534669857660864113","potions_obtained":[{"floor":2.0,"key":"Explosive Potion"},{"floor":6.0,"key":"SteroidPotion"},{"floor":7.0,"key":"FocusPotion"},{"floor":13.0,"key":"Swift Potion"},{"floor":14.0,"key":"Swift Potion"},{"floor":16.0,"key":"Swift Potion"},{"floor":18,"key":"LiquidBronze"}],"is_trial":false,"path_per_floor":["M","M","M","M","$","E","M","R","T","R","M","M","M","E","R","B",null,"M","M","?","M"],"character_chosen":"DEFECT","items_purchased":["Darkness"],"campfire_rested":1,"item_purchase_floors":[5],"current_hp_per_floor":[68,61,61,58,58,38,33,53,53,53,53,51,42,21,21,11,68,47,23,10,0],"gold":313,"neow_bonus":"ONE_RARE_RELIC","is_prod":false,"is_daily":false,"chose_seed":false,"campfire_upgraded":2,"win_rate":0,"timestamp":1553203021,"path_taken":["M","M","M","M","$","E","M","R","T","R","M","M","M","E","R","BOSS","M","M","?","M"],"build_version":"2019-01-23","purchased_purges":0,"victory":false,"max_hp_per_floor":[68,68,68,68,68,68,68,68,68,68,68,68,68,68,68,68,68,68,68,68,68],"card_choices":[{"not_picked":["Cold Snap","Rip and Tear"],"picked":"Genetic Algorithm","floor":1.0},{"not_picked":["FTL","Auto Shields"],"picked":"Conserve Battery","floor":2.0},{"not_picked":["Heatsinks","Redo"],"picked":"Go for the Eyes","floor":3.0},{"not_picked":["Beam Cell","Rip and Tear"],"picked":"Go for the Eyes","floor":4.0},{"not_picked":["Stack","Aggregate"],"picked":"Recycle","floor":6.0},{"not_picked":["Reprogram","Reinforced Body"],"picked":"Loop","floor":7.0},{"not_picked":["Cold Snap","Rip and Tear"],"picked":"Ball Lightning","floor":11.0},{"not_picked":["Aggregate","Reboot","Heatsinks"],"picked":"SKIP","floor":12.0},{"not_picked":["Barrage","Aggregate","Self Repair"],"picked":"SKIP","floor":13.0},{"not_picked":["Gash","Tempest"],"picked":"Rainbow","floor":14.0},{"not_picked":["Reboot","Seek"],"picked":"Thunder Strike","floor":16.0},{"not_picked":["Genetic Algorithm","Self Repair"],"picked":"Ball Lightning","floor":18},{"not_picked":["Sweeping Beam","Self Repair"],"picked":"Compile Driver","floor":19}],"player_experience":248792,"relics_obtained":[{"floor":6.0,"key":"Pantograph"},{"floor":9.0,"key":"Matryoshka"},{"floor":14.0,"key":"Gremlin Horn"}],"event_choices":[{"damage_healed":0,"gold_gain":0,"player_choice":"Fight","damage_taken":0,"max_hp_gain":0,"max_hp_loss":0,"event_name":"Colosseum","floor":20,"gold_loss":0},{"damage_healed":0,"gold_gain":0,"player_choice":"Fled From Nobs","damage_taken":0,"max_hp_gain":0,"max_hp_loss":0,"event_name":"Colosseum","floor":20,"gold_loss":0}],"is_beta":false,"boss_relics":[{"not_picked":["Sozu","FrozenCore"],"picked":"Philosopher\u0027s Stone"}],"items_purged_floors":[],"is_endless":false,"potions_floor_spawned":[2,6,7,13,14,16,18],"killed_by":"Chosen and Byrds","ascension_level":4}