{"gold_per_floor":[113,128,128,139,34,34,46,76,76,151,21,21,34,54,54,129,129,100,100,100,100],"floor_reached":21,"playtime":829,"items_purged":["Shame"],"score":383,"play_id":"c0faa548-d444-4ef0-9ace-845ac93d3f1f","local_time":"20180928001323","is_ascension_mode":true,"campfire_choices":[{"data":"Deadly Poison","floor":6.0,"key":"SMITH"},{"data":"Catalyst","floor":15.0,"key":"SMITH"}],"neow_cost":"CURSE","seed_source_timestamp":158309583169249,"circlet_count":0,"master_deck":["Defend_G","Defend_G","Defend_G","Defend_G","Defend_G","Survivor","Neutralize","AscendersBane","Backflip","Deadly Poison+1","Flying Knee","Flying Knee","Sucker Punch","Caltrops","Poisoned Stab","Catalyst+1","A Thousand Cuts","Underhanded Strike+1","Bite","Bite","Bite","Bite","Bite"],"special_seed":0,"relics":["Ring of the Snake","Tingsha","Dodecahedron","Pear","Snecko Eye"],"potions_floor_usage":[],"damage_taken":[{"damage":2.0,"enemies":"2 Louse","floor":1.0,"turns":5.0},{"damage":2.0,"enemies":"Jaw Worm","floor":2.0,"turns":5.0},{"damage":4.0,"enemies":"Small Slimes","floor":4.0,"turns":4.0},{"damage":0.0,"enemies":"Blue Slaver","floor":7.0,"turns":5.0},{"damage":44.0,"enemies":"Gremlin Nob","floor":8.0,"turns":5.0},{"damage":13.0,"enemies":"Red Slaver","floor":13.0,"turns":4.0},{"damage":1.0,"enemies":"Looter","floor":14.0,"turns":3.0},{"damage":21.0,"enemies":"Hexaghost","floor":16.0,"turns":9.0},{"damage":34.0,"enemies":"2 Thieves","floor":18.0,"turns":4.0},{"damage":10,"enemies":"Colosseum Slavers","floor":20,"turns":4},{"damage":35,"enemies":"Spheric Guardian","floor":21,"turns":5}],"seed_played":"8510202755012041909","potions_obtained":[{"floor":1.0,"key":"Explosive Potion"},{"floor":8.0,"key":"Fire Potion"},{"floor":13.0,"key":"SmokeBomb"},{"floor":14.0,"key":"Regen Potion"},{"floor":16.0,"key":"SpeedPotion"}],"is_trial":false,"path_per_floor":["M","M","?","M","$","R","M","E","T","?","$","?","M","M","R","B",null,"M","?","?"],"character_chosen":"THE_SILENT","items_purchased":["Flying Knee","Caltrops","Regen Potion"],"campfire_rested":0,"item_purchase_floors":[5,11,11],"current_hp_per_floor":[57,55,60,56,56,56,56,12,22,11,11,11,12,11,11,5,62,28,28,22,0],"gold":100,"neow_bonus":"ONE_RARE_RELIC","is_prod":false,"is_daily":false,"chose_seed":false,"campfire_upgraded":2,"win_rate":0,"timestamp":1538108003,"path_taken":["M","M","?","M","$","R","M","E","T","?","$","?","M","M","R","BOSS","M","?","?","M"],"build_version":"2018-09-26v2","purchased_purges":1,"victory":false,"max_hp_per_floor":[66,66,71,71,71,71,71,71,81,81,81,81,81,81,81,81,81,81,56,56,56],"card_choices":[{"not_picked":["Escape Plan","Underhanded Strike"],"picked":"Backflip","floor":1.0},{"not_picked":["Outmaneuver","Bouncing Flask"],"picked":"Deadly Poison","floor":2.0},{"not_picked":["Escape Plan","PiercingWail"],"picked":"Flying Knee","floor":4.0},{"not_picked":["Deflect","Bane","Choke"],"picked":"SKIP","floor":7.0},{"not_picked":["Blade Dance","Flechettes"],"picked":"Sucker Punch","floor":8.0},{"not_picked":["Deflect","Accuracy"],"picked":"Poisoned Stab","floor":13.0},{"not_picked":["Dagger Spray","Infinite Blades"],"picked":"Catalyst","floor":14.0},{"not_picked":["Envenom","Grand Finale"],"picked":"A Thousand Cuts","floor":16.0},{"not_picked":["Flying Knee","Cloak And Dagger"],"picked":"Underhanded Strike+1","floor":18.0}],"player_experience":635040,"relics_obtained":[{"floor":8.0,"key":"Dodecahedron"},{"floor":9.0,"key":"Pear"}],"event_choices":[{"event_name":"Big Fish","player_choice":"Donut","floor":3.0,"damage_taken":0.0},{"event_name":"World of Goop","player_choice":"Gather Gold","floor":10.0,"damage_taken":0.0},{"event_name":"Liars Game","player_choice":"disagreed","floor":12.0,"damage_taken":0.0},{"event_name":"Vampires","player_choice":"Became a vampire","floor":19.0,"damage_taken":0.0},{"event_name":"Colosseum","player_choice":"Fight","floor":20,"damage_taken":0},{"event_name":"Colosseum","player_choice":"Fled From Nobs","floor":20,"damage_taken":0}],"is_beta":true,"boss_relics":[{"not_picked":["WristBlade","Philosopher\u0027s Stone"],"picked":"Snecko Eye"}],"items_purged_floors":[5],"is_endless":false,"potions_floor_spawned":[1,8,13,14,16],"killed_by":"Spheric Guardian","ascension_level":20}