{"gold_per_floor":[362,213,213,213,232,232,271,171,223,256,269,304,304,156,156,156],"floor_reached":16,"playtime":890,"items_purged":["Strike_R","Defend_R","Defend_R"],"score":122,"play_id":"a3d4c37c-9886-49b0-b184-3275fdcf1569","local_time":"20190307200818","is_ascension_mode":true,"campfire_choices":[{"data":"Searing Blow","floor":6,"key":"SMITH"},{"floor":13,"key":"REST"},{"data":"Searing Blow+1","floor":15,"key":"SMITH"}],"neow_cost":"TEN_PERCENT_HP_LOSS","seed_source_timestamp":376084286919138,"circlet_count":0,"master_deck":["Strike_R","Strike_R","Strike_R","Strike_R","Defend_R","Bash","Searing Blow+2","Shockwave","Flame Barrier","Reaper","Shrug It Off"],"relics":["Burning Blood","Golden Idol","Omamori","Lantern","Mummified Hand","Gremlin Horn"],"potions_floor_usage":[7,12],"damage_taken":[{"damage":0,"enemies":"Small Slimes","floor":1,"turns":3},{"damage":8,"enemies":"Jaw Worm","floor":5,"turns":4},{"damage":14,"enemies":"Gremlin Nob","floor":7,"turns":3},{"damage":25,"enemies":"3 Sentries","floor":10,"turns":8},{"damage":0,"enemies":"2 Louse","floor":11,"turns":3},{"damage":12,"enemies":"Gremlin Nob","floor":12,"turns":3},{"damage":44,"enemies":"Hexaghost","floor":16,"turns":8}],"seed_played":"-2880623247541166701","potions_obtained":[{"floor":5,"key":"SteroidPotion"},{"floor":11,"key":"SteroidPotion"}],"is_trial":false,"path_per_floor":["M","$","?","?","M","R","E","$","T","E","M","E","R","$","R","B"],"character_chosen":"IRONCLAD","items_purchased":["Searing Blow","Shrug It Off"],"campfire_rested":1,"item_purchase_floors":[2,14],"current_hp_per_floor":[72,72,54,47,45,45,37,37,37,18,24,18,39,39,39,0],"gold":156,"neow_bonus":"TWO_FIFTY_GOLD","is_prod":false,"is_daily":false,"chose_seed":false,"campfire_upgraded":2,"win_rate":0,"timestamp":1552003698,"path_taken":["M","$","?","?","M","R","E","$","T","E","?","E","R","$","R","BOSS"],"build_version":"2019-01-23","purchased_purges":3,"victory":false,"max_hp_per_floor":[72,72,72,72,72,72,72,72,72,72,72,72,72,72,72,72],"card_choices":[{"not_picked":["True Grit","Uppercut","Reckless Charge"],"picked":"SKIP","floor":1},{"not_picked":["Evolve","Clash","Havoc"],"picked":"SKIP","floor":5},{"not_picked":["Clash","Headbutt"],"picked":"Shockwave","floor":7},{"not_picked":["Disarm","Pommel Strike"],"picked":"Flame Barrier","floor":10},{"not_picked":["Iron Wave","Clash"],"picked":"Reaper","floor":11},{"not_picked":["Disarm","Cleave","Power Through"],"picked":"SKIP","floor":12}],"player_experience":146302,"relics_obtained":[{"floor":7,"key":"Omamori"},{"floor":9,"key":"Lantern"},{"floor":10,"key":"Mummified Hand"},{"floor":12,"key":"Gremlin Horn"}],"event_choices":[{"damage_healed":0,"gold_gain":0,"player_choice":"Take Damage","damage_taken":18,"relics_obtained":["Golden Idol"],"max_hp_gain":0,"max_hp_loss":0,"event_name":"Golden Idol","floor":3,"gold_loss":0},{"cards_removed":["Defend_R"],"damage_healed":0,"gold_gain":0,"player_choice":"Card Removal","damage_taken":7,"max_hp_gain":0,"max_hp_loss":0,"event_name":"Golden Wing","floor":4,"gold_loss":0}],"is_beta":false,"boss_relics":[],"items_purged_floors":[2,8,14],"is_endless":false,"potions_floor_spawned":[5,11],"killed_by":"Hexaghost","ascension_level":1}