{"gold_per_floor":[113,130,140,157,171,202,202,234,234,234,184,240,257,257,257,358,358,375,375,21,37,54,54,71,83,134,134,154,20,39,71,71,169,169,185,10,10,29,39,39,57,57,80,92,92,19,37,37,37,37],"floor_reached":51,"playtime":4943,"items_purged":["Strike_G","Strike_G","Strike_G"],"score":732,"play_id":"c3a12d74-2c50-4c67-9e61-ba618d844028","local_time":"20190316232649","is_ascension_mode":true,"campfire_choices":[{"floor":7,"key":"REST"},{"data":"Cloak And Dagger","floor":15,"key":"SMITH"},{"floor":23,"key":"REST"},{"floor":27,"key":"REST"},{"floor":32,"key":"REST"},{"floor":40,"key":"REST"},{"floor":42,"key":"REST"},{"floor":49,"key":"REST"}],"neow_cost":"NONE","seed_source_timestamp":355922502948970,"circlet_count":0,"master_deck":["Defend_G","Defend_G","Defend_G","Defend_G","Survivor","Neutralize","Caltrops","Envenom","Footwork","Poisoned Stab+1","Backflip","Sucker Punch+1","Poisoned Stab","Cloak And Dagger+1","Malaise","Leg Sweep","Blade Dance","Infinite Blades","Cloak And Dagger","Flying Knee","Blur+1","Backstab+1","Crippling Poison","Well Laid Plans","Finisher","A Thousand Cuts","Writhe","Infinite Blades","Finisher"],"relics":["Ring of the Snake","Singing Bowl","Bag of Marbles","Whetstone","Tiny Chest","Shuriken","Orrery","Paper Crane","Pen Nib","Mercury Hourglass","Lizard Tail","Lantern"],"potions_floor_usage":[4,5,5,6,6,8,18,31,31,33,39,41,44],"damage_taken":[{"damage":2,"enemies":"Jaw Worm","floor":1,"turns":6},{"damage":1,"enemies":"2 Louse","floor":2,"turns":3},{"damage":1,"enemies":"Small Slimes","floor":3,"turns":4},{"damage":12,"enemies":"Blue Slaver","floor":4,"turns":7},{"damage":3,"enemies":"3 Louse","floor":5,"turns":4},{"damage":17,"enemies":"Gremlin Nob","floor":6,"turns":4},{"damage":27,"enemies":"3 Sentries","floor":8,"turns":7},{"damage":5,"enemies":"Lagavulin","floor":12,"turns":8},{"damage":1,"enemies":"Large Slime","floor":13,"turns":5},{"damage":33,"enemies":"The Guardian","floor":16,"turns":9},{"damage":21,"enemies":"2 Thieves","floor":18,"turns":4},{"damage":7,"enemies":"Spheric Guardian","floor":21,"turns":5},{"damage":15,"enemies":"Centurion and Healer","floor":22,"turns":7},{"damage":4,"enemies":"Snake Plant","floor":24,"turns":6},{"damage":23,"enemies":"Sentry and Sphere","floor":25,"turns":7},{"damage":4,"enemies":"Cultist and Chosen","floor":28,"turns":8},{"damage":6,"enemies":"Snake Plant","floor":30,"turns":4},{"damage":13,"enemies":"Slavers","floor":31,"turns":7},{"damage":56,"enemies":"Collector","floor":33,"turns":8},{"damage":27,"enemies":"3 Darklings","floor":35,"turns":6},{"damage":18,"enemies":"Orb Walker","floor":38,"turns":4},{"damage":16,"enemies":"4 Shapes","floor":39,"turns":4},{"damage":32,"enemies":"Spire Growth","floor":41,"turns":6},{"damage":18,"enemies":"Sphere and 2 Shapes","floor":44,"turns":7},{"damage":63,"enemies":"3 Darklings","floor":47,"turns":7},{"damage":41,"enemies":"Time Eater","floor":50,"turns":15}],"seed_played":"3048435017272731926","potions_obtained":[{"floor":3,"key":"Regen Potion"},{"floor":4,"key":"EntropicBrew"},{"floor":5,"key":"Explosive Potion"},{"floor":16,"key":"Explosive Potion"},{"floor":24,"key":"Strength Potion"},{"floor":25,"key":"GamblersBrew"},{"floor":28,"key":"Block Potion"},{"floor":39,"key":"GhostInAJar"},{"floor":41,"key":"EssenceOfSteel"}],"is_trial":false,"path_per_floor":["M","M","M","M","M","E","R","E","T","?","?","E","M","?","R","B",null,"M","?","$","M","M","R","M","M","T","R","M","$","M","E","R","B",null,"M","$","?","M","M","R","M","R","T","M","?","$","M","?","R","B",null],"character_chosen":"THE_SILENT","items_purchased":["Paper Crane","Flying Knee","Well Laid Plans","Explosive Potion","Finisher"],"campfire_rested":7,"item_purchase_floors":[20,20,29,36,46],"current_hp_per_floor":[75,74,73,74,71,54,77,50,50,75,75,70,69,57,57,24,79,60,60,60,53,38,62,60,37,37,61,59,59,55,42,68,12,87,62,62,84,66,52,79,49,76,76,60,60,60,49,51,80,39],"gold":37,"neow_bonus":"TEN_PERCENT_HP_BONUS","is_prod":false,"is_daily":false,"chose_seed":false,"campfire_upgraded":1,"win_rate":0,"timestamp":1552789609,"path_taken":["M","M","M","M","M","E","R","E","T","?","?","E","M","?","R","BOSS","M","?","$","M","M","R","M","M","T","R","M","$","M","E","R","BOSS","M","$","?","M","M","R","M","R","T","M","?","?","M","?","R","BOSS"],"build_version":"2019-01-23","purchased_purges":3,"victory":true,"max_hp_per_floor":[77,77,77,77,77,77,77,77,77,77,77,77,77,77,77,77,79,81,81,81,81,81,81,83,83,83,83,85,85,87,87,87,87,87,89,89,89,89,91,91,93,93,93,95,95,95,97,99,99,99],"card_choices":[{"not_picked":["Deflect","Dodge and Roll"],"picked":"Caltrops","floor":1},{"not_picked":["Bane","Heel Hook","Dagger Throw"],"picked":"SKIP","floor":2},{"not_picked":["PiercingWail","Sucker Punch"],"picked":"Envenom","floor":3},{"not_picked":["Infinite Blades","Poisoned Stab"],"picked":"Footwork","floor":4},{"not_picked":["Bane","Dagger Throw"],"picked":"Poisoned Stab","floor":5},{"not_picked":["Blade Dance","PiercingWail"],"picked":"Backflip","floor":6},{"not_picked":["Escape Plan","Burst"],"picked":"Sucker Punch","floor":8},{"not_picked":["Deflect","Concentrate"],"picked":"Poisoned Stab","floor":12},{"not_picked":["Prepared","Quick Slash"],"picked":"Cloak And Dagger","floor":13},{"not_picked":["A Thousand Cuts","Storm of Steel"],"picked":"Malaise","floor":16},{"not_picked":["Prepared","Outmaneuver","Dagger Throw"],"picked":"Singing Bowl","floor":17},{"not_picked":["Deadly Poison","Dagger Throw"],"picked":"Leg Sweep","floor":17},{"not_picked":["Riddle With Holes","Underhanded Strike"],"picked":"Blade Dance","floor":17},{"not_picked":["Backstab","Skewer"],"picked":"Infinite Blades","floor":17},{"not_picked":["Bouncing Flask","Concentrate"],"picked":"Cloak And Dagger","floor":17},{"not_picked":["Distraction+1","Poisoned Stab","Acrobatics"],"picked":"Singing Bowl","floor":18},{"not_picked":["Sucker Punch","Dodge and Roll"],"picked":"Blur+1","floor":21},{"not_picked":["Bullet Time","Outmaneuver"],"picked":"Backstab+1","floor":22},{"not_picked":["Deadly Poison","Flying Knee","Predator"],"picked":"Singing Bowl","floor":24},{"not_picked":["Predator+1","Riddle With Holes"],"picked":"Crippling Poison","floor":25},{"not_picked":["Dagger Throw","Underhanded Strike+1","Masterful Stab"],"picked":"Singing Bowl","floor":28},{"not_picked":["Acrobatics","Concentrate","Escape Plan"],"picked":"Singing Bowl","floor":30},{"not_picked":["Prepared","Concentrate"],"picked":"Finisher","floor":31},{"not_picked":["Tools of the Trade","Die Die Die"],"picked":"A Thousand Cuts","floor":33},{"not_picked":["Deflect","Sucker Punch","Dagger Spray"],"picked":"Singing Bowl","floor":35},{"not_picked":["Backstab+1","Sucker Punch"],"picked":"Infinite Blades","floor":38},{"not_picked":["Poisoned Stab+1","Deflect","Quick Slash"],"picked":"Singing Bowl","floor":39},{"not_picked":["Predator+1","Bane","Sucker Punch"],"picked":"Singing Bowl","floor":41},{"not_picked":["Deflect+1","Venomology","Blade Dance"],"picked":"Singing Bowl","floor":44},{"not_picked":["Bane+1","Concentrate","Predator+1"],"picked":"Singing Bowl","floor":47},{"not_picked":["Madness","Good Instincts","Impatience"],"picked":"Singing Bowl","floor":48}],"player_experience":209995,"relics_obtained":[{"floor":6,"key":"Singing Bowl"},{"floor":8,"key":"Bag of Marbles"},{"floor":9,"key":"Whetstone"},{"floor":12,"key":"Tiny Chest"},{"floor":26,"key":"Pen Nib"},{"floor":31,"key":"Mercury Hourglass"},{"floor":43,"key":"Lantern"}],"event_choices":[{"damage_healed":25,"gold_gain":0,"player_choice":"Banana","damage_taken":0,"max_hp_gain":0,"max_hp_loss":0,"event_name":"Big Fish","floor":10,"gold_loss":0},{"cards_removed":["Defend_G"],"damage_healed":0,"gold_gain":0,"player_choice":"Card Removal","damage_taken":0,"max_hp_gain":0,"max_hp_loss":0,"event_name":"The Cleric","floor":11,"gold_loss":50},{"damage_healed":0,"gold_gain":0,"player_choice":"Success","damage_taken":12,"relics_obtained":["Shuriken"],"max_hp_gain":0,"max_hp_loss":0,"event_name":"Scrap Ooze","floor":14,"gold_loss":0},{"cards_removed":["Strike_G"],"damage_healed":0,"gold_gain":0,"player_choice":"Elegance","damage_taken":0,"max_hp_gain":0,"max_hp_loss":0,"event_name":"Back to Basics","floor":19,"gold_loss":0},{"damage_healed":22,"gold_gain":0,"player_choice":"Writhe","damage_taken":0,"max_hp_gain":0,"max_hp_loss":0,"event_name":"Winding Halls","floor":37,"gold_loss":0,"cards_obtained":["Writhe"]},{"cards_removed":["Strike_G"],"damage_healed":0,"gold_gain":0,"player_choice":"Removed Attack","damage_taken":0,"max_hp_gain":0,"max_hp_loss":0,"event_name":"Falling","floor":45,"gold_loss":0},{"damage_healed":0,"gold_gain":0,"player_choice":"Memory 1","damage_taken":0,"max_hp_gain":0,"max_hp_loss":0,"event_name":"SensoryStone","floor":48,"gold_loss":0}],"is_beta":false,"boss_relics":[{"not_picked":["Eternal Feather","Coffee Dripper"],"picked":"Orrery"},{"not_picked":["Runic Pyramid","Tiny House"],"picked":"Lizard Tail"}],"items_purged_floors":[20,29,36],"is_endless":false,"potions_floor_spawned":[3,4,5,16,24,25,28,39,41],"ascension_level":2}