{"gold_per_floor":[369,544,559,579,504,504,228,244,293,133,143,173,189,268,268,268],"floor_reached":16,"playtime":402,"items_purged":["Doubt","Decay","Strike_R"],"score":102,"play_id":"4ab440fa-d052-4476-b83d-93e7ff8d3254","local_time":"20190424034514","is_ascension_mode":false,"campfire_choices":[{"data":"Bash","floor":6.0,"key":"SMITH"},{"data":"Whirlwind","floor":15.0,"key":"SMITH"}],"neow_cost":"CURSE","seed_source_timestamp":0,"circlet_count":0,"master_deck":["Strike_R","Strike_R","Strike_R","Strike_R","Defend_R","Defend_R","Defend_R","Defend_R","Bash+1","Rampage","Thunderclap","Whirlwind+1","Disarm","Whirlwind","Headbutt"],"special_seed":0,"relics":["Burning Blood","Membership Card","Potion Belt","DollysMirror","Smiling Mask","Paper Frog"],"potions_floor_usage":[16],"damage_taken":[{"damage":14.0,"enemies":"Small Slimes","floor":1.0,"turns":4.0},{"damage":1.0,"enemies":"Jaw Worm","floor":3.0,"turns":3.0},{"damage":11.0,"enemies":"Cultist","floor":4.0,"turns":5.0},{"damage":6.0,"enemies":"2 Fungi Beasts","floor":8.0,"turns":3.0},{"damage":5.0,"enemies":"3 Louse","floor":11.0,"turns":2.0},{"damage":28.0,"enemies":"Lagavulin","floor":12.0,"turns":5.0},{"damage":5.0,"enemies":"Blue Slaver","floor":13.0,"turns":6.0},{"damage":54,"enemies":"Hexaghost","floor":16,"turns":12}],"seed_played":"-4420921511136322450","potions_obtained":[{"floor":3.0,"key":"Fire Potion"},{"floor":8.0,"key":"Fire Potion"},{"floor":13.0,"key":"Block Potion"}],"is_trial":false,"path_per_floor":["M","?","M","M","$","R","$","M","T","$","M","E","M","T","R","B"],"character_chosen":"IRONCLAD","items_purchased":["Membership Card","Whirlwind","DollysMirror"],"campfire_rested":0,"item_purchase_floors":[7,7,10],"current_hp_per_floor":[72,72,77,72,72,72,72,72,72,72,73,51,52,52,52,0],"gold":268,"neow_bonus":"TWO_FIFTY_GOLD","is_prod":false,"is_daily":false,"chose_seed":false,"campfire_upgraded":2,"win_rate":0,"timestamp":1556099114,"path_taken":["M","?","M","M","$","R","$","M","T","$","M","E","M","?","R","BOSS"],"build_version":"2019-01-23","purchased_purges":3,"victory":false,"max_hp_per_floor":[80,80,80,80,80,80,80,80,80,80,80,80,80,80,80,80],"card_choices":[{"not_picked":["Reckless Charge","Feel No Pain"],"picked":"Rampage","floor":1.0},{"not_picked":["Anger","Second Wind","True Grit"],"picked":"SKIP","floor":3.0},{"not_picked":["Feel No Pain","Anger","Thunderclap"],"picked":"SKIP","floor":4.0},{"not_picked":["Feel No Pain","Anger"],"picked":"Thunderclap","floor":4.0},{"not_picked":["Thunderclap","Heavy Blade"],"picked":"Disarm","floor":8.0},{"not_picked":["Clothesline","Iron Wave","Twin Strike"],"picked":"SKIP","floor":11.0},{"not_picked":["Bludgeon","Havoc","Iron Wave"],"picked":"SKIP","floor":12.0},{"not_picked":["Wild Strike","Headbutt","Feel No Pain"],"picked":"SKIP","floor":13.0},{"not_picked":["Wild Strike","Feel No Pain"],"picked":"Headbutt","floor":13.0}],"player_experience":1297592,"relics_obtained":[{"floor":9.0,"key":"Potion Belt"},{"floor":12.0,"key":"Smiling Mask"},{"floor":14.0,"key":"Paper Frog"}],"event_choices":[{"damage_healed":0.0,"max_hp_gain":0.0,"max_hp_loss":0.0,"gold_gain":175.0,"event_name":"Liars Game","player_choice":"AGREE","floor":2.0,"gold_loss":0.0,"damage_taken":0.0,"cards_obtained":["Doubt"]}],"is_beta":false,"boss_relics":[],"items_purged_floors":[5,7,10],"is_endless":false,"potions_floor_spawned":[3,8,13],"killed_by":"Hexaghost","ascension_level":0}