{"gold_per_floor":[118,393,409,426,357,357,382,382,382,382,395,395,67,80,80,178,178,190,200,46,46,46,46,61,61],"floor_reached":25,"playtime":1527,"items_purged":["Strike_B","Regret"],"score":221,"play_id":"df11b490-5406-4920-9f26-463ee5bc6830","local_time":"20181209161107","is_ascension_mode":true,"campfire_choices":[{"data":"Dualcast","floor":6,"key":"SMITH"},{"floor":8,"key":"REST"},{"data":"Barrage","floor":10,"key":"SMITH"},{"floor":12,"key":"REST"},{"floor":15,"key":"REST"},{"floor":23,"key":"REST"}],"neow_cost":"NONE","seed_source_timestamp":587595812127318,"circlet_count":0,"master_deck":["Strike_B+1","Strike_B+1","Defend_B","Defend_B","Defend_B","Defend_B","Zap","Dualcast+1","Ball Lightning","Barrage+1","Glacier","Defragment","Reinforced Body","Fission","Fusion","Rebound+1","Reinforced Body","Self Repair","Barrage"],"relics":["Cracked Core","NeowsBlessing","Ornamental Fan","Matryoshka","Smiling Mask","Shuriken","Whetstone","Nuclear Battery"],"potions_floor_usage":[16,18,24],"damage_taken":[{"damage":0,"enemies":"2 Louse","floor":1,"turns":1},{"damage":0,"enemies":"Cultist","floor":3,"turns":1},{"damage":0,"enemies":"Small Slimes","floor":4,"turns":1},{"damage":39,"enemies":"Lagavulin","floor":7,"turns":8},{"damage":22,"enemies":"Gremlin Gang","floor":11,"turns":3},{"damage":6,"enemies":"2 Fungi Beasts","floor":14,"turns":3},{"damage":31,"enemies":"Hexaghost","floor":16,"turns":11},{"damage":8,"enemies":"Chosen","floor":18,"turns":4},{"damage":54,"enemies":"3 Byrds","floor":19,"turns":8},{"damage":11,"enemies":"Snecko","floor":24,"turns":5},{"damage":36,"enemies":"Book of Stabbing","floor":25,"turns":6}],"seed_played":"-894116080586212917","potions_obtained":[{"floor":7,"key":"Block Potion"},{"floor":14,"key":"GamblersBrew"},{"floor":16,"key":"Swift Potion"},{"floor":18,"key":"AttackPotion"}],"is_trial":false,"path_per_floor":["M","?","M","M","?","R","E","R","T","R","M","R","$","M","R","B",null,"M","M","$","?","?","R","M","E"],"character_chosen":"DEFECT","items_purchased":["Defragment","Reinforced Body","Whetstone","Reinforced Body","Self Repair"],"campfire_rested":4,"item_purchase_floors":[13,13,13,20,20],"current_hp_per_floor":[75,75,75,75,75,75,36,58,58,58,36,58,58,52,74,43,75,67,13,13,13,13,35,31,0],"gold":61,"neow_bonus":"THREE_ENEMY_KILL","is_prod":false,"is_daily":false,"chose_seed":false,"campfire_upgraded":2,"win_rate":0,"timestamp":1544386267,"path_taken":["M","?","?","M","?","R","E","R","T","R","M","R","$","M","R","BOSS","M","?","$","?","?","R","M","E"],"build_version":"2018-12-06","purchased_purges":2,"victory":false,"max_hp_per_floor":[75,75,75,75,75,75,75,75,75,75,75,75,75,75,75,75,75,75,75,75,75,75,75,75,75],"card_choices":[{"not_picked":["Sweeping Beam","Leap"],"picked":"Ball Lightning","floor":1},{"not_picked":["Gash","Undo","Compile Driver"],"picked":"SKIP","floor":3},{"not_picked":["Conserve Battery","Hologram"],"picked":"Barrage","floor":4},{"not_picked":["Sweeping Beam","Recycle","Steam"],"picked":"SKIP","floor":7},{"not_picked":["Chill","Hello World"],"picked":"Glacier","floor":11},{"not_picked":["Heatsinks","Skim","Go for the Eyes"],"picked":"SKIP","floor":14},{"not_picked":["Creative AI","Amplify"],"picked":"Fission","floor":16},{"not_picked":["Glacier","Compile Driver"],"picked":"Fusion","floor":18},{"not_picked":["Melter+1","Skim"],"picked":"Rebound+1","floor":19},{"not_picked":["Steam+1","Cold Snap"],"picked":"Barrage","floor":24}],"player_experience":95573,"relics_obtained":[{"floor":7,"key":"Matryoshka"},{"floor":9,"key":"Smiling Mask"},{"floor":9,"key":"Shuriken"}],"event_choices":[{"damage_healed":0,"gold_gain":275,"player_choice":"Desecrate","damage_taken":0,"max_hp_gain":0,"max_hp_loss":0,"event_name":"Golden Shrine","floor":2,"gold_loss":0,"cards_obtained":["Regret"]},{"damage_healed":0,"gold_gain":0,"player_choice":"Paid Gold","damage_taken":0,"relics_obtained":["Ornamental Fan"],"max_hp_gain":0,"max_hp_loss":0,"event_name":"WeMeetAgain","floor":5,"gold_loss":69},{"damage_healed":0,"gold_gain":0,"player_choice":"Ignored","damage_taken":0,"max_hp_gain":0,"max_hp_loss":0,"event_name":"Beggar","floor":21,"gold_loss":0},{"cards_removed":["Strike_B"],"damage_healed":0,"gold_gain":0,"player_choice":"Offered Basic","damage_taken":0,"max_hp_gain":0,"max_hp_loss":0,"event_name":"Bonfire Elementals","floor":22,"gold_loss":0}],"is_beta":false,"boss_relics":[{"not_picked":["Calling Bell","Lizard Tail"],"picked":"Nuclear Battery"}],"items_purged_floors":[13,20],"is_endless":false,"potions_floor_spawned":[7,14,16,18],"killed_by":"Book of Stabbing","ascension_level":2}