{"gold_per_floor":[118,118,142,217,230,230,245,286,286,93,137,137,137],"floor_reached":13,"playtime":425,"items_purged":["Strike_G"],"score":163,"play_id":"5cb0379c-8476-4e59-8ec9-94442c4f7618","local_time":"20180806012423","is_ascension_mode":true,"campfire_choices":[{"data":"Poisoned Stab","floor":6.0,"key":"SMITH"},{"floor":12.0,"key":"REST"}],"neow_cost":"NONE","seed_source_timestamp":0,"circlet_count":0,"master_deck":["Defend_G","Defend_G","Defend_G","Defend_G","Defend_G","Strike_G","Strike_G","Strike_G","Strike_G","Survivor","Neutralize+1","AscendersBane","Catalyst","Poisoned Stab+1","Backstab","Slice","Backstab","Well Laid Plans","PiercingWail"],"special_seed":0,"relics":["Ring of the Snake","Golden Idol","Oddly Smooth Stone","Dream Catcher","The Courier"],"potions_floor_usage":[13],"damage_taken":[{"damage":2.0,"enemies":"Small Slimes","floor":1.0,"turns":5.0},{"damage":1.0,"enemies":"2 Louse","floor":3.0,"turns":3.0},{"damage":11.0,"enemies":"Jaw Worm","floor":5.0,"turns":4.0},{"damage":4.0,"enemies":"Blue Slaver","floor":7.0,"turns":3.0},{"damage":17.0,"enemies":"Gremlin Nob","floor":8.0,"turns":5.0},{"damage":10.0,"enemies":"Lagavulin","floor":11.0,"turns":6.0},{"damage":30,"enemies":"Gremlin Nob","floor":13,"turns":4}],"seed_played":"1573696383463889935","potions_obtained":[{"floor":5.0,"key":"EssenceOfSteel"},{"floor":7.0,"key":"Block Potion"},{"floor":8.0,"key":"LiquidBronze"}],"is_trial":false,"path_per_floor":["M","?","M","?","M","R","M","E","T","$","E","R"],"character_chosen":"THE_SILENT","items_purchased":["Backstab","Well Laid Plans"],"campfire_rested":1,"item_purchase_floors":[10,10],"current_hp_per_floor":[57,57,56,45,34,34,30,13,13,13,3,21,0],"gold":137,"neow_bonus":"UPGRADE_CARD","is_prod":false,"is_daily":false,"chose_seed":false,"campfire_upgraded":1,"win_rate":0,"timestamp":1533533063,"path_taken":["M","?","M","?","M","R","M","E","T","?","E","R","E"],"build_version":"2018-08-02","purchased_purges":1,"victory":false,"max_hp_per_floor":[66,60,60,60,60,60,60,60,60,60,60,60,60],"card_choices":[{"not_picked":["Prepared","PiercingWail"],"picked":"Catalyst","floor":1.0},{"not_picked":["Dagger Spray","Bane"],"picked":"Poisoned Stab","floor":3.0},{"not_picked":["Choke","Deflect"],"picked":"Backstab","floor":5.0},{"not_picked":["Dagger Throw","Flechettes","Underhanded Strike"],"picked":"SKIP","floor":7.0},{"not_picked":["Concentrate","Reflex"],"picked":"Slice","floor":8.0},{"not_picked":["Concentrate","Night Terror"],"picked":"PiercingWail","floor":11.0}],"player_experience":470989,"relics_obtained":[{"floor":8.0,"key":"Oddly Smooth Stone"},{"floor":9.0,"key":"Dream Catcher"},{"floor":11.0,"key":"The Courier"}],"event_choices":[{"event_name":"Golden Idol","player_choice":"Lose Max HP","floor":2.0,"damage_taken":0.0},{"event_name":"World of Goop","player_choice":"Gather Gold","floor":4.0,"damage_taken":0.0}],"is_beta":false,"boss_relics":[],"items_purged_floors":[10],"is_endless":false,"potions_floor_spawned":[5,7,8],"killed_by":"Gremlin Nob","ascension_level":15}