{"gold_per_floor":[118,168,181,181,181,181,191,37,37,50,84,95,128,12,12,12],"floor_reached":16,"playtime":611,"items_purged":["Regret"],"score":220,"play_id":"3cf4f0de-611f-4f26-8ec5-4603adfb300c","local_time":"20180924234055","is_ascension_mode":true,"campfire_choices":[{"data":"Malaise","floor":6,"key":"SMITH"},{"data":"Finisher","floor":15,"key":"SMITH"}],"neow_cost":"TEN_PERCENT_HP_LOSS","seed_source_timestamp":621508621204958,"circlet_count":0,"master_deck":["Defend_G+1","Defend_G","Defend_G","Defend_G","Defend_G","Strike_G","Strike_G","Strike_G","Strike_G","Survivor","Neutralize","AscendersBane","Malaise+1","Dagger Spray","Dodge and Roll","Blade Dance","Finisher+1","Choke","Blade Dance+1","Wraith Form v2","Footwork","Deflect"],"special_seed":0,"relics":["Ring of the Snake","Ninja Scroll","Meat on the Bone","Art of War","War Paint"],"potions_floor_usage":[16,16],"damage_taken":[{"damage":1.0,"enemies":"2 Louse","floor":1.0,"turns":5.0},{"damage":1,"enemies":"Cultist","floor":3,"turns":4},{"damage":4,"enemies":"Jaw Worm","floor":7,"turns":6},{"damage":0,"enemies":"Red Slaver","floor":10,"turns":1},{"damage":6,"enemies":"Gremlin Nob","floor":11,"turns":3},{"damage":9,"enemies":"3 Louse","floor":12,"turns":3},{"damage":11,"enemies":"Lagavulin","floor":13,"turns":4},{"damage":48,"enemies":"Hexaghost","floor":16,"turns":16}],"seed_played":"3036168294704450545","potions_obtained":[{"floor":3,"key":"SpeedPotion"},{"floor":10,"key":"Regen Potion"}],"is_trial":false,"path_per_floor":["M","?","M","?","?","R","M","$","T","M","E","M","E","$","R"],"character_chosen":"THE_SILENT","items_purchased":["Finisher","Footwork","Deflect"],"campfire_rested":0,"item_purchase_floors":[8,14,14],"current_hp_per_floor":[58,52,51,51,51,51,47,47,47,47,41,32,33,33,33,0],"gold":12,"neow_bonus":"THREE_RARE_CARDS","is_prod":false,"is_daily":false,"chose_seed":false,"campfire_upgraded":2,"win_rate":0,"timestamp":1537846855,"path_taken":["M","?","M","?","?","R","?","$","T","M","E","M","E","?","R","BOSS"],"build_version":"2018-09-20","purchased_purges":1,"victory":false,"max_hp_per_floor":[60,60,60,60,60,60,60,60,60,60,60,60,60,60,60,60],"card_choices":[{"not_picked":["Bullet Time","Corpse Explosion"],"picked":"Malaise","floor":0.0},{"not_picked":["Sucker Punch","Outmaneuver"],"picked":"Dagger Spray","floor":1.0},{"not_picked":["Flying Knee","Bane"],"picked":"Dodge and Roll","floor":3},{"not_picked":["Calculated Gamble","Escape Plan"],"picked":"Blade Dance","floor":7},{"not_picked":["Deflect","Prepared","Distraction"],"picked":"SKIP","floor":10},{"not_picked":["Deflect","Prepared","Distraction"],"picked":"SKIP","floor":10},{"not_picked":["Doppelganger","Underhanded Strike"],"picked":"Choke","floor":11},{"not_picked":["Calculated Gamble","Deflect"],"picked":"Blade Dance","floor":12},{"not_picked":["Heel Hook","Catalyst"],"picked":"Wraith Form v2","floor":13}],"player_experience":622918,"relics_obtained":[{"floor":9,"key":"Meat on the Bone"},{"floor":11,"key":"Art of War"},{"floor":13,"key":"War Paint"}],"event_choices":[{"event_name":"FaceTrader","player_choice":"Touch","floor":2,"damage_taken":0},{"event_name":"Purifier","player_choice":"One Purge","floor":4,"damage_taken":0},{"event_name":"Big Fish","player_choice":"Box","floor":5,"damage_taken":0}],"is_beta":true,"boss_relics":[],"items_purged_floors":[8],"is_endless":false,"potions_floor_spawned":[3,10,12],"killed_by":"Hexaghost","ascension_level":20}