{"gold_per_floor":[15,34,34,52,12,12,22,49,49,62,62,27,27,41,41,120,120,134,74,93,110,121,121],"floor_reached":23,"playtime":1134,"items_purged":[],"score":390,"play_id":"c19743c2-9f6d-4014-9b4c-f03004169f13","local_time":"20180921044815","is_ascension_mode":true,"campfire_choices":[{"data":"Neutralize","floor":6.0,"key":"SMITH"},{"data":"Crippling Poison","floor":11.0,"key":"SMITH"},{"data":"Footwork","floor":13.0,"key":"SMITH"},{"data":"Deadly Poison","floor":15.0,"key":"SMITH"}],"neow_cost":"NO_GOLD","seed_source_timestamp":293666744642355,"circlet_count":0,"master_deck":["Survivor","Neutralize+1","AscendersBane","After Image+1","Dash","Backflip","Crippling Poison+1","Flying Knee","Deadly Poison+1","Footwork+1","Footwork","Glass Knife","Riddle With Holes","Deadly Poison","Masterful Stab","Poisoned Stab","Crippling Poison","Blade Dance","Bouncing Flask","Sucker Punch","Finisher","Masterful Stab","Dodge and Roll","Dodge and Roll","PiercingWail+1"],"special_seed":0,"relics":["Ring of the Snake","Paper Crane","Meat on the Bone","Pandora\u0027s Box"],"potions_floor_usage":[21,23],"damage_taken":[{"damage":0.0,"enemies":"2 Louse","floor":1.0,"turns":3.0},{"damage":5.0,"enemies":"Small Slimes","floor":2.0,"turns":7.0},{"damage":0.0,"enemies":"Jaw Worm","floor":4.0,"turns":6.0},{"damage":3.0,"enemies":"Looter","floor":5.0,"turns":4.0},{"damage":12.0,"enemies":"Gremlin Gang","floor":7.0,"turns":5.0},{"damage":36.0,"enemies":"3 Sentries","floor":8.0,"turns":15.0},{"damage":0.0,"enemies":"2 Fungi Beasts","floor":10.0,"turns":5.0},{"damage":0.0,"enemies":"Looter","floor":14.0,"turns":4.0},{"damage":33.0,"enemies":"Slime Boss","floor":16.0,"turns":17.0},{"damage":7.0,"enemies":"Chosen","floor":18.0,"turns":5.0},{"damage":0.0,"enemies":"Spheric Guardian","floor":20.0,"turns":4.0},{"damage":37,"enemies":"Cultist and Chosen","floor":21,"turns":6},{"damage":13,"enemies":"Snake Plant","floor":22,"turns":5},{"damage":28,"enemies":"Slavers","floor":23,"turns":4}],"seed_played":"-6270828474314626300","potions_obtained":[{"floor":1.0,"key":"FairyPotion"},{"floor":7.0,"key":"Ancient Potion"},{"floor":21,"key":"Explosive Potion"}],"is_trial":false,"path_per_floor":["M","M","?","M","M","R","M","E","T","M","R","?","R","M","R","B",null,"M","$","M","M","M"],"character_chosen":"THE_SILENT","items_purchased":["Dodge and Roll"],"campfire_rested":0,"item_purchase_floors":[19],"current_hp_per_floor":[59,54,54,54,51,51,39,3,3,15,15,31,31,43,43,22,55,48,48,48,23,22,0],"gold":121,"neow_bonus":"THREE_RARE_CARDS","is_prod":false,"is_daily":false,"chose_seed":false,"campfire_upgraded":4,"win_rate":0,"timestamp":1537519695,"path_taken":["M","M","?","M","M","R","M","E","T","M","R","?","R","?","R","BOSS","M","$","M","M","M","E"],"build_version":"2018-09-20","purchased_purges":0,"victory":false,"max_hp_per_floor":[66,66,66,66,66,66,66,66,66,66,66,66,66,66,66,66,66,66,66,66,66,66,66],"card_choices":[{"not_picked":["Adrenaline","Corpse Explosion"],"picked":"After Image","floor":0.0},{"not_picked":["Reflex","Concentrate"],"picked":"Dash","floor":1.0},{"not_picked":["Dodge and Roll","Blade Dance"],"picked":"Backflip","floor":2.0},{"not_picked":["Dagger Throw","Flechettes"],"picked":"Crippling Poison","floor":4.0},{"not_picked":["Backflip","Deflect"],"picked":"Flying Knee","floor":5.0},{"not_picked":["Calculated Gamble","Acrobatics"],"picked":"Deadly Poison","floor":7.0},{"not_picked":["Tools of the Trade","Acrobatics","Slice"],"picked":"SKIP","floor":8.0},{"not_picked":["Underhanded Strike","Dagger Spray"],"picked":"Footwork","floor":10.0},{"not_picked":["Riddle With Holes","Cloak And Dagger"],"picked":"Footwork","floor":14.0},{"not_picked":["Adrenaline","Venomology"],"picked":"Glass Knife","floor":16.0},{"not_picked":["Poisoned Stab","Sucker Punch"],"picked":"Dodge and Roll","floor":18.0},{"not_picked":["Slice","Infinite Blades+1"],"picked":"PiercingWail+1","floor":20.0},{"not_picked":["Underhanded Strike+1","Expertise","Reflex"],"picked":"SKIP","floor":21},{"not_picked":["Reflex","Bullet Time","Deadly Poison"],"picked":"SKIP","floor":22}],"player_experience":589970,"relics_obtained":[{"floor":8.0,"key":"Paper Crane"},{"floor":9.0,"key":"Meat on the Bone"}],"event_choices":[{"event_name":"Living Wall","player_choice":"Grow","floor":3.0,"damage_taken":0.0},{"event_name":"The Cleric","player_choice":"Healed","floor":12.0,"damage_taken":0.0}],"is_beta":true,"boss_relics":[{"not_picked":["Sozu","Lizard Tail"],"picked":"Pandora\u0027s Box"}],"items_purged_floors":[],"is_endless":false,"potions_floor_spawned":[1,7,8,10,20,21,22],"killed_by":"Slavers","ascension_level":20}