{"gold_per_floor":[117,135,154,174,190,190,210,210,263,12,40,52,96,124,136,222,234,234,234,234,174,174,174,174,174,174,124,124,124,124,49,49,49,49,49,49,49,49,49,49,49,49,49,49,49,49,49,49,49,49],"floor_reached":51,"playtime":2495,"items_purged":["Strike_G"],"score":1351,"play_id":"80f21e97-6ed9-472e-864c-75003ef77af6","local_time":"20180812032134","is_ascension_mode":true,"campfire_choices":[{"data":"Noxious Fumes","floor":6.0,"key":"SMITH"},{"data":"Poisoned Stab","floor":8.0,"key":"SMITH"},{"data":"Noxious Fumes","floor":15.0,"key":"SMITH"},{"data":"Corpse Explosion","floor":23.0,"key":"SMITH"},{"floor":25.0,"key":"REST"},{"floor":32.0,"key":"REST"},{"data":"Adrenaline","floor":40.0,"key":"SMITH"},{"floor":44.0,"key":"REST"},{"floor":49.0,"key":"REST"}],"neow_cost":"NONE","seed_source_timestamp":0,"circlet_count":0,"master_deck":["Defend_G","Defend_G","Defend_G","Defend_G","Defend_G","Strike_G","Strike_G","Strike_G","Neutralize+1","AscendersBane","Riddle With Holes","Noxious Fumes+1","Cloak And Dagger","Cloak And Dagger","Poisoned Stab+1","Backstab","Noxious Fumes+1","Dagger Throw","Corpse Explosion+1","Blur","Dash+1","Sucker Punch+1","Cloak And Dagger","A Thousand Cuts","Deflect+1","Endless Agony","Catalyst","Adrenaline+1","Cloak And Dagger","PiercingWail+1","Blur","PiercingWail","PiercingWail","Malaise"],"special_seed":0,"relics":["Ring of the Serpent","Tiny Chest","TwistedFunnel","MawBank","Art of War","Ectoplasm","Bag of Marbles","Orichalcum","Smiling Mask","The Specimen","Prayer Wheel","Bronze Scales","Ninja Scroll","Boot"],"potions_floor_usage":[],"damage_taken":[{"damage":0.0,"enemies":"Cultist","floor":1.0,"turns":5.0},{"damage":0.0,"enemies":"Small Slimes","floor":2.0,"turns":3.0},{"damage":0.0,"enemies":"2 Louse","floor":3.0,"turns":3.0},{"damage":8.0,"enemies":"Exordium Wildlife","floor":4.0,"turns":5.0},{"damage":0.0,"enemies":"Gremlin Gang","floor":5.0,"turns":2.0},{"damage":0.0,"enemies":"2 Fungi Beasts","floor":7.0,"turns":4.0},{"damage":8.0,"enemies":"Gremlin Nob","floor":11.0,"turns":3.0},{"damage":18.0,"enemies":"Lagavulin","floor":13.0,"turns":5.0},{"damage":0.0,"enemies":"Looter","floor":14.0,"turns":2.0},{"damage":9.0,"enemies":"Hexaghost","floor":16.0,"turns":9.0},{"damage":0.0,"enemies":"Chosen","floor":18.0,"turns":4.0},{"damage":17.0,"enemies":"2 Thieves","floor":21.0,"turns":3.0},{"damage":0.0,"enemies":"Slavers","floor":24.0,"turns":1.0},{"damage":3.0,"enemies":"Gremlin Leader","floor":28.0,"turns":6.0},{"damage":5.0,"enemies":"Snake Plant","floor":29.0,"turns":4.0},{"damage":4.0,"enemies":"Snecko","floor":30.0,"turns":4.0},{"damage":48.0,"enemies":"Champ","floor":33.0,"turns":13.0},{"damage":0.0,"enemies":"3 Shapes","floor":35.0,"turns":2.0},{"damage":0.0,"floor":36.0,"turns":7.0},{"damage":1.0,"enemies":"Orb Walker","floor":37.0,"turns":4.0},{"damage":3.0,"enemies":"Flame Bruiser 2 Orb","floor":39.0,"turns":5.0},{"damage":39.0,"enemies":"Nemesis","floor":41.0,"turns":7.0},{"damage":3.0,"enemies":"Maw","floor":42.0,"turns":7.0},{"damage":1.0,"enemies":"3 Darklings","floor":45.0,"turns":4.0},{"damage":0.0,"enemies":"4 Shapes","floor":48.0,"turns":4.0},{"damage":9,"enemies":"Donu and Deca","floor":50,"turns":2}],"seed_played":"8405496614793811066","potions_obtained":[{"floor":3.0,"key":"Ancient Potion"},{"floor":4.0,"key":"Explosive Potion"},{"floor":5.0,"key":"Swift Potion"},{"floor":11.0,"key":"FearPotion"},{"floor":14.0,"key":"Explosive Potion"},{"floor":16.0,"key":"Explosive Potion"},{"floor":24.0,"key":"SkillPotion"},{"floor":28.0,"key":"SkillPotion"},{"floor":36.0,"key":"GamblersBrew"},{"floor":39.0,"key":"Explosive Potion"},{"floor":42.0,"key":"Explosive Potion"}],"is_trial":false,"path_per_floor":["M","M","M","M","M","R","M","R","T","$","E","$","E","M","R","B",null,"M","?","$","M","T","R","E","R","T","$","E","M","M","?","R","B",null,"M","?","M","?","M","R","E","M","T","R","M","T","?","M","R","B"],"character_chosen":"THE_SILENT","items_purchased":["TwistedFunnel","Fire Potion"],"campfire_rested":4,"item_purchase_floors":[10,10],"current_hp_per_floor":[59,59,59,51,51,51,51,51,51,51,43,43,25,25,25,16,54,54,54,54,37,37,37,37,56,56,56,53,48,44,44,63,15,53,53,53,52,52,49,49,10,7,7,26,25,25,25,25,44,35],"gold":49,"neow_bonus":"UPGRADE_CARD","is_prod":false,"is_daily":false,"chose_seed":false,"campfire_upgraded":5,"win_rate":0,"timestamp":1534058494,"path_taken":["M","M","M","M","?","R","M","R","T","$","E","$","E","M","R","BOSS","M","?","$","M","?","R","E","R","T","$","E","M","?","?","R","BOSS","M","?","M","?","M","R","E","M","T","R","?","?","?","?","R","BOSS"],"build_version":"2018-08-09","purchased_purges":1,"victory":true,"max_hp_per_floor":[66,66,66,66,66,66,66,66,66,66,66,66,66,66,66,66,66,66,66,66,66,66,66,66,66,66,66,66,66,66,66,66,66,66,66,66,66,66,66,66,66,66,66,66,66,66,66,66,66,66],"card_choices":[{"not_picked":["Dodge and Roll","Underhanded Strike"],"picked":"Riddle With Holes","floor":1.0},{"not_picked":["Finisher","Terror"],"picked":"Noxious Fumes","floor":2.0},{"not_picked":["Deflect","Heel Hook"],"picked":"Cloak And Dagger","floor":3.0},{"not_picked":["Flying Knee","Acrobatics"],"picked":"Cloak And Dagger","floor":4.0},{"not_picked":["Bane","Acrobatics"],"picked":"Poisoned Stab","floor":5.0},{"not_picked":["Envenom","Dodge and Roll"],"picked":"Backstab","floor":7.0},{"not_picked":["Bouncing Flask","Riddle With Holes"],"picked":"Noxious Fumes","floor":11.0},{"not_picked":["Sucker Punch","Acrobatics"],"picked":"Dagger Throw","floor":13.0},{"not_picked":["Heel Hook","Prepared","Tactician"],"picked":"SKIP","floor":14.0},{"not_picked":["Grand Finale","A Thousand Cuts"],"picked":"Corpse Explosion","floor":16.0},{"not_picked":["Heel Hook","Deadly Poison"],"picked":"Blur","floor":18.0},{"not_picked":["Accuracy","Blur"],"picked":"Dash+1","floor":21.0},{"not_picked":["Dagger Throw","Flechettes+1"],"picked":"Sucker Punch+1","floor":24.0},{"not_picked":["Flechettes","Deflect"],"picked":"Cloak And Dagger","floor":28.0},{"not_picked":["Concentrate","Slice+1","Deflect"],"picked":"SKIP","floor":29.0},{"not_picked":["Reflex","Acrobatics","Dagger Spray"],"picked":"SKIP","floor":30.0},{"not_picked":["Bullet Time","Adrenaline"],"picked":"A Thousand Cuts","floor":33.0},{"not_picked":["Riddle With Holes","Predator","Prepared"],"picked":"SKIP","floor":35.0},{"not_picked":["Predator","Slice"],"picked":"Deflect+1","floor":36.0},{"not_picked":["Poisoned Stab+1","Finisher"],"picked":"Endless Agony","floor":37.0},{"not_picked":["Bane+1","Deadly Poison+1"],"picked":"Catalyst","floor":37.0},{"not_picked":["Finisher","Acrobatics"],"picked":"Adrenaline","floor":39.0},{"not_picked":["Blade Dance","Choke","Prepared"],"picked":"SKIP","floor":39.0},{"not_picked":["Setup+1","Expertise","Acrobatics+1"],"picked":"SKIP","floor":41.0},{"not_picked":["Slice","Outmaneuver"],"picked":"Cloak And Dagger","floor":42.0},{"not_picked":["Bane","Infinite Blades"],"picked":"PiercingWail+1","floor":42.0},{"not_picked":["All Out Attack","Riddle With Holes"],"picked":"Blur","floor":45.0},{"not_picked":["Deadly Poison+1","Bane"],"picked":"PiercingWail","floor":45.0},{"not_picked":["Prepared","Caltrops"],"picked":"PiercingWail","floor":48.0},{"not_picked":["Slice+1","Dagger Spray"],"picked":"Malaise","floor":48.0}],"player_experience":489574,"relics_obtained":[{"floor":9.0,"key":"Tiny Chest"},{"floor":11.0,"key":"MawBank"},{"floor":13.0,"key":"Art of War"},{"floor":22.0,"key":"Bag of Marbles"},{"floor":24.0,"key":"Orichalcum"},{"floor":26.0,"key":"Smiling Mask"},{"floor":28.0,"key":"The Specimen"},{"floor":36.0,"key":"Prayer Wheel"},{"floor":41.0,"key":"Bronze Scales"},{"floor":43.0,"key":"Ninja Scroll"},{"floor":46.0,"key":"Boot"}],"event_choices":[{"event_name":"The Mausoleum","player_choice":"No","floor":19.0,"damage_taken":0.0},{"event_name":"Beggar","player_choice":"Gave Gold","floor":31.0,"damage_taken":0.0},{"event_name":"MindBloom","player_choice":"Fight","floor":36.0,"damage_taken":0.0},{"event_name":"Falling","player_choice":"Removed Skill","floor":38.0,"damage_taken":0.0},{"event_name":"Mysterious Sphere","player_choice":"Ignore","floor":47.0,"damage_taken":0.0}],"is_beta":false,"boss_relics":[{"not_picked":["WristBlade","Snecko Eye"],"picked":"Ectoplasm"},{"not_picked":["Velvet Choker","Sozu"],"picked":"Ring of the Serpent"}],"items_purged_floors":[27],"is_endless":false,"potions_floor_spawned":[3,4,5,11,14,16,21,24,28,36,39,42,45],"ascension_level":15}