{"gold_per_floor":[367,367,367,38,51,51,82,7,7,7,7,26,26,55,55,132,132,143,163,163,178,178,240,240,20,68,68,84,104,104,129,129,203,203,215,229,26,46,57,57,57,77,102,119,219,230,230,0,0,0,0],"floor_reached":52,"playtime":2517,"items_purged":[],"score":1835,"play_id":"165bd6cf-5ad9-4073-8a7a-c98d10266dd7","local_time":"20181026075910","is_ascension_mode":true,"campfire_choices":[{"data":"Bouncing Flask","floor":6.0,"key":"SMITH"},{"floor":10.0,"key":"REST"},{"floor":13.0,"key":"REST"},{"data":"Crippling Poison","floor":15.0,"key":"SMITH"},{"data":"Adrenaline","floor":24.0,"key":"SMITH"},{"floor":27.0,"key":"REST"},{"data":"Catalyst","floor":30.0,"key":"SMITH"},{"data":"Footwork","floor":32.0,"key":"SMITH"},{"data":"Catalyst","floor":40.0,"key":"SMITH"},{"data":"Wraith Form v2","floor":47.0,"key":"SMITH"},{"data":"Neutralize","floor":49.0,"key":"SMITH"}],"neow_cost":"PERCENT_DAMAGE","seed_source_timestamp":106082594131744,"circlet_count":0,"master_deck":["Defend_G","Defend_G","Defend_G","Defend_G","Defend_G","Survivor","Neutralize+1","AscendersBane","Catalyst+1","Footwork+1","Backflip","Dagger Throw","Bouncing Flask+1","Dagger Throw","Crippling Poison+1","Backflip","Corpse Explosion","Glass Knife+1","Doppelganger+1","Infinite Blades+1","Dagger Spray","Catalyst","Poisoned Stab","Wraith Form v2+1","Bite","Bite","Bite","Bite","Bite","Adrenaline+1","Backflip","Dash","Cloak And Dagger","Catalyst+1","PiercingWail","Backflip","Dodge and Roll+1"],"special_seed":0,"relics":["Ring of the Snake","Bronze Scales","Happy Flower","Du-Vu Doll","Boot","Darkstone Periapt","Astrolabe","Tiny Chest","Anchor","Snake Skull","Bag of Marbles","Coffee Dripper","Bag of Preparation","Oddly Smooth Stone","Tough Bandages","Red Mask"],"potions_floor_usage":[51],"damage_taken":[{"damage":1.0,"enemies":"Cultist","floor":1.0,"turns":4.0},{"damage":0.0,"enemies":"Small Slimes","floor":5.0,"turns":4.0},{"damage":42.0,"enemies":"3 Sentries","floor":7.0,"turns":10.0},{"damage":0.0,"enemies":"Jaw Worm","floor":12.0,"turns":3.0},{"damage":14.0,"enemies":"Lagavulin","floor":14.0,"turns":6.0},{"damage":18.0,"enemies":"The Guardian","floor":16.0,"turns":9.0},{"damage":2.0,"enemies":"3 Byrds","floor":18.0,"turns":1.0},{"damage":1.0,"enemies":"Spheric Guardian","floor":19.0,"turns":3.0},{"damage":14.0,"enemies":"Shelled Parasite and Fungi","floor":21.0,"turns":5.0},{"damage":24.0,"enemies":"Slavers","floor":23.0,"turns":3.0},{"damage":12.0,"enemies":"3 Cultists","floor":28.0,"turns":3.0},{"damage":3.0,"enemies":"Snake Plant","floor":29.0,"turns":3.0},{"damage":7.0,"enemies":"Champ","floor":33.0,"turns":8.0},{"damage":2.0,"enemies":"Orb Walker","floor":35.0,"turns":3.0},{"damage":2.0,"enemies":"3 Darklings","floor":36.0,"turns":3.0},{"damage":2.0,"enemies":"Transient","floor":38.0,"turns":6.0},{"damage":0.0,"enemies":"Maw","floor":39.0,"turns":4.0},{"damage":13.0,"enemies":"Spire Growth","floor":42.0,"turns":3.0},{"damage":0.0,"enemies":"Jaw Worm Horde","floor":44.0,"turns":2.0},{"damage":18.0,"enemies":"Mind Bloom Boss Battle","floor":45.0,"turns":6.0},{"damage":0.0,"enemies":"Writhing Mass","floor":46.0,"turns":3.0},{"damage":2.0,"enemies":"Donu and Deca","floor":50.0,"turns":5.0},{"damage":38,"enemies":"Awakened One","floor":51,"turns":19}],"seed_played":"-8461237912272233360","potions_obtained":[{"floor":1.0,"key":"SpeedPotion"},{"floor":7.0,"key":"FearPotion"},{"floor":12.0,"key":"Strength Potion"},{"floor":16.0,"key":"Fire Potion"},{"floor":18.0,"key":"Block Potion"},{"floor":21.0,"key":"SpeedPotion"},{"floor":33.0,"key":"Swift Potion"},{"floor":42.0,"key":"Strength Potion"},{"floor":46.0,"key":"GhostInAJar"}],"is_trial":false,"path_per_floor":["M","$","?","$","M","R","E","?","T","R","T","M","R","E","R","B",null,"M","M","?","M","?","E","R","$","T","R","M","M","R","T","R","B",null,"M","M","$","M","M","R","?","M","T","M","?","M","R","?","R","B","B"],"character_chosen":"THE_SILENT","items_purchased":["Footwork","Bronze Scales","Backflip","Dagger Throw","Anchor","Fire Potion","Bag of Preparation","Dash"],"campfire_rested":3,"item_purchase_floors":[4,4,4,4,25,25,37,37],"current_hp_per_floor":[43,43,43,43,43,43,1,1,1,20,20,20,39,25,25,7,51,49,48,48,34,34,10,10,10,10,23,15,16,16,16,16,17,39,41,45,45,46,46,46,46,39,39,43,32,36,36,36,36,38,22],"gold":0,"neow_bonus":"TWO_FIFTY_GOLD","is_prod":false,"is_daily":false,"chose_seed":false,"campfire_upgraded":8,"win_rate":0,"timestamp":1540555150,"path_taken":["M","$","?","$","M","R","E","?","T","R","?","M","R","E","R","BOSS","M","?","?","M","?","E","R","$","T","R","M","?","R","?","R","BOSS","M","M","$","M","M","R","?","M","T","M","?","M","R","?","R","BOSS","BOSS"],"build_version":"2018-10-25v2","purchased_purges":0,"victory":true,"max_hp_per_floor":[66,66,66,66,66,66,66,66,66,66,66,66,66,66,66,66,66,66,66,66,66,46,46,46,46,46,46,46,46,46,46,46,46,46,46,46,46,46,46,46,46,46,46,46,46,46,46,46,46,46,46],"card_choices":[{"not_picked":["Tactician","Underhanded Strike"],"picked":"Catalyst","floor":1.0},{"not_picked":["Dagger Spray","Outmaneuver"],"picked":"Bouncing Flask","floor":5.0},{"not_picked":["Bullet Time","Deflect"],"picked":"Dagger Throw","floor":7.0},{"not_picked":["Blur","Slice"],"picked":"Crippling Poison","floor":12.0},{"not_picked":["Burst","Expertise"],"picked":"Backflip","floor":14.0},{"not_picked":["Burst","Grand Finale"],"picked":"Corpse Explosion","floor":16.0},{"not_picked":["Masterful Stab","Finisher"],"picked":"Dagger Spray","floor":18.0},{"not_picked":["Blade Dance","Bouncing Flask+1"],"picked":"Catalyst","floor":19.0},{"not_picked":["Dodge and Roll","Catalyst"],"picked":"Backstab+1","floor":21.0},{"not_picked":["Acrobatics","Terror+1"],"picked":"Adrenaline","floor":23.0},{"not_picked":["Bouncing Flask","Sucker Punch","Dagger Spray"],"picked":"SKIP","floor":28.0},{"not_picked":["Caltrops","Acrobatics"],"picked":"Backflip","floor":29.0},{"not_picked":["Outmaneuver+1","Concentrate","Underhanded Strike"],"picked":"SKIP","floor":35.0},{"not_picked":["Prepared","Reflex+1","Blade Dance"],"picked":"SKIP","floor":36.0},{"not_picked":["Tactician","Prepared+1"],"picked":"Cloak And Dagger","floor":38.0},{"not_picked":["Cloak And Dagger+1","Tools of the Trade"],"picked":"Catalyst","floor":39.0},{"not_picked":["Reflex","Underhanded Strike+1"],"picked":"PiercingWail","floor":42.0},{"not_picked":["Cloak And Dagger","Underhanded Strike"],"picked":"Backflip","floor":44.0},{"not_picked":["Blur+1","Dagger Throw"],"picked":"Dodge and Roll+1","floor":45.0},{"not_picked":["Deadly Poison","Concentrate","Flying Knee+1"],"picked":"SKIP","floor":46.0}],"player_experience":731220,"relics_obtained":[{"floor":7.0,"key":"Happy Flower"},{"floor":9.0,"key":"Du-Vu Doll"},{"floor":11.0,"key":"Boot"},{"floor":14.0,"key":"Darkstone Periapt"},{"floor":23.0,"key":"Tiny Chest"},{"floor":26.0,"key":"Snake Skull"},{"floor":31.0,"key":"Bag of Marbles"},{"floor":43.0,"key":"Oddly Smooth Stone"},{"floor":45.0,"key":"Tough Bandages"}],"event_choices":[{"damage_healed":0.0,"max_hp_gain":0.0,"max_hp_loss":0.0,"gold_gain":0.0,"event_name":"The Cleric","player_choice":"Leave","floor":3.0,"gold_loss":0.0,"damage_taken":0.0},{"damage_healed":0.0,"max_hp_gain":0.0,"max_hp_loss":0.0,"gold_gain":0.0,"event_name":"World of Goop","player_choice":"Left Gold","floor":8.0,"gold_loss":75.0,"damage_taken":0.0},{"damage_healed":0.0,"max_hp_gain":0.0,"max_hp_loss":0.0,"gold_gain":0.0,"event_name":"Match and Keep!","player_choice":"2 cards matched","floor":20.0,"gold_loss":0.0,"damage_taken":0.0,"cards_obtained":["Poisoned Stab","Wraith Form v2"]},{"damage_healed":0.0,"max_hp_gain":0.0,"max_hp_loss":20.0,"gold_gain":0.0,"event_name":"Vampires","player_choice":"Became a vampire","floor":22.0,"gold_loss":0.0,"damage_taken":0.0,"cards_obtained":["Bite","Bite","Bite","Bite","Bite"]},{"cards_removed":["Backstab"],"damage_healed":0.0,"max_hp_gain":0.0,"max_hp_loss":0.0,"gold_gain":0.0,"event_name":"Falling","player_choice":"Removed Attack","floor":41.0,"gold_loss":0.0,"damage_taken":0.0},{"damage_healed":0.0,"max_hp_gain":0.0,"max_hp_loss":0.0,"gold_gain":0.0,"event_name":"MindBloom","player_choice":"Fight","floor":45.0,"gold_loss":0.0,"damage_taken":0.0},{"damage_healed":0.0,"max_hp_gain":0.0,"max_hp_loss":0.0,"gold_gain":0.0,"event_name":"Tomb of Lord Red Mask","player_choice":"Paid","floor":48.0,"gold_loss":230.0,"damage_taken":0.0,"relics_obtained":["Red Mask"]}],"is_beta":true,"boss_relics":[{"not_picked":["Snecko Eye","Busted Crown"],"picked":"Astrolabe"},{"not_picked":["Philosopher\u0027s Stone","Orrery"],"picked":"Coffee Dripper"}],"items_purged_floors":[],"is_endless":false,"potions_floor_spawned":[1,7,12,16,18,19,21,33,36,42,45,46],"ascension_level":20}