{"gold_per_floor":[361,213,213,238,261,261,300,300,300,300,314,330,330,344,344,470,470,494,323,323,338,351,386,411,411,490,511,532,575,575,615,615,734,734,754,777,208,227,240,271,271,271,271,307,332,93,127,147,147,147],"floor_reached":51,"playtime":2547,"items_purged":["Regret","Strike_R"],"score":926,"play_id":"681b8937-541b-4a6b-ae2b-97d12af0082c","local_time":"20190423234413","is_ascension_mode":false,"campfire_choices":[{"data":"Armaments","floor":6,"key":"SMITH"},{"data":"1","floor":8,"key":"LIFT"},{"data":"2","floor":13,"key":"LIFT"},{"data":"3","floor":15,"key":"LIFT"},{"data":"Carnage","floor":25,"key":"SMITH"},{"data":"Uppercut","floor":30,"key":"SMITH"},{"data":"Bash","floor":32,"key":"SMITH"},{"data":"Bludgeon","floor":42,"key":"SMITH"},{"data":"Discovery","floor":49,"key":"SMITH"}],"neow_cost":"CURSE","seed_source_timestamp":995261958253300,"circlet_count":0,"master_deck":["Strike_R","Strike_R","Strike_R","Strike_R","Defend_R","Defend_R","Defend_R","Defend_R","Bash+1","Battle Trance","Shrug It Off","Armaments+1","Seeing Red","Twin Strike","Carnage+1","Iron Wave","True Grit","Power Through","Impervious","Whirlwind+1","Ghostly Armor","True Grit+1","Heavy Blade+1","Shrug It Off","Power Through","Uppercut+1","Headbutt+1","Bludgeon+1","Ghostly Armor","Feed","Discovery+1","Spot Weakness+1","Power Through+1","Spot Weakness+1","Shrug It Off+1","True Grit+1","Apotheosis","Inflame"],"relics":["Burning Blood","Golden Idol","Girya","Kunai","Strawberry","Snecko Eye","Ornamental Fan","Singing Bowl","The Courier","Regal Pillow","Busted Crown","Ice Cream","Lantern","Ginger","Art of War","Prayer Wheel","Pear"],"potions_floor_usage":[7,7,23,23,31,33,33,45,48,50],"damage_taken":[{"damage":8,"enemies":"Jaw Worm","floor":1,"turns":4},{"damage":0,"enemies":"2 Louse","floor":4,"turns":3},{"damage":0,"enemies":"Cultist","floor":5,"turns":3},{"damage":23,"enemies":"Gremlin Nob","floor":7,"turns":4},{"damage":4,"enemies":"2 Fungi Beasts","floor":11,"turns":3},{"damage":8,"enemies":"Red Slaver","floor":12,"turns":4},{"damage":0,"enemies":"Large Slime","floor":14,"turns":4},{"damage":24,"enemies":"The Guardian","floor":16,"turns":12},{"damage":0,"enemies":"Spheric Guardian","floor":18,"turns":3},{"damage":5,"enemies":"Chosen","floor":21,"turns":3},{"damage":0,"enemies":"Shelled Parasite and Fungi","floor":22,"turns":5},{"damage":13,"enemies":"Slavers","floor":23,"turns":6},{"damage":5,"enemies":"Centurion and Healer","floor":24,"turns":4},{"damage":6,"enemies":"Snake Plant","floor":27,"turns":2},{"damage":0,"enemies":"Cultist and Chosen","floor":28,"turns":4},{"damage":20,"enemies":"Book of Stabbing","floor":29,"turns":5},{"damage":13,"enemies":"Gremlin Leader","floor":31,"turns":7},{"damage":45,"enemies":"Collector","floor":33,"turns":12},{"damage":0,"enemies":"Orb Walker","floor":35,"turns":3},{"damage":11,"enemies":"3 Shapes","floor":36,"turns":2},{"damage":3,"enemies":"Spire Growth","floor":38,"turns":3},{"damage":3,"enemies":"Sphere and 2 Shapes","floor":39,"turns":3},{"damage":10,"enemies":"Nemesis","floor":40,"turns":5},{"damage":22,"enemies":"Reptomancer","floor":44,"turns":5},{"damage":0,"enemies":"3 Darklings","floor":45,"turns":4},{"damage":15,"enemies":"Nemesis","floor":47,"turns":7},{"damage":11,"enemies":"Transient","floor":48,"turns":5},{"damage":22,"enemies":"Time Eater","floor":50,"turns":6}],"seed_played":"2816455183304067486","potions_obtained":[{"floor":1,"key":"EntropicBrew"},{"floor":21,"key":"Poison Potion"},{"floor":22,"key":"Block Potion"},{"floor":28,"key":"Dexterity Potion"},{"floor":29,"key":"FearPotion"},{"floor":36,"key":"EssenceOfSteel"},{"floor":40,"key":"BloodPotion"},{"floor":45,"key":"Fruit Juice"},{"floor":48,"key":"GamblersBrew"}],"is_trial":false,"path_per_floor":["M","$","?","M","M","R","E","R","T","?","M","M","R","M","R","B",null,"M","$","?","M","M","E","M","R","T","M","M","E","R","E","R","B",null,"M","M","$","M","M","E","?","R","T","E","M","$","E","M","R","B",null],"character_chosen":"IRONCLAD","items_purchased":["Shrug It Off","Armaments","Ghostly Armor","Ice Cream","Lantern","Ghostly Armor","Feed","Discovery","Weak Potion","Apotheosis","Inflame"],"campfire_rested":0,"item_purchase_floors":[2,2,19,37,37,37,37,37,46,46,46],"current_hp_per_floor":[78,78,58,64,70,70,53,53,53,60,62,60,60,66,66,48,87,87,87,87,87,87,80,81,81,81,83,89,77,77,70,70,31,91,93,90,90,95,101,97,97,97,97,84,100,100,103,114,114,98],"gold":147,"neow_bonus":"TWO_FIFTY_GOLD","is_prod":false,"is_daily":false,"chose_seed":false,"campfire_upgraded":6,"win_rate":1,"timestamp":1556088253,"path_taken":["M","$","?","M","M","R","E","R","T","?","M","M","R","M","R","BOSS","M","$","?","M","M","E","M","R","T","M","M","E","R","E","R","BOSS","M","M","$","M","M","E","?","R","T","E","M","$","E","M","R","BOSS"],"build_version":"2019-01-23","purchased_purges":2,"victory":true,"max_hp_per_floor":[80,80,80,80,80,80,80,80,80,87,87,87,87,87,87,87,87,87,87,87,87,87,87,87,87,87,89,89,91,91,91,91,91,91,93,95,95,97,101,101,101,101,101,104,114,114,126,130,130,130],"card_choices":[{"not_picked":["Warcry","True Grit"],"picked":"Battle Trance","floor":1},{"not_picked":["Battle Trance","Wild Strike"],"picked":"Seeing Red","floor":4},{"not_picked":["Cleave","Combust"],"picked":"Twin Strike","floor":5},{"not_picked":["Flex","Dual Wield"],"picked":"Carnage","floor":7},{"not_picked":["Perfected Strike","Sword Boomerang"],"picked":"Iron Wave","floor":11},{"not_picked":["Reckless Charge","Iron Wave"],"picked":"True Grit","floor":12},{"not_picked":["Blood for Blood","Body Slam"],"picked":"Power Through","floor":14},{"not_picked":["Bludgeon","Berserk"],"picked":"Impervious","floor":16},{"not_picked":["Flex","Rage"],"picked":"Whirlwind+1","floor":18},{"not_picked":["Anger","Dropkick+1"],"picked":"True Grit+1","floor":21},{"not_picked":["Pommel Strike+1","Iron Wave"],"picked":"Heavy Blade+1","floor":22},{"not_picked":["Rage","Armaments"],"picked":"Shrug It Off","floor":23},{"not_picked":["Fire Breathing","Thunderclap"],"picked":"Power Through","floor":24},{"not_picked":["Wild Strike","Iron Wave","Sword Boomerang"],"picked":"Singing Bowl","floor":27},{"not_picked":["Anger","Clash"],"picked":"Uppercut","floor":28},{"not_picked":["Intimidate","Twin Strike","Second Wind"],"picked":"Singing Bowl","floor":29},{"not_picked":["Armaments","Offering"],"picked":"Headbutt+1","floor":31},{"not_picked":["Berserk","Barricade"],"picked":"Bludgeon","floor":33},{"not_picked":["Anger+1"],"picked":"Singing Bowl","floor":35},{"not_picked":["Sword Boomerang+1"],"picked":"Singing Bowl","floor":36},{"not_picked":["Rupture+1"],"picked":"Singing Bowl","floor":38},{"not_picked":[],"picked":"Spot Weakness+1","floor":39},{"not_picked":[],"picked":"Power Through+1","floor":40},{"not_picked":[],"picked":"Shrug It Off+1","floor":44},{"not_picked":["Twin Strike+1"],"picked":"Singing Bowl","floor":45},{"not_picked":[],"picked":"True Grit+1","floor":45},{"not_picked":["Warcry"],"picked":"Singing Bowl","floor":47},{"not_picked":["Shrug It Off"],"picked":"Singing Bowl","floor":48},{"not_picked":["Shrug It Off"],"picked":"Singing Bowl","floor":48}],"player_experience":547362,"relics_obtained":[{"floor":7,"key":"Girya"},{"floor":9,"key":"Kunai"},{"floor":10,"key":"Strawberry"},{"floor":23,"key":"Ornamental Fan"},{"floor":26,"key":"Singing Bowl"},{"floor":29,"key":"The Courier"},{"floor":31,"key":"Regal Pillow"},{"floor":40,"key":"Ginger"},{"floor":43,"key":"Art of War"},{"floor":44,"key":"Prayer Wheel"},{"floor":47,"key":"Pear"}],"event_choices":[{"damage_healed":0,"gold_gain":0,"player_choice":"Take Damage","damage_taken":20,"relics_obtained":["Golden Idol"],"max_hp_gain":0,"max_hp_loss":0,"event_name":"Golden Idol","floor":3,"gold_loss":0},{"damage_healed":0,"gold_gain":0,"player_choice":"Relic","damage_taken":0,"max_hp_gain":0,"max_hp_loss":0,"event_name":"Wheel of Change","floor":10,"gold_loss":0},{"damage_healed":0,"gold_gain":0,"player_choice":"Ignored","damage_taken":0,"max_hp_gain":0,"max_hp_loss":0,"event_name":"Vampires","floor":20,"gold_loss":0},{"damage_healed":0,"gold_gain":0,"player_choice":"Copied","damage_taken":0,"max_hp_gain":0,"max_hp_loss":0,"event_name":"Duplicator","floor":41,"gold_loss":0,"cards_obtained":["Spot Weakness"]}],"is_beta":false,"boss_relics":[{"not_picked":["Sozu","Eternal Feather"],"picked":"Snecko Eye"},{"not_picked":["Runic Pyramid","White Beast Statue"],"picked":"Busted Crown"}],"items_purged_floors":[2,19],"is_endless":false,"potions_floor_spawned":[1,21,22,28,29,36,40,45,47,48],"ascension_level":0}