{"gold_per_floor":[117,131,131,131,131,131,162,162,208,234,244,258,37,47,47,125,125,138,53,70,70,14,14,14,14,87,87,12,28,228,239,239,317,317,334,334,334,434,434,434,445,462,492,504,154,104,117,132,132,132,132],"floor_reached":51,"playtime":3475,"items_purged":["Strike_G","Strike_G"],"score":1260,"play_id":"8d84ad8b-89d1-4025-9ccb-9a42e45c2a75","local_time":"20181026223804","is_ascension_mode":true,"campfire_choices":[{"data":"Neutralize","floor":6.0,"key":"SMITH"},{"data":"Flying Knee","floor":8.0,"key":"SMITH"},{"data":"Caltrops","floor":15.0,"key":"SMITH"},{"data":"Well Laid Plans","floor":23.0,"key":"SMITH"},{"data":"Adrenaline","floor":25.0,"key":"SMITH"},{"floor":27.0,"key":"REST"},{"data":"Glass Knife","floor":32.0,"key":"SMITH"},{"data":"Adrenaline","floor":40.0,"key":"SMITH"},{"floor":49.0,"key":"REST"}],"neow_cost":"NONE","seed_source_timestamp":0,"circlet_count":0,"master_deck":["Defend_G+1","Defend_G","Defend_G","Defend_G","Defend_G","Survivor","Neutralize+1","AscendersBane","Noxious Fumes+1","Bouncing Flask+1","Flying Knee+1","Deflect","Adrenaline+1","Caltrops+1","Dodge and Roll","Cloak And Dagger","Glass Knife+1","PiercingWail","Well Laid Plans+1","Deflect","Adrenaline+1","Cloak And Dagger+1","Noxious Fumes","Backflip","Blur+1","Poisoned Stab+1","Crippling Poison+1","Finesse","Secret Technique","Blur+1","Sucker Punch+1","Backflip","PiercingWail"],"special_seed":0,"relics":["Ring of the Snake","NeowsBlessing","Centennial Puzzle","Blood Vial","Anchor","Juzu Bracelet","Empty Cage","Vajra","Nilry\u0027s Codex","Mummified Hand","Orrery","Thread and Needle","Tiny Chest","Oddly Smooth Stone"],"potions_floor_usage":[50,50],"damage_taken":[{"damage":0.0,"enemies":"Cultist","floor":1.0,"turns":1.0},{"damage":0.0,"enemies":"2 Louse","floor":2.0,"turns":1.0},{"damage":0.0,"enemies":"Lagavulin","floor":7.0,"turns":1.0},{"damage":1.0,"enemies":"Gremlin Nob","floor":10.0,"turns":4.0},{"damage":0.0,"enemies":"Small Slimes","floor":11.0,"turns":3.0},{"damage":2.0,"enemies":"Gremlin Gang","floor":12.0,"turns":5.0},{"damage":4.0,"enemies":"Exordium Wildlife","floor":14.0,"turns":5.0},{"damage":37.0,"enemies":"Slime Boss","floor":16.0,"turns":8.0},{"damage":11.0,"enemies":"2 Thieves","floor":18.0,"turns":4.0},{"damage":6.0,"enemies":"Spheric Guardian","floor":20.0,"turns":5.0},{"damage":5.0,"enemies":"Shelled Parasite and Fungi","floor":29.0,"turns":6.0},{"damage":1.0,"enemies":"Snake Plant","floor":31.0,"turns":2.0},{"damage":39.0,"enemies":"Champ","floor":33.0,"turns":11.0},{"damage":5.0,"enemies":"3 Shapes","floor":35.0,"turns":5.0},{"damage":0.0,"enemies":"Mind Bloom Boss Battle","floor":38.0,"turns":7.0},{"damage":0.0,"enemies":"3 Darklings","floor":41.0,"turns":5.0},{"damage":6.0,"enemies":"Jaw Worm Horde","floor":42.0,"turns":5.0},{"damage":9.0,"enemies":"4 Shapes","floor":44.0,"turns":6.0},{"damage":0.0,"enemies":"Maw","floor":47.0,"turns":7.0},{"damage":0.0,"enemies":"Writhing Mass","floor":48.0,"turns":6.0},{"damage":4,"enemies":"Awakened One","floor":50,"turns":24},{"damage":69,"enemies":"Donu and Deca","floor":51,"turns":10}],"seed_played":"2154283539185366163","potions_obtained":[{"floor":7.0,"key":"GhostInAJar"},{"floor":10.0,"key":"PowerPotion"},{"floor":11.0,"key":"PowerPotion"},{"floor":18.0,"key":"LiquidBronze"},{"floor":44.0,"key":"EssenceOfSteel"},{"floor":47.0,"key":"LiquidBronze"}],"is_trial":false,"path_per_floor":["M","M","?","?","?","R","E","R","T","E","M","M","$","M","R","B",null,"M","?","M","?","$","R","?","R","T","R","$","M","?","M","R","B",null,"M","?","?","?","?","R","M","M","T","M","$","?","M","M","R","B"],"character_chosen":"THE_SILENT","items_purchased":["Dodge and Roll","Juzu Bracelet","Deflect","Oddly Smooth Stone","Regen Potion"],"campfire_rested":2,"item_purchase_floors":[13,13,22,45,45],"current_hp_per_floor":[59,59,64,64,64,64,64,64,64,65,67,67,67,65,65,30,61,52,52,48,27,27,27,27,27,27,48,48,45,45,46,46,9,56,53,43,43,45,45,45,47,43,43,36,36,36,53,55,71,67,0],"gold":132,"neow_bonus":"THREE_ENEMY_KILL","is_prod":false,"is_daily":false,"chose_seed":false,"campfire_upgraded":7,"win_rate":0,"timestamp":1540607884,"path_taken":["M","?","?","?","?","R","E","R","T","E","M","M","$","M","R","BOSS","M","?","M","?","$","R","?","R","T","R","$","M","?","M","R","BOSS","M","?","?","?","?","R","M","M","T","M","$","?","M","M","R","BOSS","BOSS"],"build_version":"2018-10-25v2","purchased_purges":2,"victory":false,"max_hp_per_floor":[66,66,71,71,71,71,71,71,71,71,71,71,71,71,71,71,71,71,71,71,71,71,71,71,71,71,71,71,71,71,71,71,71,71,71,71,71,71,71,71,71,71,71,71,71,71,71,71,71,71,71],"card_choices":[{"not_picked":["Blade Dance","Endless Agony"],"picked":"Noxious Fumes","floor":1.0},{"not_picked":["Finisher","Choke"],"picked":"Bouncing Flask","floor":2.0},{"not_picked":["Choke","Poisoned Stab"],"picked":"Flying Knee","floor":7.0},{"not_picked":["Flying Knee","Riddle With Holes"],"picked":"Deflect","floor":10.0},{"not_picked":["Backflip","Slice"],"picked":"Adrenaline","floor":11.0},{"not_picked":["Bane","Outmaneuver"],"picked":"Caltrops","floor":12.0},{"not_picked":["PiercingWail","Dagger Throw"],"picked":"Cloak And Dagger","floor":14.0},{"not_picked":["Unload","Bullet Time"],"picked":"Glass Knife","floor":16.0},{"not_picked":["Acrobatics","Bane"],"picked":"PiercingWail","floor":18.0},{"not_picked":["Concentrate","Flying Knee"],"picked":"Well Laid Plans","floor":20.0},{"not_picked":["Glass Knife","Dagger Throw","Blade Dance"],"picked":"SKIP","floor":29.0},{"not_picked":["Skewer","Blade Dance","Slice"],"picked":"SKIP","floor":31.0},{"not_picked":["Grand Finale","A Thousand Cuts"],"picked":"Adrenaline","floor":33.0},{"not_picked":["Concentrate","Prepared"],"picked":"Cloak And Dagger+1","floor":34.0},{"not_picked":["Poisoned Stab","Reflex"],"picked":"Noxious Fumes","floor":34.0},{"not_picked":["Deadly Poison","Setup"],"picked":"Backflip","floor":34.0},{"not_picked":["Backflip","Flechettes"],"picked":"Blur","floor":34.0},{"not_picked":["Flying Knee","Acrobatics"],"picked":"Poisoned Stab+1","floor":34.0},{"not_picked":["Acrobatics","Deadly Poison"],"picked":"Crippling Poison+1","floor":35.0},{"not_picked":["Secret Weapon","Deep Breath"],"picked":"Finesse","floor":36.0},{"not_picked":["Chrysalis","PanicButton"],"picked":"Secret Technique","floor":36.0},{"not_picked":["Expertise","Deflect"],"picked":"Blur+1","floor":38.0},{"not_picked":["Crippling Poison+1","Catalyst","Acrobatics"],"picked":"SKIP","floor":41.0},{"not_picked":["Crippling Poison+1","Catalyst","Acrobatics"],"picked":"SKIP","floor":41.0},{"not_picked":["Eviscerate+1","Outmaneuver"],"picked":"Sucker Punch+1","floor":42.0},{"not_picked":["Setup","Masterful Stab","Underhanded Strike"],"picked":"SKIP","floor":44.0},{"not_picked":["Masterful Stab","Tactician"],"picked":"Backflip","floor":47.0},{"not_picked":["Dagger Throw","Riddle With Holes+1"],"picked":"PiercingWail","floor":48.0}],"player_experience":733945,"relics_obtained":[{"floor":7.0,"key":"Centennial Puzzle"},{"floor":9.0,"key":"Blood Vial"},{"floor":10.0,"key":"Anchor"},{"floor":21.0,"key":"Nilry\u0027s Codex"},{"floor":26.0,"key":"Mummified Hand"},{"floor":38.0,"key":"Thread and Needle"},{"floor":43.0,"key":"Tiny Chest"}],"event_choices":[{"damage_healed":0.0,"max_hp_gain":5.0,"max_hp_loss":0.0,"gold_gain":0.0,"event_name":"Big Fish","player_choice":"Donut","floor":3.0,"gold_loss":0.0,"damage_taken":0.0},{"damage_healed":0.0,"max_hp_gain":0.0,"max_hp_loss":0.0,"gold_gain":0.0,"event_name":"Upgrade Shrine","player_choice":"Upgraded","floor":4.0,"gold_loss":0.0,"damage_taken":0.0,"cards_upgraded":["Bouncing Flask"]},{"damage_healed":0.0,"max_hp_gain":0.0,"max_hp_loss":0.0,"gold_gain":0.0,"event_name":"Living Wall","player_choice":"Grow","floor":5.0,"gold_loss":0.0,"damage_taken":0.0,"cards_upgraded":["Noxious Fumes"]},{"damage_healed":0.0,"max_hp_gain":0.0,"max_hp_loss":0.0,"gold_gain":0.0,"event_name":"Addict","player_choice":"Obtained Relic","floor":19.0,"gold_loss":85.0,"damage_taken":0.0,"relics_obtained":["Vajra"]},{"damage_healed":0.0,"max_hp_gain":0.0,"max_hp_loss":0.0,"gold_gain":0.0,"event_name":"Cursed Tome","player_choice":"Obtained Book","floor":21.0,"gold_loss":0.0,"damage_taken":21.0},{"damage_healed":0.0,"max_hp_gain":0.0,"max_hp_loss":0.0,"gold_gain":0.0,"event_name":"Beggar","player_choice":"Ignored","floor":24.0,"gold_loss":0.0,"damage_taken":0.0},{"damage_healed":0.0,"max_hp_gain":0.0,"max_hp_loss":0.0,"gold_gain":200.0,"event_name":"Wheel of Change","player_choice":"Gold","floor":30.0,"gold_loss":0.0,"damage_taken":0.0},{"damage_healed":0.0,"max_hp_gain":0.0,"max_hp_loss":0.0,"gold_gain":0.0,"event_name":"SensoryStone","player_choice":"Memory 3","floor":36.0,"gold_loss":0.0,"damage_taken":10.0},{"damage_healed":0.0,"max_hp_gain":0.0,"max_hp_loss":0.0,"gold_gain":0.0,"event_name":"Mysterious Sphere","player_choice":"Ignored","floor":37.0,"gold_loss":0.0,"damage_taken":0.0},{"damage_healed":0.0,"max_hp_gain":0.0,"max_hp_loss":0.0,"gold_gain":0.0,"event_name":"MindBloom","player_choice":"Fight","floor":38.0,"gold_loss":0.0,"damage_taken":0.0},{"cards_removed":["Strike_G"],"damage_healed":0.0,"max_hp_gain":0.0,"max_hp_loss":0.0,"gold_gain":0.0,"event_name":"Falling","player_choice":"Removed Attack","floor":39.0,"gold_loss":0.0,"damage_taken":0.0},{"damage_healed":0.0,"max_hp_gain":0.0,"max_hp_loss":0.0,"gold_gain":0.0,"event_name":"Designer","player_choice":"Upgraded Two","floor":46.0,"gold_loss":50.0,"damage_taken":0.0,"cards_upgraded":["Blur","Defend_G"]}],"is_beta":true,"boss_relics":[{"not_picked":["White Beast Statue","Lizard Tail"],"picked":"Empty Cage"},{"not_picked":["HoveringKite","Eternal Feather"],"picked":"Orrery"}],"items_purged_floors":[28,45],"is_endless":false,"potions_floor_spawned":[7,10,11,12,18,20,44,47,48],"killed_by":"Donu and Deca","ascension_level":20}