{"gold_per_floor":[112,112,127,144,156,181,181,208,208,208,228,228,178,196,196,296,296,315,328,328,328,340,340,354,389,441,441,107,107,107,122,122,222,272,290,109,162,178,278,278,288,288,288,7,7,21,37,47,47,47,47,47,47,78,78],"floor_reached":55,"playtime":8620,"items_purged":["Defend_B","Defend_B"],"score":796,"play_id":"8da9b1d3-8c3a-438f-89b6-27ae044fcc4a","local_time":"20190424082222","is_ascension_mode":true,"campfire_choices":[{"data":"Go for the Eyes","floor":7,"key":"SMITH"},{"data":"Static Discharge","floor":10,"key":"SMITH"},{"data":"Hologram","floor":15,"key":"SMITH"},{"data":"Creative AI","floor":23,"key":"SMITH"},{"floor":27,"key":"REST"},{"data":"Coolheaded","floor":30,"key":"SMITH"},{"floor":32,"key":"REST"},{"floor":40,"key":"REST"},{"floor":42,"key":"RECALL"},{"data":"Defragment","floor":45,"key":"SMITH"},{"data":"Chill","floor":49,"key":"SMITH"},{"data":"Electrodynamics","floor":52,"key":"SMITH"}],"neow_cost":"NONE","seed_source_timestamp":2620413335560667,"circlet_count":0,"master_deck":["Strike_B","Defend_B","Zap+1","Dualcast","Go for the Eyes+1","Undo","Static Discharge+1","Seek+1","Hologram+1","Creative AI+1","Defragment+1","Stack+1","Go for the Eyes+1","Compile Driver","Chaos+1","Cold Snap","Coolheaded+1","Glacier+1","Recycle+1","Electrodynamics+1","Coolheaded+1","Chill+1","Reinforced Body+1","Defragment+1"],"relics":["Cracked Core","Symbiotic Virus","Mango","Turnip","Du-Vu Doll","Astrolabe","Calipers","Singing Bowl","Tiny House","Nunchaku","Emotion Chip","Letter Opener","Lee\u0027s Waffle","Orichalcum"],"potions_floor_usage":[6,16,19,24,25,25,31,41,46,50,55,55],"damage_taken":[{"damage":1,"enemies":"Cultist","floor":1,"turns":3},{"damage":0,"enemies":"2 Louse","floor":3,"turns":1},{"damage":0,"enemies":"Small Slimes","floor":4,"turns":4},{"damage":0,"enemies":"2 Fungi Beasts","floor":5,"turns":2},{"damage":30,"enemies":"3 Sentries","floor":6,"turns":11},{"damage":18,"enemies":"Gremlin Nob","floor":8,"turns":3},{"damage":2,"enemies":"3 Louse","floor":11,"turns":3},{"damage":0,"enemies":"Exordium Wildlife","floor":14,"turns":3},{"damage":23,"enemies":"Slime Boss","floor":16,"turns":7},{"damage":12,"enemies":"Shell Parasite","floor":18,"turns":4},{"damage":0,"enemies":"Chosen","floor":19,"turns":5},{"damage":1,"enemies":"Centurion and Healer","floor":22,"turns":6},{"damage":3,"enemies":"Snecko","floor":24,"turns":5},{"damage":42,"enemies":"Slavers","floor":25,"turns":6},{"damage":17,"enemies":"3 Cultists","floor":31,"turns":6},{"damage":21,"enemies":"Automaton","floor":33,"turns":12},{"damage":0,"enemies":"3 Shapes","floor":35,"turns":4},{"damage":74,"enemies":"2 Orb Walkers","floor":37,"turns":6},{"damage":3,"enemies":"3 Darklings","floor":38,"turns":6},{"damage":0,"enemies":"Mind Bloom Boss Battle","floor":39,"turns":10},{"damage":10,"enemies":"Maw","floor":41,"turns":9},{"damage":11,"enemies":"Sphere and 2 Shapes","floor":46,"turns":5},{"damage":0,"enemies":"4 Shapes","floor":47,"turns":3},{"damage":10,"enemies":"3 Darklings","floor":48,"turns":5},{"damage":51,"enemies":"Donu and Deca","floor":50,"turns":7},{"damage":99,"enemies":"Shield and Spear","floor":54,"turns":6},{"damage":28,"enemies":"The Heart","floor":55,"turns":9}],"seed_played":"2696068316375481828","potions_obtained":[{"floor":3,"key":"Regen Potion"},{"floor":4,"key":"LiquidBronze"},{"floor":11,"key":"AttackPotion"},{"floor":14,"key":"Fire Potion"},{"floor":16,"key":"Strength Potion"},{"floor":22,"key":"Strength Potion"},{"floor":25,"key":"SkillPotion"},{"floor":33,"key":"SteroidPotion"},{"floor":34,"key":"FearPotion"},{"floor":35,"key":"SpeedPotion"},{"floor":37,"key":"GamblersBrew"},{"floor":39,"key":"Strength Potion"},{"floor":48,"key":"SkillPotion"},{"floor":54,"key":"FocusPotion"}],"is_trial":false,"path_per_floor":["M","?","M","M","M","E","R","E","T","R","M","?","?","M","R","B",null,"M","M","?","?","M","R","M","E","T","R","$","?","R","M","R","B",null,"M","$","?","M","?","R","M","R","T","$","R","M","M","M","R","B",null,"R","$","E","B"],"character_chosen":"DEFECT","items_purchased":["Singing Bowl","Chill","Lee\u0027s Waffle","Defragment"],"campfire_rested":3,"item_purchase_floors":[28,36,44,44],"current_hp_per_floor":[74,79,79,79,79,64,64,60,60,60,58,46,46,46,46,23,94,82,82,63,63,62,62,59,17,17,46,46,46,46,29,58,37,106,106,106,34,33,33,66,58,58,58,119,119,110,112,104,104,53,125,125,125,28,0],"gold":78,"neow_bonus":"UPGRADE_CARD","is_prod":false,"is_daily":false,"chose_seed":false,"campfire_upgraded":8,"win_rate":0,"timestamp":1556112142,"path_taken":["M","?","M","M","M","E","R","E","T","R","M","?","?","M","R","BOSS","M","M","?","?","M","R","M","E","T","R","?","?","R","M","R","BOSS","M","$","?","M","?","R","?","R","T","$","R","M","M","M","R","BOSS","R","$","E","BOSS"],"build_version":"2019-01-23","purchased_purges":2,"victory":false,"max_hp_per_floor":[75,80,80,80,80,80,80,94,94,94,94,94,94,94,94,94,94,94,94,99,99,99,99,99,99,99,99,99,99,99,99,99,99,106,106,106,108,110,110,110,112,112,112,119,119,121,123,125,125,125,125,125,125,127,127],"card_choices":[{"not_picked":["Leap","Turbo"],"picked":"Go for the Eyes","floor":1},{"not_picked":["Streamline","Hyperbeam"],"picked":"Undo","floor":3},{"not_picked":["Heatsinks","Chaos","Beam Cell"],"picked":"SKIP","floor":4},{"not_picked":["Blizzard","Redo","Reprogram"],"picked":"SKIP","floor":5},{"not_picked":["Barrage","Beam Cell"],"picked":"Static Discharge","floor":6},{"not_picked":["Core Surge","Ball Lightning"],"picked":"Seek","floor":8},{"not_picked":["Barrage","Force Field","Blizzard"],"picked":"SKIP","floor":11},{"not_picked":["Leap","Tempest"],"picked":"Hologram","floor":14},{"not_picked":["Thunder Strike","Meteor Strike"],"picked":"Creative AI","floor":16},{"not_picked":["Reprogram","Hologram"],"picked":"Compile Driver","floor":18},{"not_picked":["Gash","Genetic Algorithm"],"picked":"Chaos+1","floor":19},{"not_picked":["Reprogram","Redo","Hologram"],"picked":"SKIP","floor":22},{"not_picked":["Compile Driver","Gash"],"picked":"Coolheaded","floor":24},{"not_picked":["Turbo","Storm"],"picked":"Glacier+1","floor":25},{"not_picked":["Steam","Stack"],"picked":"Recycle+1","floor":31},{"not_picked":["Core Surge","Fission"],"picked":"Electrodynamics","floor":33},{"not_picked":["Static Discharge+1","Hello World","Rebound"],"picked":"Singing Bowl","floor":34},{"not_picked":["Streamline","Steam+1"],"picked":"Coolheaded+1","floor":35},{"not_picked":["Lockon","Steam+1","Rebound"],"picked":"Singing Bowl","floor":37},{"not_picked":["Melter+1","Streamline","Turbo+1"],"picked":"Singing Bowl","floor":38},{"not_picked":["Ball Lightning+1","Hologram"],"picked":"Reinforced Body+1","floor":39},{"not_picked":["Chill","Rebound","FTL"],"picked":"Singing Bowl","floor":41},{"not_picked":["Static Discharge+1","Barrage","Creative AI"],"picked":"Singing Bowl","floor":46},{"not_picked":["Reprogram+1","Gash","Sweeping Beam+1"],"picked":"Singing Bowl","floor":47},{"not_picked":["Stack+1","Double Energy+1","Aggregate+1"],"picked":"Singing Bowl","floor":48},{"not_picked":["Auto Shields","Cold Snap+1","Conserve Battery"],"picked":"Singing Bowl","floor":54}],"player_experience":221848,"relics_obtained":[{"floor":6,"key":"Symbiotic Virus"},{"floor":8,"key":"Mango"},{"floor":9,"key":"Turnip"},{"floor":25,"key":"Calipers"},{"floor":37,"key":"Nunchaku"},{"floor":39,"key":"Emotion Chip"},{"floor":43,"key":"Letter Opener"},{"floor":54,"key":"Orichalcum"}],"event_choices":[{"damage_healed":0,"gold_gain":0,"player_choice":"Donut","damage_taken":0,"max_hp_gain":5,"max_hp_loss":0,"event_name":"Big Fish","floor":2,"gold_loss":0},{"damage_healed":0,"gold_gain":0,"player_choice":"Success","damage_taken":12,"relics_obtained":["Du-Vu Doll"],"max_hp_gain":0,"max_hp_loss":0,"event_name":"Scrap Ooze","floor":12,"gold_loss":0},{"cards_removed":["Strike_B"],"damage_healed":0,"gold_gain":0,"player_choice":"Card Removal","damage_taken":0,"max_hp_gain":0,"max_hp_loss":0,"event_name":"The Cleric","floor":13,"gold_loss":50},{"damage_healed":0,"gold_gain":0,"player_choice":"Shed Blood","damage_taken":24,"max_hp_gain":5,"max_hp_loss":0,"event_name":"Forgotten Altar","floor":20,"gold_loss":0},{"damage_healed":0,"gold_gain":0,"player_choice":"Read","damage_taken":0,"max_hp_gain":0,"max_hp_loss":0,"event_name":"The Library","floor":21,"gold_loss":0,"cards_obtained":["Cold Snap"]},{"damage_healed":0,"gold_gain":0,"player_choice":"0 cards matched","damage_taken":0,"max_hp_gain":0,"max_hp_loss":0,"event_name":"Match and Keep!","floor":29,"gold_loss":0,"cards_obtained":[]},{"damage_healed":0,"gold_gain":0,"player_choice":"0 cards matched","damage_taken":0,"max_hp_gain":0,"max_hp_loss":0,"event_name":"Match and Keep!","floor":29,"gold_loss":0,"cards_obtained":[]},{"damage_healed":0,"gold_gain":0,"player_choice":"0 cards matched","damage_taken":0,"max_hp_gain":0,"max_hp_loss":0,"event_name":"Match and Keep!","floor":29,"gold_loss":0,"cards_obtained":[]},{"damage_healed":0,"gold_gain":0,"player_choice":"Fight","damage_taken":0,"max_hp_gain":0,"max_hp_loss":0,"event_name":"Mysterious Sphere","floor":37,"gold_loss":0},{"damage_healed":0,"gold_gain":0,"player_choice":"Fight","damage_taken":0,"max_hp_gain":0,"max_hp_loss":0,"event_name":"MindBloom","floor":39,"gold_loss":0}],"is_beta":false,"boss_relics":[{"not_picked":["Pandora\u0027s Box","Nuclear Battery"],"picked":"Astrolabe"},{"not_picked":["Velvet Choker","Eternal Feather"],"picked":"Tiny House"}],"items_purged_floors":[28,36],"is_endless":false,"potions_floor_spawned":[3,4,11,14,16,22,25,33,35,37,39,48,54],"killed_by":"The Heart","ascension_level":3}