{"gold_per_floor":[117,127,142,221,239,239,269,269,269,269,18,44,14,26,26,104,104,124,95,95,108,125,125,137,187,217,217,227,257,274,15,15,93,93,111,157,157,171,37,37,72,72,72,99,36,36,36,36,36,36,36],"floor_reached":52,"playtime":3437,"items_purged":["Endless Agony","Doubt","Slice"],"score":1826,"play_id":"c4dd204d-07fd-458e-871b-80aa6798629c","local_time":"20181011233940","is_ascension_mode":true,"campfire_choices":[{"data":"Neutralize","floor":6.0,"key":"SMITH"},{"floor":8.0,"key":"REST"},{"data":"Doppelganger","floor":10.0,"key":"SMITH"},{"data":"Skewer","floor":15.0,"key":"SMITH"},{"data":"Wraith Form v2","floor":23.0,"key":"SMITH"},{"data":"Eviscerate","floor":27.0,"key":"SMITH"},{"data":"Noxious Fumes","floor":32.0,"key":"SMITH"},{"data":"Wraith Form v2","floor":40.0,"key":"SMITH"},{"data":"Leg Sweep","floor":46.0,"key":"SMITH"},{"data":"Dash","floor":49.0,"key":"SMITH"}],"neow_cost":"PERCENT_DAMAGE","seed_source_timestamp":86559938048419,"circlet_count":0,"master_deck":["Defend_G","Defend_G","Defend_G","Defend_G","Survivor","Neutralize+1","AscendersBane","Doppelganger+1","Dash","Well Laid Plans+1","Dash+1","Envenom","Skewer+1","Wraith Form v2+1","PiercingWail+1","Bite","Bite","Bite","Bite","Bite","Bouncing Flask+1","Backflip","Eviscerate+1","Backflip","Noxious Fumes+1","Leg Sweep+1","Night Terror","Wraith Form v2+1"],"special_seed":0,"relics":["Ring of the Snake","Kunai","Gremlin Horn","Bag of Preparation","Membership Card","Oddly Smooth Stone","Snecko Eye","Tiny Chest","Pantograph","Meat on the Bone","Cursed Key","Lantern","Juzu Bracelet","Vajra","Letter Opener"],"potions_floor_usage":[],"damage_taken":[{"damage":0.0,"enemies":"Cultist","floor":1.0,"turns":4.0},{"damage":3.0,"enemies":"Jaw Worm","floor":2.0,"turns":5.0},{"damage":8.0,"enemies":"Small Slimes","floor":3.0,"turns":3.0},{"damage":2.0,"enemies":"Exordium Wildlife","floor":5.0,"turns":6.0},{"damage":9.0,"enemies":"Lagavulin","floor":7.0,"turns":8.0},{"damage":1.0,"enemies":"3 Sentries","floor":12.0,"turns":8.0},{"damage":0.0,"enemies":"Gremlin Gang","floor":14.0,"turns":3.0},{"damage":15.0,"enemies":"Slime Boss","floor":16.0,"turns":7.0},{"damage":8.0,"enemies":"Spheric Guardian","floor":18.0,"turns":6.0},{"damage":13.0,"enemies":"2 Thieves","floor":19.0,"turns":4.0},{"damage":22.0,"enemies":"3 Cultists","floor":21.0,"turns":7.0},{"damage":8.0,"enemies":"Chosen and Byrds","floor":22.0,"turns":8.0},{"damage":0.0,"enemies":"Cultist and Chosen","floor":24.0,"turns":6.0},{"damage":0.0,"enemies":"3 Cultists","floor":28.0,"turns":5.0},{"damage":23.0,"enemies":"Gremlin Leader","floor":29.0,"turns":7.0},{"damage":3.0,"enemies":"Snake Plant","floor":30.0,"turns":4.0},{"damage":4.0,"enemies":"Champ","floor":33.0,"turns":13.0},{"damage":1.0,"enemies":"Orb Walker","floor":35.0,"turns":4.0},{"damage":1.0,"enemies":"3 Darklings","floor":38.0,"turns":6.0},{"damage":2.0,"enemies":"Nemesis","floor":41.0,"turns":7.0},{"damage":2.0,"enemies":"Giant Head","floor":44.0,"turns":9.0},{"damage":20,"enemies":"Awakened One","floor":50,"turns":15},{"damage":19,"enemies":"Time Eater","floor":51,"turns":14}],"seed_played":"-2182075017798487039","potions_obtained":[{"floor":1.0,"key":"Ancient Potion"},{"floor":3.0,"key":"AttackPotion"},{"floor":14.0,"key":"Swift Potion"},{"floor":16.0,"key":"Poison Potion"},{"floor":19.0,"key":"Energy Potion"},{"floor":24.0,"key":"Poison Potion"},{"floor":29.0,"key":"GamblersBrew"},{"floor":33.0,"key":"Block Potion"}],"is_trial":false,"path_per_floor":["M","M","M","T","M","R","E","R","T","R","$","E","$","M","R","B",null,"M","M","?","M","M","R","M","?","T","R","M","E","M","$","R","B",null,"M","T","?","M","$","R","E","?","T","E","$","R","T","$","R","B","B"],"character_chosen":"THE_SILENT","items_purchased":["Membership Card","Slice","Fire Potion","Night Terror","Meat on the Bone","Juzu Bracelet"],"campfire_rested":1,"item_purchase_floors":[11,11,13,31,31,39],"current_hp_per_floor":[44,41,33,33,31,31,22,41,41,41,41,40,40,40,40,25,56,48,35,35,21,25,25,39,35,35,35,45,33,36,36,36,46,46,46,46,46,46,46,46,44,44,44,46,46,46,46,46,46,45,43],"gold":36,"neow_bonus":"TRANSFORM_TWO_CARDS","is_prod":false,"is_daily":false,"chose_seed":false,"campfire_upgraded":9,"win_rate":0,"timestamp":1539315580,"path_taken":["M","?","M","?","M","R","E","R","T","R","?","E","$","?","R","BOSS","M","M","?","?","M","R","M","?","T","R","M","E","?","$","R","BOSS","M","?","?","M","$","R","E","?","T","E","?","R","?","$","R","BOSS","BOSS"],"build_version":"2018-10-10","purchased_purges":3,"victory":true,"max_hp_per_floor":[66,66,66,66,66,66,66,66,66,66,66,66,66,66,66,66,66,66,66,46,46,46,46,46,46,46,46,46,46,46,46,46,46,46,46,46,46,46,46,46,46,46,46,46,46,46,46,46,46,46,46],"card_choices":[{"not_picked":["Dodge and Roll","Finisher"],"picked":"Dash","floor":1.0},{"not_picked":["Slice","Underhanded Strike","Tactician"],"picked":"SKIP","floor":2.0},{"not_picked":["Blade Dance","Outmaneuver","Underhanded Strike"],"picked":"SKIP","floor":3.0},{"not_picked":["Acrobatics","Escape Plan"],"picked":"Well Laid Plans","floor":5.0},{"not_picked":["Underhanded Strike","Deadly Poison"],"picked":"Dash","floor":7.0},{"not_picked":["Choke","Dagger Throw"],"picked":"Envenom","floor":12.0},{"not_picked":["Accuracy","Sucker Punch"],"picked":"Skewer","floor":14.0},{"not_picked":["Grand Finale","Doppelganger"],"picked":"Wraith Form v2","floor":16.0},{"not_picked":["Finisher","Poisoned Stab","Outmaneuver"],"picked":"SKIP","floor":18.0},{"not_picked":["Riddle With Holes","Reflex"],"picked":"PiercingWail+1","floor":19.0},{"not_picked":["Crippling Poison","Underhanded Strike"],"picked":"Bouncing Flask+1","floor":21.0},{"not_picked":["Poisoned Stab","Cloak And Dagger"],"picked":"Backflip","floor":22.0},{"not_picked":["Deflect","Endless Agony"],"picked":"Eviscerate","floor":24.0},{"not_picked":["Acrobatics","Backstab"],"picked":"Backflip","floor":28.0},{"not_picked":["Expertise","Blur"],"picked":"Noxious Fumes","floor":29.0},{"not_picked":["Poisoned Stab","Dodge and Roll"],"picked":"Leg Sweep","floor":30.0},{"not_picked":["After Image","Corpse Explosion"],"picked":"Wraith Form v2","floor":33.0},{"not_picked":["Dagger Spray+1","Quick Slash","Dodge and Roll+1"],"picked":"SKIP","floor":35.0},{"not_picked":["Prepared+1","Deadly Poison","Sucker Punch"],"picked":"SKIP","floor":38.0},{"not_picked":["Accuracy","Bane+1","Flying Knee"],"picked":"SKIP","floor":41.0},{"not_picked":["Endless Agony+1","Reflex+1","Concentrate"],"picked":"SKIP","floor":44.0}],"player_experience":689059,"relics_obtained":[{"floor":4.0,"key":"Kunai"},{"floor":7.0,"key":"Gremlin Horn"},{"floor":9.0,"key":"Bag of Preparation"},{"floor":12.0,"key":"Oddly Smooth Stone"},{"floor":26.0,"key":"Tiny Chest"},{"floor":29.0,"key":"Pantograph"},{"floor":36.0,"key":"Lantern"},{"floor":41.0,"key":"Vajra"},{"floor":44.0,"key":"Letter Opener"}],"event_choices":[{"event_name":"Vampires","player_choice":"Became a vampire","floor":20.0,"damage_taken":0.0},{"event_name":"FaceTrader","player_choice":"Touch","floor":25.0,"damage_taken":0.0},{"event_name":"Upgrade Shrine","player_choice":"Upgraded","floor":37.0,"damage_taken":0.0},{"event_name":"Tomb of Lord Red Mask","player_choice":"Ignored","floor":42.0,"damage_taken":0.0}],"is_beta":true,"boss_relics":[{"not_picked":["Calling Bell","Sozu"],"picked":"Snecko Eye"},{"not_picked":["Pandora\u0027s Box","Black Star"],"picked":"Cursed Key"}],"items_purged_floors":[31,39,45],"is_endless":false,"potions_floor_spawned":[1,3,14,16,19,24,29,33,38,44],"ascension_level":20}