{"gold_per_floor":[10,29,42,42,61,94,0,0,55,83,83,101,111,124,124,195,195,215,0,0,0,12,12,41,141,168,193,193,193,193,221,221,294,294,312,312,160,172,172,172,190,190,190,6,106,141,141,489,489,489,489],"floor_reached":52,"playtime":3899,"items_purged":["Strike_G","Strike_G"],"score":1938,"play_id":"d1b4f3f5-ab73-41bf-b48c-a4ef5a024a87","local_time":"20190420160723","is_ascension_mode":true,"campfire_choices":[{"floor":8,"key":"REST"},{"data":"Footwork","floor":11,"key":"SMITH"},{"data":"Noxious Fumes","floor":15,"key":"SMITH"},{"floor":23,"key":"REST"},{"data":"Wraith Form v2","floor":28,"key":"SMITH"},{"floor":30,"key":"REST"},{"floor":32,"key":"REST"},{"data":"Footwork","floor":40,"key":"SMITH"},{"data":"Footwork","floor":42,"key":"SMITH"},{"data":"Adrenaline","floor":47,"key":"SMITH"},{"data":"Footwork","floor":49,"key":"SMITH"}],"neow_cost":"NO_GOLD","seed_source_timestamp":148653758473731,"circlet_count":0,"master_deck":["AscendersBane","Defend_G","Defend_G","Defend_G","Defend_G","Strike_G","Strike_G","Survivor","Neutralize","Escape Plan","Finisher","Deadly Poison","Leg Sweep","Footwork+1","Noxious Fumes+1","PiercingWail","Backflip","Footwork+1","Cloak And Dagger","Flechettes+1","Wraith Form v2+1","Backstab+1","Deadly Poison","Dagger Spray+1","Caltrops","Backflip+1","Adrenaline+1","Footwork+1","Dash+1","Backflip+1","Footwork+1","Predator+1","Dash+1"],"special_seed":0,"relics":["Ring of the Snake","Molten Egg 2","Art of War","Potion Belt","White Beast Statue","Bag of Marbles","MutagenicStrength","Strawberry","WingedGreaves","Bottled Flame","Anchor","Mummified Hand","Pocketwatch","HoveringKite","Letter Opener","Ice Cream","Bottled Tornado","Old Coin"],"potions_floor_usage":[6,6,46,51,51,51,51],"damage_taken":[{"damage":0.0,"enemies":"Cultist","floor":1.0,"turns":4.0},{"damage":0.0,"enemies":"2 Louse","floor":2.0,"turns":2.0},{"damage":1,"enemies":"Small Slimes","floor":3,"turns":3},{"damage":2,"enemies":"3 Louse","floor":5,"turns":5},{"damage":40,"enemies":"Gremlin Nob","floor":6,"turns":6},{"damage":15,"enemies":"Lagavulin","floor":10,"turns":9},{"damage":0,"enemies":"2 Fungi Beasts","floor":12,"turns":5},{"damage":0,"enemies":"Blue Slaver","floor":13,"turns":6},{"damage":4,"enemies":"3 Louse","floor":14,"turns":4},{"damage":14,"enemies":"Hexaghost","floor":16,"turns":12},{"damage":8,"enemies":"Chosen","floor":18,"turns":7},{"damage":5,"enemies":"2 Thieves","floor":22,"turns":4},{"damage":17,"enemies":"Book of Stabbing","floor":24,"turns":8},{"damage":6,"enemies":"Colosseum Slavers","floor":25,"turns":4},{"damage":4,"enemies":"Colosseum Nobs","floor":25,"turns":6},{"damage":0,"enemies":"Slavers","floor":27,"turns":3},{"damage":5,"enemies":"Gremlin Leader","floor":31,"turns":6},{"damage":24,"enemies":"Champ","floor":33,"turns":17},{"damage":0,"enemies":"3 Shapes","floor":35,"turns":4},{"damage":6,"enemies":"3 Darklings","floor":38,"turns":8},{"damage":0,"enemies":"Jaw Worm Horde","floor":41,"turns":3},{"damage":0,"enemies":"Mind Bloom Boss Battle","floor":45,"turns":8},{"damage":0,"enemies":"Reptomancer","floor":46,"turns":7},{"damage":0,"enemies":"2 Orb Walkers","floor":48,"turns":4},{"damage":11,"enemies":"Time Eater","floor":50,"turns":19},{"damage":13,"enemies":"Awakened One","floor":51,"turns":30}],"seed_played":"3613738909578928663","potions_obtained":[{"floor":1.0,"key":"Regen Potion"},{"floor":4,"key":"GamblersBrew"},{"floor":13,"key":"PowerPotion"},{"floor":14,"key":"SpeedPotion"},{"floor":16,"key":"AttackPotion"},{"floor":18,"key":"AttackPotion"},{"floor":22,"key":"Weak Potion"},{"floor":24,"key":"Dexterity Potion"},{"floor":25,"key":"Regen Potion"},{"floor":38,"key":"Swift Potion"},{"floor":46,"key":"AttackPotion"},{"floor":48,"key":"EssenceOfSteel"}],"is_trial":false,"path_per_floor":["M","M","M","?","M","E","$","R","T","E","R","M","M","M","R","B",null,"M","$","?","?","M","R","E","?","T","E","R","?","R","E","R","B",null,"M","?","$","M","?","R","M","R","T","$","?","E","R","?","R","B","B",null],"character_chosen":"THE_SILENT","items_purchased":["Noxious Fumes","PiercingWail","Bag of Marbles","Deadly Poison","Dash+1","Footwork"],"campfire_rested":4,"item_purchase_floors":[7,7,19,19,37,44],"current_hp_per_floor":[59,59,58,58,56,21,21,40,40,25,25,25,25,21,21,7,51,43,43,25,25,20,41,31,21,21,21,21,21,44,39,62,38,68,68,68,68,62,62,62,62,62,62,62,62,62,62,62,62,51,53],"gold":489,"neow_bonus":"TRANSFORM_TWO_CARDS","is_prod":false,"is_daily":false,"chose_seed":false,"campfire_upgraded":7,"win_rate":0,"timestamp":1555790843,"path_taken":["M","M","?","?","M","E","$","R","T","E","R","?","?","M","R","BOSS","M","$","?","?","M","R","E","?","T","E","R","?","R","E","R","BOSS","M","?","$","M","?","R","M","R","T","$","?","E","R","?","R","BOSS","BOSS"],"build_version":"2019-04-04","purchased_purges":2,"victory":true,"max_hp_per_floor":[66,66,66,66,66,66,66,66,66,66,66,66,66,66,66,66,66,66,66,71,71,71,71,78,78,78,78,78,78,78,78,78,78,78,78,78,78,78,78,78,78,78,78,78,78,78,78,78,78,78,78],"card_choices":[{"not_picked":["Dagger Spray","Underhanded Strike"],"picked":"Endless Agony","floor":1.0},{"not_picked":["Eviscerate","Deflect"],"picked":"Deadly Poison","floor":2.0},{"not_picked":["Acrobatics","Catalyst","Dagger Spray"],"picked":"SKIP","floor":3},{"not_picked":["Acrobatics","Unload"],"picked":"Leg Sweep","floor":5},{"not_picked":["Deflect","Cloak And Dagger"],"picked":"Footwork","floor":6},{"not_picked":["Distraction","Acrobatics"],"picked":"Backflip","floor":10},{"not_picked":["Acrobatics","Tools of the Trade"],"picked":"Footwork","floor":12},{"not_picked":["Flying Knee+1","PiercingWail"],"picked":"Cloak And Dagger","floor":13},{"not_picked":["Expertise","Dodge and Roll"],"picked":"Flechettes+1","floor":14},{"not_picked":["Envenom","Doppelganger"],"picked":"Wraith Form v2","floor":16},{"not_picked":["Quick Slash+1","Poisoned Stab+1"],"picked":"Backstab+1","floor":18},{"not_picked":["Leg Sweep","Setup","Flying Knee+1"],"picked":"SKIP","floor":22},{"not_picked":["Escape Plan","Concentrate+1"],"picked":"Dagger Spray+1","floor":24},{"not_picked":["Calculated Gamble","Outmaneuver"],"picked":"Caltrops","floor":25},{"not_picked":["Sucker Punch+1","Concentrate","Acrobatics"],"picked":"SKIP","floor":27},{"not_picked":["Backstab+1","Sucker Punch+1"],"picked":"Backflip+1","floor":31},{"not_picked":["Phantasmal Killer","Corpse Explosion"],"picked":"Adrenaline","floor":33},{"not_picked":["Skewer+1","Setup"],"picked":"Footwork","floor":35},{"not_picked":["Caltrops","Cloak And Dagger"],"picked":"Backflip+1","floor":38},{"not_picked":["Sucker Punch+1","Dagger Throw+1","Riddle With Holes+1"],"picked":"SKIP","floor":41},{"not_picked":["Heel Hook+1","Quick Slash+1"],"picked":"Predator+1","floor":46},{"not_picked":["Underhanded Strike+1","Calculated Gamble"],"picked":"Dash+1","floor":48}],"player_experience":1007632,"relics_obtained":[{"floor":6,"key":"Molten Egg 2"},{"floor":9,"key":"Art of War"},{"floor":10,"key":"Potion Belt"},{"floor":24,"key":"Strawberry"},{"floor":25,"key":"WingedGreaves"},{"floor":25,"key":"Bottled Flame"},{"floor":26,"key":"Anchor"},{"floor":27,"key":"Mummified Hand"},{"floor":31,"key":"Pocketwatch"},{"floor":43,"key":"Letter Opener"},{"floor":45,"key":"Ice Cream"},{"floor":46,"key":"Bottled Tornado"},{"floor":48,"key":"Old Coin"}],"event_choices":[{"damage_healed":0,"gold_gain":0,"player_choice":"Got Potions","damage_taken":0,"max_hp_gain":0,"max_hp_loss":0,"event_name":"Lab","floor":4,"gold_loss":0},{"damage_healed":0,"gold_gain":0,"player_choice":"Shed Blood","damage_taken":23,"max_hp_gain":5,"max_hp_loss":0,"event_name":"Forgotten Altar","floor":20,"gold_loss":0},{"damage_healed":0,"gold_gain":0,"player_choice":"Inject Mutagens","damage_taken":0,"relics_obtained":["MutagenicStrength"],"max_hp_gain":0,"max_hp_loss":0,"event_name":"Drug Dealer","floor":21,"gold_loss":0},{"damage_healed":0,"gold_gain":0,"player_choice":"Fight","damage_taken":0,"max_hp_gain":0,"max_hp_loss":0,"event_name":"Colosseum","floor":25,"gold_loss":0},{"damage_healed":0,"gold_gain":0,"player_choice":"Fought Nobs","damage_taken":0,"max_hp_gain":0,"max_hp_loss":0,"event_name":"Colosseum","floor":25,"gold_loss":0},{"damage_healed":0,"gold_gain":0,"player_choice":"Ignored","damage_taken":0,"max_hp_gain":0,"max_hp_loss":0,"event_name":"Cursed Tome","floor":29,"gold_loss":0},{"damage_healed":0,"gold_gain":0,"player_choice":"Ignored","damage_taken":0,"max_hp_gain":0,"max_hp_loss":0,"event_name":"Tomb of Lord Red Mask","floor":36,"gold_loss":0},{"cards_removed":["Endless Agony"],"damage_healed":0,"gold_gain":0,"player_choice":"Removed Attack","damage_taken":0,"max_hp_gain":0,"max_hp_loss":0,"event_name":"Falling","floor":39,"gold_loss":0},{"damage_healed":0,"gold_gain":0,"player_choice":"Fight","damage_taken":0,"max_hp_gain":0,"max_hp_loss":0,"event_name":"MindBloom","floor":45,"gold_loss":0},{"damage_healed":0,"gold_gain":0,"player_choice":"Fight","damage_taken":0,"max_hp_gain":0,"max_hp_loss":0,"event_name":"Mysterious Sphere","floor":48,"gold_loss":0}],"is_beta":true,"boss_relics":[{"not_picked":["Fusion Hammer","Philosopher\u0027s Stone"],"picked":"White Beast Statue"},{"not_picked":["Empty Cage","Tiny House"],"picked":"HoveringKite"}],"items_purged_floors":[37,44],"is_endless":false,"potions_floor_spawned":[1,13,14,16,18,22,24,25,25,27,31,33,35,38,41,45,46,48],"ascension_level":20}