{"gold_per_floor":[366,384,384,394,394,19,19,0,0,0,31,43,43,74,74,151,151,164,164,214,230,52,52,82,96,121,121,141,151,169,180,180,254,254,271,33,51,64,64,64,80,80,80,94,94,94,108,118,118,118,118],"floor_reached":51,"playtime":2557,"items_purged":["Strike_G"],"score":1262,"play_id":"100a9a76-adad-461a-924f-7917d1e1a967","local_time":"20180927233345","is_ascension_mode":true,"campfire_choices":[{"data":"Bouncing Flask","floor":7.0,"key":"SMITH"},{"data":"Dagger Spray","floor":10.0,"key":"SMITH"},{"data":"1","floor":13.0,"key":"LIFT"},{"data":"2","floor":15.0,"key":"LIFT"},{"data":"3","floor":23.0,"key":"LIFT"},{"floor":27,"key":"REST"},{"floor":32,"key":"REST"},{"floor":40,"key":"REST"},{"floor":42,"key":"REST"},{"floor":46,"key":"REST"},{"floor":49,"key":"REST"}],"neow_cost":"TEN_PERCENT_HP_LOSS","seed_source_timestamp":154146501092510,"circlet_count":0,"master_deck":["Defend_G","Defend_G","Defend_G","Defend_G","Strike_G","Strike_G","Strike_G","Survivor","Neutralize+1","AscendersBane","Blade Dance","Dagger Spray+1","Poisoned Stab","Bouncing Flask+1","Well Laid Plans","Endless Agony","Cloak And Dagger","Escape Plan","Acrobatics","Noxious Fumes","PiercingWail","Terror","Sucker Punch","Dodge and Roll","Dagger Spray","Footwork","Cloak And Dagger+1","Adrenaline","Malaise","Cloak And Dagger","Backstab","Blur+1"],"special_seed":0,"relics":["Ring of the Snake","Bronze Scales","Question Card","Girya","Mercury Hourglass","Fusion Hammer","Mango","Oddly Smooth Stone","Busted Crown","Chemical X","Darkstone Periapt"],"potions_floor_usage":[24,25,37,41,41,41,50,51],"damage_taken":[{"damage":0.0,"enemies":"2 Louse","floor":1.0,"turns":4.0},{"damage":0.0,"enemies":"Small Slimes","floor":2.0,"turns":4.0},{"damage":0.0,"enemies":"Cultist","floor":4.0,"turns":3.0},{"damage":33.0,"enemies":"Gremlin Nob","floor":11.0,"turns":4.0},{"damage":5.0,"enemies":"Red Slaver","floor":12.0,"turns":4.0},{"damage":7.0,"enemies":"3 Sentries","floor":14.0,"turns":4.0},{"damage":7.0,"enemies":"Hexaghost","floor":16.0,"turns":7.0},{"damage":6.0,"enemies":"3 Byrds","floor":18.0,"turns":1.0},{"damage":0.0,"enemies":"Spheric Guardian","floor":21.0,"turns":3.0},{"damage":20,"enemies":"Slavers","floor":24,"turns":5},{"damage":7,"enemies":"3 Cultists","floor":25,"turns":4},{"damage":4,"enemies":"Centurion and Healer","floor":28,"turns":5},{"damage":0,"enemies":"Cultist and Chosen","floor":29,"turns":4},{"damage":0,"enemies":"3 Cultists","floor":30,"turns":3},{"damage":1,"enemies":"Centurion and Healer","floor":31,"turns":4},{"damage":47,"enemies":"Collector","floor":33,"turns":9},{"damage":3,"enemies":"Orb Walker","floor":35,"turns":4},{"damage":1,"enemies":"3 Darklings","floor":37,"turns":3},{"damage":24,"enemies":"Maw","floor":38,"turns":7},{"damage":24,"enemies":"Spire Growth","floor":41,"turns":5},{"damage":1,"enemies":"Transient","floor":44,"turns":6},{"damage":0,"enemies":"Reptomancer","floor":47,"turns":5},{"damage":6,"enemies":"Maw","floor":48,"turns":7},{"damage":43,"enemies":"Awakened One","floor":50,"turns":20},{"damage":42,"enemies":"Time Eater","floor":51,"turns":4}],"seed_played":"-574894554884138565","potions_obtained":[{"floor":2.0,"key":"SpeedPotion"},{"floor":4.0,"key":"Dexterity Potion"},{"floor":12.0,"key":"Fire Potion"},{"floor":24,"key":"Fire Potion"},{"floor":28,"key":"Fire Potion"},{"floor":30,"key":"LiquidBronze"},{"floor":37,"key":"EntropicBrew"},{"floor":44,"key":"PowerPotion"},{"floor":47,"key":"Fire Potion"}],"is_trial":false,"path_per_floor":["M","M","$","M","?","$","R","?","T","R","E","M","R","E","R","B",null,"M","?","?","M","$","R","E","M","T","R","M","M","M","M","R","B",null,"M","$","M","M","?","R","M","R","T","M","?","R","M","M","R","B"],"character_chosen":"THE_SILENT","items_purchased":["Bouncing Flask","Bronze Scales","Well Laid Plans","Noxious Fumes","PiercingWail","Terror","Chemical X"],"campfire_rested":6,"item_purchase_floors":[6,6,6,22,22,22,36],"current_hp_per_floor":[59,59,59,59,59,59,59,59,59,59,26,21,21,14,14,7,47,41,41,41,41,41,41,35,28,28,50,46,46,46,45,67,20,61,58,58,57,33,33,54,30,51,51,50,50,70,70,64,70,27,0],"gold":118,"neow_bonus":"TWO_FIFTY_GOLD","is_prod":false,"is_daily":false,"chose_seed":false,"campfire_upgraded":2,"win_rate":0,"timestamp":1538105625,"path_taken":["M","M","$","M","?","$","R","?","T","R","E","M","R","E","R","BOSS","M","?","?","M","$","R","E","M","T","R","M","M","?","M","R","BOSS","M","$","M","M","?","R","M","R","T","M","?","R","M","?","R","BOSS","BOSS"],"build_version":"2018-09-26v2","purchased_purges":1,"victory":false,"max_hp_per_floor":[60,60,60,60,60,60,60,60,60,60,60,60,60,60,60,60,60,60,60,60,60,60,60,74,74,74,74,74,74,74,74,74,74,74,74,74,74,74,70,70,70,70,70,70,70,70,70,70,70,70,70],"card_choices":[{"not_picked":["Bane","Concentrate"],"picked":"Blade Dance","floor":1.0},{"not_picked":["Setup","Endless Agony"],"picked":"Dagger Spray","floor":2.0},{"not_picked":["Prepared","Blade Dance"],"picked":"Poisoned Stab","floor":4.0},{"not_picked":["Night Terror","Blade Dance","Dagger Throw"],"picked":"Endless Agony","floor":11.0},{"not_picked":["Infinite Blades","PiercingWail","Prepared"],"picked":"Cloak And Dagger","floor":12.0},{"not_picked":["Concentrate","Doppelganger","Reflex","Slice"],"picked":"SKIP","floor":14.0},{"not_picked":["Blade Dance","Slice","Catalyst"],"picked":"Escape Plan","floor":18.0},{"not_picked":["Slice","Poisoned Stab","Underhanded Strike"],"picked":"Acrobatics","floor":21.0},{"not_picked":["Quick Slash","Burst","Bane"],"picked":"Sucker Punch","floor":24},{"not_picked":["Prepared","Slice","Deadly Poison"],"picked":"Dodge and Roll","floor":25},{"not_picked":["Sucker Punch","Underhanded Strike","Bane"],"picked":"Dagger Spray","floor":28},{"not_picked":["Quick Slash","Prepared","Poisoned Stab"],"picked":"Footwork","floor":29},{"not_picked":["Reflex","Sucker Punch","Dagger Throw"],"picked":"Cloak And Dagger+1","floor":30},{"not_picked":["Flying Knee","Bouncing Flask","Noxious Fumes"],"picked":"Adrenaline","floor":31},{"not_picked":["Grand Finale","Phantasmal Killer","Venomology"],"picked":"Malaise","floor":33},{"not_picked":["Slice"],"picked":"Cloak And Dagger","floor":35},{"not_picked":["Slice","Eviscerate"],"picked":"SKIP","floor":37},{"not_picked":["Cloak And Dagger","Prepared"],"picked":"SKIP","floor":38},{"not_picked":["Deflect","Sucker Punch+1"],"picked":"SKIP","floor":41},{"not_picked":["Catalyst"],"picked":"Backstab","floor":44},{"not_picked":["Flechettes"],"picked":"Blur+1","floor":47},{"not_picked":["Outmaneuver","Dagger Spray"],"picked":"SKIP","floor":48}],"player_experience":631124,"relics_obtained":[{"floor":9.0,"key":"Question Card"},{"floor":11.0,"key":"Girya"},{"floor":14.0,"key":"Mercury Hourglass"},{"floor":24,"key":"Mango"},{"floor":26,"key":"Oddly Smooth Stone"},{"floor":43,"key":"Darkstone Periapt"}],"event_choices":[{"event_name":"Living Wall","player_choice":"Grow","floor":5.0,"damage_taken":0.0},{"event_name":"World of Goop","player_choice":"Left","floor":8.0,"damage_taken":0.0},{"event_name":"Purifier","player_choice":"One Purge","floor":19.0,"damage_taken":0.0},{"event_name":"Nest","player_choice":"Stole From Cult","floor":20.0,"damage_taken":0.0},{"event_name":"Winding Halls","player_choice":"Max HP","floor":39,"damage_taken":0},{"event_name":"Falling","player_choice":"Removed Skill","floor":45,"damage_taken":0}],"is_beta":true,"boss_relics":[{"not_picked":["Lizard Tail","Coffee Dripper"],"picked":"Fusion Hammer"},{"not_picked":["Runic Dome","Eternal Feather"],"picked":"Busted Crown"}],"items_purged_floors":[6],"is_endless":false,"potions_floor_spawned":[2,4,12,24,28,30,31,37,44,47],"killed_by":"Time Eater","ascension_level":20}