{"gold_per_floor":[10,29,29,29,29,29,44,44,70,140,140,171,16,33,33,107,107,126,20,20,20,50,50,50,64,109,137,137,153,153],"floor_reached":30,"playtime":1047,"items_purged":["Strike_G"],"score":563,"play_id":"ee2a9c18-b0af-40c7-8242-891d795b50d1","local_time":"20181011223858","is_ascension_mode":true,"campfire_choices":[{"data":"Glass Knife","floor":6.0,"key":"SMITH"},{"data":"Crippling Poison","floor":8.0,"key":"SMITH"},{"floor":15.0,"key":"REST"},{"data":"Catalyst","floor":23.0,"key":"SMITH"},{"floor":28.0,"key":"REST"}],"neow_cost":"NO_GOLD","seed_source_timestamp":0,"circlet_count":0,"master_deck":["Defend_G","Defend_G","Defend_G","Defend_G","Defend_G","Strike_G","Strike_G","Strike_G","Strike_G","Survivor","Neutralize","AscendersBane","Glass Knife+1","Backflip","Crippling Poison+1","Catalyst+1","Terror","Deflect","Corpse Explosion","Catalyst+1","PiercingWail","Ghostly","Ghostly","Ghostly","Ghostly","Ghostly","Deadly Poison","Leg Sweep","Wraith Form v2"],"special_seed":0,"relics":["Ring of the Snake","Juzu Bracelet","Letter Opener","Happy Flower","Dream Catcher","Sozu","Red Mask","Vajra","Anchor"],"potions_floor_usage":[],"damage_taken":[{"damage":0.0,"enemies":"Cultist","floor":1.0,"turns":4.0},{"damage":3.0,"enemies":"Small Slimes","floor":2.0,"turns":3.0},{"damage":0.0,"enemies":"Jaw Worm","floor":7.0,"turns":4.0},{"damage":0.0,"enemies":"Lagavulin","floor":12.0,"turns":4.0},{"damage":12.0,"enemies":"Exordium Thugs","floor":14.0,"turns":5.0},{"damage":33.0,"enemies":"Slime Boss","floor":16.0,"turns":7.0},{"damage":9.0,"enemies":"Chosen","floor":18.0,"turns":3.0},{"damage":12.0,"enemies":"Masked Bandits","floor":22.0,"turns":4.0},{"damage":0.0,"enemies":"Spheric Guardian","floor":25.0,"turns":5.0},{"damage":3.0,"enemies":"Gremlin Leader","floor":27.0,"turns":4.0},{"damage":2.0,"enemies":"Cultist and Chosen","floor":29.0,"turns":5.0},{"damage":20,"enemies":"Book of Stabbing","floor":30,"turns":4}],"seed_played":"5283205894895187021","potions_obtained":[{"floor":7.0,"key":"Poison Potion"},{"floor":16.0,"key":"AttackPotion"}],"is_trial":false,"path_per_floor":["M","M","?","T","$","R","M","R","T","?","?","E","$","M","R","B",null,"M","$","?","?","?","R","$","M","T","E","R","M"],"character_chosen":"THE_SILENT","items_purchased":["Fire Potion","Terror","AttackPotion","PiercingWail"],"campfire_rested":2,"item_purchase_floors":[13,13,13,19],"current_hp_per_floor":[59,56,38,38,38,38,38,38,38,38,38,38,38,26,45,12,53,44,44,33,26,14,14,14,14,14,11,22,20,0],"gold":153,"neow_bonus":"THREE_RARE_CARDS","is_prod":false,"is_daily":false,"chose_seed":false,"campfire_upgraded":3,"win_rate":0,"timestamp":1539311938,"path_taken":["M","M","?","?","?","R","M","R","T","?","?","E","$","M","R","BOSS","M","$","?","?","?","R","?","M","T","E","R","M","E"],"build_version":"2018-10-10","purchased_purges":1,"victory":false,"max_hp_per_floor":[66,66,66,66,66,66,66,66,66,66,66,66,66,66,66,66,66,66,66,33,38,38,38,38,38,38,38,38,38,38],"card_choices":[{"not_picked":["Grand Finale","A Thousand Cuts"],"picked":"Glass Knife","floor":0.0},{"not_picked":["Tactician","Setup"],"picked":"Backflip","floor":1.0},{"not_picked":["Underhanded Strike","Tactician"],"picked":"Crippling Poison","floor":2.0},{"not_picked":["Slice","Poisoned Stab"],"picked":"Catalyst","floor":7.0},{"not_picked":["Outmaneuver","Concentrate","Deflect"],"picked":"SKIP","floor":12.0},{"not_picked":["Prepared","Acrobatics"],"picked":"Deflect","floor":14.0},{"not_picked":["Wraith Form v2","Storm of Steel"],"picked":"Corpse Explosion","floor":16.0},{"not_picked":["Eviscerate","Outmaneuver"],"picked":"Catalyst","floor":18.0},{"not_picked":["Underhanded Strike","Dagger Throw"],"picked":"Deadly Poison","floor":25.0},{"not_picked":["Slice","Quick Slash"],"picked":"Leg Sweep","floor":27.0},{"not_picked":["Footwork","Underhanded Strike"],"picked":"Wraith Form v2","floor":29.0}],"player_experience":688012,"relics_obtained":[{"floor":4.0,"key":"Letter Opener"},{"floor":9.0,"key":"Happy Flower"},{"floor":12.0,"key":"Dream Catcher"},{"floor":22.0,"key":"Red Mask"},{"floor":26.0,"key":"Vajra"},{"floor":27.0,"key":"Anchor"}],"event_choices":[{"event_name":"Scrap Ooze","player_choice":"success","floor":3.0,"damage_taken":18.0},{"event_name":"Golden Wing","player_choice":"Gained Gold","floor":10.0,"damage_taken":0.0},{"event_name":"Accursed Blacksmith","player_choice":"Forge","floor":11.0,"damage_taken":0.0},{"event_name":"Ghosts","player_choice":"Became a Ghost","floor":20.0,"damage_taken":0.0},{"event_name":"Forgotten Altar","player_choice":"Shed Blood","floor":21.0,"damage_taken":0.0},{"event_name":"Masked Bandits","player_choice":"Fought Bandits","floor":22.0,"damage_taken":0.0}],"is_beta":true,"boss_relics":[{"not_picked":["Snecko Eye","Runic Dome"],"picked":"Sozu"}],"items_purged_floors":[19],"is_endless":false,"potions_floor_spawned":[7,14,16,25,27,29],"killed_by":"Book of Stabbing","ascension_level":20}