{"gold_per_floor":[119,44,44,63,78,78,103,103,128,148,173,173,185,214,214,285,285,266,300,300,350,366,366,366],"floor_reached":24,"playtime":1249,"items_purged":[],"score":375,"play_id":"612b32a4-dc9c-4916-913b-b747ceae639c","local_time":"20180810235634","is_ascension_mode":true,"campfire_choices":[{"data":"Poisoned Stab","floor":6.0,"key":"SMITH"},{"data":"Cloak And Dagger","floor":8.0,"key":"SMITH"},{"floor":15.0,"key":"REST"},{"floor":23.0,"key":"REST"}],"neow_cost":"NONE","seed_source_timestamp":99270297947687,"circlet_count":0,"master_deck":["Defend_G","Defend_G","Defend_G","Defend_G","Defend_G","Strike_G","Strike_G","Strike_G","Strike_G","Survivor","Neutralize+1","AscendersBane","PiercingWail","Poisoned Stab+1","Cloak And Dagger+1","Corpse Explosion","Poisoned Stab","Footwork","All Out Attack","Cloak And Dagger","A Thousand Cuts","Bane","Sucker Punch+1"],"special_seed":0,"relics":["Ring of the Snake","Orichalcum","Potion Belt","Pear","Juzu Bracelet","White Beast Statue","Red Mask"],"potions_floor_usage":[24,24],"damage_taken":[{"damage":0.0,"enemies":"2 Louse","floor":1.0,"turns":6.0},{"damage":2.0,"enemies":"Small Slimes","floor":4.0,"turns":6.0},{"damage":5.0,"enemies":"Cultist","floor":5.0,"turns":5.0},{"damage":11.0,"enemies":"Gremlin Nob","floor":7.0,"turns":5.0},{"damage":3.0,"enemies":"2 Fungi Beasts","floor":10.0,"turns":3.0},{"damage":16.0,"enemies":"3 Sentries","floor":11.0,"turns":11.0},{"damage":0.0,"enemies":"Exordium Thugs","floor":13.0,"turns":4.0},{"damage":13.0,"enemies":"Gremlin Nob","floor":14.0,"turns":4.0},{"damage":41.0,"enemies":"Slime Boss","floor":16.0,"turns":16.0},{"damage":16.0,"enemies":"2 Thieves","floor":18.0,"turns":4.0},{"damage":32.0,"floor":19.0,"turns":4.0},{"damage":9.0,"enemies":"Chosen","floor":22.0,"turns":6.0},{"damage":15,"enemies":"Gremlin Leader","floor":24,"turns":8}],"seed_played":"7816654959683251265","potions_obtained":[{"floor":1.0,"key":"Block Potion"},{"floor":4.0,"key":"Strength Potion"},{"floor":7.0,"key":"SpeedPotion"},{"floor":16.0,"key":"FearPotion"},{"floor":18.0,"key":"Weak Potion"},{"floor":19.0,"key":"SneckoOil"},{"floor":22.0,"key":"SkillPotion"}],"is_trial":false,"path_per_floor":["M","?","?","M","M","R","E","R","T","M","E","?","M","E","R","B",null,"M","?","?","?","M","R"],"character_chosen":"THE_SILENT","items_purchased":[],"campfire_rested":2,"item_purchase_floors":[],"current_hp_per_floor":[59,59,59,57,52,52,41,41,41,38,32,37,37,24,48,7,63,47,15,15,15,6,30,15],"gold":366,"neow_bonus":"UPGRADE_CARD","is_prod":false,"is_daily":false,"chose_seed":false,"campfire_upgraded":2,"win_rate":0,"timestamp":1533959794,"path_taken":["M","?","?","M","M","R","E","R","T","M","E","?","?","E","R","BOSS","M","?","?","?","M","R","E"],"build_version":"2018-08-09","purchased_purges":0,"victory":false,"max_hp_per_floor":[66,66,66,66,66,66,66,66,66,66,76,81,81,81,81,81,81,81,81,81,81,81,81,81],"card_choices":[{"not_picked":["Outmaneuver","Finisher"],"picked":"PiercingWail","floor":1.0},{"not_picked":["Sucker Punch","Underhanded Strike"],"picked":"Poisoned Stab","floor":4.0},{"not_picked":["Blur","Sucker Punch"],"picked":"Cloak And Dagger","floor":5.0},{"not_picked":["Eviscerate","Setup"],"picked":"Corpse Explosion","floor":7.0},{"not_picked":["Expertise","Bane"],"picked":"Poisoned Stab","floor":10.0},{"not_picked":["Outmaneuver","Sucker Punch"],"picked":"Footwork","floor":11.0},{"not_picked":["All Out Attack","Outmaneuver","Accuracy"],"picked":"SKIP","floor":13.0},{"not_picked":["Outmaneuver","Accuracy"],"picked":"All Out Attack","floor":13.0},{"not_picked":["Night Terror","Acrobatics"],"picked":"Cloak And Dagger","floor":14.0},{"not_picked":["Phantasmal Killer","Corpse Explosion"],"picked":"A Thousand Cuts","floor":16.0},{"not_picked":["Catalyst","Flechettes"],"picked":"Bane","floor":18.0},{"not_picked":["Prepared","Blade Dance"],"picked":"Sucker Punch+1","floor":22.0}],"player_experience":488325,"relics_obtained":[{"floor":7.0,"key":"Orichalcum"},{"floor":9.0,"key":"Potion Belt"},{"floor":11.0,"key":"Pear"},{"floor":14.0,"key":"Juzu Bracelet"},{"floor":19.0,"key":"Red Mask"}],"event_choices":[{"event_name":"The Cleric","player_choice":"Card Removal","floor":2.0,"damage_taken":0.0},{"event_name":"Liars Game","player_choice":"disagreed","floor":3.0,"damage_taken":0.0},{"event_name":"Big Fish","player_choice":"Donut","floor":12.0,"damage_taken":0.0},{"event_name":"Masked Bandits","player_choice":"Fought Bandits","floor":19.0,"damage_taken":0.0},{"event_name":"Accursed Blacksmith","player_choice":"Ignore","floor":20.0,"damage_taken":0.0},{"event_name":"Nest","player_choice":"Stole From Cult","floor":21.0,"damage_taken":0.0}],"is_beta":false,"boss_relics":[{"not_picked":["WristBlade","Ring of the Serpent"],"picked":"White Beast Statue"}],"items_purged_floors":[],"is_endless":false,"potions_floor_spawned":[1,4,7,16,18,19,22],"killed_by":"Gremlin Leader","ascension_level":15}