{"gold_per_floor":[359,41,60,60,75,75,101,101,101,26,26,43,63,75,75,174,174,174,174,174,174,25,25,25,25,25,25,25,25,25,25,25,25,25,25,25,25,25,25,25,25,25,25,0,0,0,0,0,0,0],"floor_reached":51,"playtime":1343,"items_purged":["Pain"],"score":717,"play_id":"d75b6376-2022-4326-ac8f-bf586808843a","local_time":"20190424095726","is_ascension_mode":false,"campfire_choices":[{"data":"Zap","floor":6.0,"key":"SMITH"},{"data":"Dualcast","floor":8.0,"key":"SMITH"},{"floor":11.0,"key":"REST"},{"floor":15.0,"key":"REST"},{"data":"Electrodynamics","floor":23.0,"key":"SMITH"},{"data":"Defragment","floor":25.0,"key":"SMITH"},{"floor":30,"key":"REST"},{"floor":32,"key":"REST"},{"data":"Beam Cell","floor":40,"key":"SMITH"},{"data":"White Noise","floor":42,"key":"SMITH"},{"data":"Hello World","floor":46,"key":"SMITH"},{"data":"Coolheaded","floor":49,"key":"SMITH"}],"neow_cost":"PERCENT_DAMAGE","seed_source_timestamp":130732175667316,"circlet_count":0,"master_deck":["Strike_B","Strike_B","Defend_B","Defend_B+1","Defend_B+1","Defend_B","Zap+1","Dualcast+1","Rebound","Streamline","Beam Cell+1","White Noise+1","Self Repair","Conserve Battery","Ball Lightning+1","Defragment+1","Electrodynamics+1","Thunder Strike+1","Echo Form","Hello World+1","Steam","White Noise+1","Meteor Strike+1","Hologram+1","Storm+1","Coolheaded+1"],"special_seed":0,"relics":["Cracked Core","Dead Branch","WarpedTongs","Molten Egg 2","Dodecahedron","Ectoplasm","Juzu Bracelet","War Paint","Du-Vu Doll","Coffee Dripper","Bag of Preparation","Red Mask","Prayer Wheel"],"potions_floor_usage":[29,33,33,33,33,38,50,50],"damage_taken":[{"damage":6.0,"enemies":"Jaw Worm","floor":1.0,"turns":3.0},{"damage":0.0,"enemies":"Cultist","floor":3.0,"turns":4.0},{"damage":3.0,"enemies":"2 Louse","floor":5.0,"turns":2.0},{"damage":27.0,"enemies":"Gremlin Nob","floor":7.0,"turns":4.0},{"damage":0.0,"enemies":"Looter","floor":12.0,"turns":2.0},{"damage":10.0,"enemies":"Large Slime","floor":13.0,"turns":4.0},{"damage":3.0,"enemies":"Lots of Slimes","floor":14.0,"turns":2.0},{"damage":0.0,"enemies":"Slime Boss","floor":16.0,"turns":6.0},{"damage":5.0,"enemies":"3 Byrds","floor":18.0,"turns":3.0},{"damage":10.0,"enemies":"Spheric Guardian","floor":19.0,"turns":3.0},{"damage":0.0,"enemies":"Centurion and Healer","floor":20.0,"turns":4.0},{"damage":17,"enemies":"Book of Stabbing","floor":27,"turns":4},{"damage":13,"enemies":"Snake Plant","floor":28,"turns":4},{"damage":4,"enemies":"3 Cultists","floor":29,"turns":3},{"damage":17,"enemies":"Centurion and Healer","floor":31,"turns":4},{"damage":9,"enemies":"Collector","floor":33,"turns":6},{"damage":20,"enemies":"3 Darklings","floor":35,"turns":4},{"damage":0,"enemies":"3 Shapes","floor":36,"turns":2},{"damage":0,"enemies":"Transient","floor":38,"turns":5},{"damage":6,"enemies":"4 Shapes","floor":47,"turns":2},{"damage":37,"enemies":"Time Eater","floor":50,"turns":6}],"seed_played":"-4228734077539686014","potions_obtained":[{"floor":3.0,"key":"Energy Potion"},{"floor":12.0,"key":"SkillPotion"},{"floor":13.0,"key":"Strength Potion"},{"floor":20.0,"key":"Poison Potion"},{"floor":28,"key":"EntropicBrew"},{"floor":29,"key":"EssenceOfSteel"},{"floor":33,"key":"Fire Potion"},{"floor":39,"key":"PowerPotion"}],"is_trial":false,"path_per_floor":["M","$","M","?","M","R","E","R","T","$","R","M","M","M","R","B",null,"M","M","M","?","$","R","?","R","T","E","M","M","R","M","R","B",null,"M","M","?","M","?","R","$","R","T","?","T","R","M","$","R","B",null],"character_chosen":"DEFECT","items_purchased":["Dead Branch","Streamline","Juzu Bracelet"],"campfire_rested":4,"item_purchase_floors":[2,2,22],"current_hp_per_floor":[48,48,48,48,45,45,18,18,18,18,40,40,37,34,56,56,75,70,67,74,74,74,74,60,60,60,50,44,40,64,54,78,79,80,67,67,67,77,77,77,77,77,77,77,77,77,71,71,71,44],"gold":0,"neow_bonus":"TWO_FIFTY_GOLD","is_prod":false,"is_daily":false,"chose_seed":false,"campfire_upgraded":8,"win_rate":0,"timestamp":1556121446,"path_taken":["M","$","M","?","M","R","E","R","T","$","R","M","M","?","R","BOSS","BOSS","M","M","?","?","?","R","?","R","T","E","M","M","R","M","R","BOSS","M","M","?","M","?","R","$","R","T","?","?","R","M","?","R","BOSS"],"build_version":"2019-01-23","purchased_purges":1,"victory":true,"max_hp_per_floor":[75,75,75,75,75,75,75,75,75,75,75,75,75,75,75,75,75,75,75,75,75,75,75,80,80,80,80,80,80,80,80,80,80,80,80,80,80,80,80,80,80,80,80,80,80,80,80,80,80,80],"card_choices":[{"not_picked":["Redo","Force Field"],"picked":"Rebound","floor":1.0},{"not_picked":["Sweeping Beam","Compile Driver"],"picked":"Beam Cell","floor":3.0},{"not_picked":["Chaos","Conserve Battery"],"picked":"White Noise","floor":5.0},{"not_picked":["Compile Driver","Auto Shields"],"picked":"Self Repair","floor":7.0},{"not_picked":["Redo","Fusion"],"picked":"Conserve Battery","floor":12.0},{"not_picked":["Rebound+1","Loop"],"picked":"Ball Lightning+1","floor":13.0},{"not_picked":["Conserve Battery","Redo"],"picked":"Defragment","floor":14.0},{"not_picked":["Multi-Cast","Creative AI"],"picked":"Electrodynamics","floor":16.0},{"not_picked":["Conserve Battery","Chaos","Barrage+1"],"picked":"SKIP","floor":18.0},{"not_picked":["Static Discharge+1","Gash+1","Turbo+1"],"picked":"SKIP","floor":19.0},{"not_picked":["Genetic Algorithm","Rip and Tear+1"],"picked":"Conserve Battery","floor":20.0},{"not_picked":["Force Field","Undo"],"picked":"Hello World","floor":27},{"not_picked":["Beam Cell+1","Multi-Cast"],"picked":"Steam","floor":28},{"not_picked":["Cold Snap+1","Go for the Eyes+1"],"picked":"White Noise+1","floor":29},{"not_picked":["Sweeping Beam+1","Scrape+1","Auto Shields"],"picked":"SKIP","floor":31},{"not_picked":["Rainbow","Reboot"],"picked":"Meteor Strike+1","floor":33},{"not_picked":["Go for the Eyes+1","Gash+1"],"picked":"Hologram+1","floor":35},{"not_picked":["Barrage+1","Rip and Tear+1"],"picked":"Storm+1","floor":36},{"not_picked":["Rebound+1","Chill+1","Streamline+1"],"picked":"SKIP","floor":38},{"not_picked":["Redo+1","Undo"],"picked":"Coolheaded","floor":47},{"not_picked":["Compile Driver+1","Lockon+1","Steam Power+1"],"picked":"SKIP","floor":47}],"player_experience":1300918,"relics_obtained":[{"floor":7.0,"key":"Molten Egg 2"},{"floor":9.0,"key":"Dodecahedron"},{"floor":26.0,"key":"War Paint"},{"floor":27,"key":"Du-Vu Doll"},{"floor":43,"key":"Bag of Preparation"},{"floor":45,"key":"Prayer Wheel"}],"event_choices":[{"damage_healed":0.0,"max_hp_gain":0.0,"max_hp_loss":0.0,"gold_gain":0.0,"event_name":"Accursed Blacksmith","player_choice":"Rummage","floor":4.0,"gold_loss":0.0,"damage_taken":0.0,"relics_obtained":["WarpedTongs"],"cards_obtained":["Pain"]},{"damage_healed":0.0,"max_hp_gain":0.0,"max_hp_loss":0.0,"gold_gain":0.0,"cards_transformed":["Strike_B","Strike_B"],"event_name":"Drug Dealer","player_choice":"Became Test Subject","floor":21.0,"gold_loss":0.0,"damage_taken":0.0,"cards_obtained":["Thunder Strike","Echo Form"]},{"damage_healed":0.0,"max_hp_gain":5.0,"max_hp_loss":0.0,"gold_gain":0.0,"event_name":"Forgotten Altar","player_choice":"Shed Blood","floor":24.0,"gold_loss":0.0,"damage_taken":19.0},{"cards_removed":["Conserve Battery"],"damage_healed":0,"gold_gain":0,"player_choice":"Removed Skill","damage_taken":0,"max_hp_gain":0,"max_hp_loss":0,"event_name":"Falling","floor":37,"gold_loss":0},{"damage_healed":0,"gold_gain":0,"player_choice":"Got Potions","damage_taken":0,"max_hp_gain":0,"max_hp_loss":0,"event_name":"Lab","floor":39,"gold_loss":0},{"damage_healed":0,"gold_gain":0,"player_choice":"Paid","damage_taken":0,"relics_obtained":["Red Mask"],"max_hp_gain":0,"max_hp_loss":0,"event_name":"Tomb of Lord Red Mask","floor":44,"gold_loss":25}],"is_beta":false,"boss_relics":[{"not_picked":["Runic Dome","Tiny House"],"picked":"Ectoplasm"},{"not_picked":["Black Star","Pandora\u0027s Box"],"picked":"Coffee Dripper"}],"items_purged_floors":[10],"is_endless":false,"potions_floor_spawned":[3,12,13,20,28,29,33,36],"ascension_level":0}