{"path_per_floor":["M","M","M","$","?","R","M","E","T","M","M","M","R","M","R","B",null,"M","$","M"],"character_chosen":"THE_SILENT","items_purchased":["Slice","Poisoned Stab"],"gold_per_floor":[111,122,141,17,92,92,106,138,138,152,171,181,181,199,199,303,303,316,193,208,208],"floor_reached":21,"campfire_rested":3,"playtime":1965,"current_hp_per_floor":[67,66,60,60,49,70,66,33,33,27,22,17,38,17,38,31,70,44,44,32,0],"items_purged":["Defend_G","Doppelganger"],"gold":208,"score":185,"play_id":"c2b1429c-1bdd-4da6-aadc-03732d9e675f","local_time":"20180514210738","is_prod":false,"is_daily":false,"chose_seed":false,"is_ascension_mode":false,"campfire_upgraded":0,"timestamp":1526342858,"path_taken":["M","M","M","$","?","R","M","E","T","M","M","M","R","M","R","BOSS","M","$","M","M"],"build_version":"2018-05-10","seed_source_timestamp":527121507050684,"purchased_purges":3,"victory":false,"master_deck":["Defend_G","Defend_G","Defend_G","Defend_G","Strike_G","Strike_G","Strike_G","Strike_G","Strike_G","Survivor","Neutralize","Deadly Poison","Quick Slash","Deadly Poison","Slice","Dagger Spray","Leg Sweep","Underhanded Strike+1","Deadly Poison","Flying Knee+1","After Image","Dagger Spray+1","Poisoned Stab+1","Deflect"],"max_hp_per_floor":[70,70,70,70,70,70,70,70,70,70,70,70,70,70,70,70,70,70,70,70,70],"relics":["Ring of the Snake","Molten Egg 2","Matryoshka","Runic Pyramid"],"card_choices":[{"not_picked":["All Out Attack","Distraction"],"picked":"Deadly Poison","floor":1},{"not_picked":["Footwork","Poisoned Stab"],"picked":"Quick Slash","floor":2},{"not_picked":["Quick Slash","Dagger Throw"],"picked":"Deadly Poison","floor":3},{"not_picked":["PiercingWail","Malaise"],"picked":"Dagger Spray","floor":7},{"not_picked":["Caltrops","PiercingWail"],"picked":"Doppelganger","floor":8},{"not_picked":["Endless Agony","Quick Slash"],"picked":"Leg Sweep","floor":10},{"not_picked":["Blur","Dagger Throw"],"picked":"Underhanded Strike","floor":11},{"not_picked":["Malaise","Distraction"],"picked":"Deadly Poison","floor":12},{"not_picked":["Slice","Poisoned Stab"],"picked":"Flying Knee","floor":14},{"not_picked":["Night Terror","A Thousand Cuts"],"picked":"After Image","floor":16},{"not_picked":["Underhanded Strike","Sucker Punch"],"picked":"Dagger Spray","floor":18},{"not_picked":["Blur","Dagger Throw"],"picked":"Deflect","floor":20}],"player_experience":2865,"potions_floor_usage":[16,20],"damage_taken":[{"damage":3,"enemies":"Jaw Worm","floor":1,"turns":4},{"damage":1,"enemies":"Cultist","floor":2,"turns":4},{"damage":6,"enemies":"2 Louse","floor":3,"turns":3},{"damage":4,"enemies":"Blue Slaver","floor":7,"turns":3},{"damage":33,"enemies":"3 Sentries","floor":8,"turns":9},{"damage":6,"enemies":"Exordium Wildlife","floor":10,"turns":2},{"damage":5,"enemies":"Large Slime","floor":11,"turns":5},{"damage":5,"enemies":"3 Louse","floor":12,"turns":3},{"damage":21,"enemies":"Exordium Thugs","floor":14,"turns":3},{"damage":7,"enemies":"Hexaghost","floor":16,"turns":9},{"damage":26,"enemies":"Shell Parasite","floor":18,"turns":6},{"damage":12,"enemies":"Spheric Guardian","floor":20,"turns":6},{"damage":33,"enemies":"3 Cultists","floor":21,"turns":4}],"event_choices":[{"event_name":"World of Goop","player_choice":"Gather Gold","floor":5,"damage_taken":0}],"boss_relics":[{"not_picked":["Runic Dome","Snecko Eye"],"picked":"Runic Pyramid"}],"potions_floor_spawned":[1,10,12,16,20],"seed_played":"-388665246103211151","killed_by":"3 Cultists","ascension_level":0,"is_trial":false}