{"gold_per_floor":[10,28,41,52,65,65,65,65,88,88,163,266,266,282,282,412,412,431,431,446,446,446,446],"floor_reached":23,"playtime":1098,"items_purged":[],"score":199,"play_id":"17a9f0fa-7327-4f93-80af-873a1510e070","local_time":"20181212194957","is_ascension_mode":true,"campfire_choices":[{"data":"Fusion","floor":6,"key":"SMITH"},{"data":"Auto Shields","floor":8,"key":"SMITH"},{"data":"Zap","floor":10,"key":"SMITH"},{"floor":15,"key":"REST"}],"neow_cost":"NO_GOLD","seed_source_timestamp":8174292444944,"circlet_count":0,"master_deck":["Strike_B","Strike_B","Strike_B","Defend_B","Defend_B","Defend_B+1","Zap+1","Dualcast+1","Ball Lightning","Rebound","Auto Shields+1","Fusion+1","Meteor Strike","Injury","Defragment","Capacitor","Multi-Cast","Loop+1","Echo Form"],"relics":["Cracked Core","Golden Idol","Tiny Chest","Letter Opener","Inserter","Pen Nib","Nloth\u0027s Gift"],"potions_floor_usage":[12,14,16,16,21,21],"damage_taken":[{"damage":4,"enemies":"Jaw Worm","floor":1,"turns":3},{"damage":1,"enemies":"2 Louse","floor":2,"turns":2},{"damage":0,"enemies":"Cultist","floor":3,"turns":2},{"damage":9,"enemies":"3 Louse","floor":4,"turns":2},{"damage":7,"enemies":"Red Slaver","floor":5,"turns":4},{"damage":8,"enemies":"3 Sentries","floor":12,"turns":5},{"damage":0,"enemies":"Looter","floor":14,"turns":1},{"damage":9,"enemies":"The Guardian","floor":16,"turns":7},{"damage":28,"enemies":"Spheric Guardian","floor":18,"turns":4},{"damage":43,"enemies":"2 Thieves","floor":20,"turns":4},{"damage":3,"enemies":"Colosseum Slavers","floor":21,"turns":4},{"damage":0,"enemies":"Book of Stabbing","floor":23,"turns":2}],"seed_played":"3672836711388779957","potions_obtained":[{"floor":3,"key":"Fire Potion"},{"floor":4,"key":"AttackPotion"},{"floor":12,"key":"Weak Potion"},{"floor":14,"key":"PowerPotion"},{"floor":18,"key":"SkillPotion"},{"floor":20,"key":"AttackPotion"}],"is_trial":false,"path_per_floor":["M","M","M","M","M","R","?","R","T","R","?","?","T","M","R","B",null,"M","T","M","?","?","E"],"character_chosen":"DEFECT","items_purchased":[],"campfire_rested":1,"item_purchase_floors":[],"current_hp_per_floor":[71,70,70,61,54,54,54,54,54,54,43,35,35,35,57,48,75,47,47,4,1,1,1],"gold":446,"neow_bonus":"REMOVE_TWO","is_prod":false,"is_daily":false,"chose_seed":false,"campfire_upgraded":3,"win_rate":0,"timestamp":1544658597,"path_taken":["M","M","M","M","M","R","?","R","T","R","?","?","?","M","R","BOSS","M","?","M","?","?","E"],"build_version":"2018-12-06","purchased_purges":0,"victory":false,"max_hp_per_floor":[75,75,75,75,75,75,75,75,75,75,75,75,75,75,75,75,75,75,75,75,75,75,75],"card_choices":[{"not_picked":["Consume","Sweeping Beam"],"picked":"Ball Lightning","floor":1},{"not_picked":["Go for the Eyes","Turbo"],"picked":"Rebound","floor":2},{"not_picked":["Hologram","Heatsinks"],"picked":"Auto Shields","floor":3},{"not_picked":["Darkness","Beam Cell"],"picked":"Fusion","floor":4},{"not_picked":["Scrape","BootSequence"],"picked":"Meteor Strike","floor":5},{"not_picked":["Chill","Rebound"],"picked":"Defragment","floor":12},{"not_picked":["Beam Cell","Cold Snap"],"picked":"Capacitor","floor":14},{"not_picked":["Fission","Rainbow"],"picked":"Multi-Cast","floor":16},{"not_picked":["Stack","Turbo+1"],"picked":"Loop+1","floor":18},{"not_picked":["Ball Lightning","Barrage"],"picked":"Echo Form","floor":20}],"player_experience":106894,"relics_obtained":[{"floor":9,"key":"War Paint"},{"floor":12,"key":"Tiny Chest"},{"floor":13,"key":"Letter Opener"},{"floor":19,"key":"Pen Nib"}],"event_choices":[{"damage_healed":0,"gold_gain":0,"player_choice":"Take Wound","damage_taken":0,"relics_obtained":["Golden Idol"],"max_hp_gain":0,"max_hp_loss":0,"event_name":"Golden Idol","floor":7,"gold_loss":0,"cards_obtained":["Injury"]},{"damage_healed":0,"gold_gain":75,"player_choice":"Gather Gold","damage_taken":11,"max_hp_gain":0,"max_hp_loss":0,"event_name":"World of Goop","floor":11,"gold_loss":0},{"damage_healed":0,"gold_gain":0,"player_choice":"Searched \u00272\u0027 times","damage_taken":0,"max_hp_gain":0,"max_hp_loss":0,"event_name":"Dead Adventurer","floor":12,"gold_loss":0},{"damage_healed":0,"gold_gain":0,"player_choice":"Fight","damage_taken":0,"max_hp_gain":0,"max_hp_loss":0,"event_name":"Colosseum","floor":21,"gold_loss":0},{"damage_healed":0,"gold_gain":0,"player_choice":"Fled From Nobs","damage_taken":0,"max_hp_gain":0,"max_hp_loss":0,"event_name":"Colosseum","floor":21,"gold_loss":0},{"damage_healed":0,"gold_gain":0,"player_choice":"Traded Relic","damage_taken":0,"relics_obtained":["Nloth\u0027s Gift"],"max_hp_gain":0,"max_hp_loss":0,"event_name":"N\u0027loth","floor":22,"relics_lost":["War Paint"],"gold_loss":0}],"is_beta":false,"boss_relics":[{"not_picked":["Fusion Hammer","FrozenCore"],"picked":"Inserter"}],"items_purged_floors":[],"is_endless":false,"potions_floor_spawned":[3,4,12,14,18,20,21],"killed_by":"Book of Stabbing","ascension_level":2}