{"gold_per_floor":[217,217,217,217,217,233,249,265,265,288,288,11,24,37,37,126,126,141,141,83,83,96,96,121,121,121,121,121,42,61,61,61,159,159,182,182,515,98,98,98,112,112,412,0,0,12,12,29,29,29,29],"floor_reached":51,"playtime":3033,"items_purged":["Pain"],"score":1245,"play_id":"2293a442-17cf-4908-b39c-9fc80a852d4b","local_time":"20181022024933","is_ascension_mode":true,"campfire_choices":[{"floor":11.0,"key":"REST"},{"data":"Deadly Poison","floor":15.0,"key":"SMITH"},{"floor":23.0,"key":"REST"},{"floor":28.0,"key":"REST"},{"floor":32.0,"key":"REST"},{"data":"Wraith Form v2","floor":40.0,"key":"SMITH"},{"data":"Footwork","floor":42.0,"key":"SMITH"},{"data":"Catalyst","floor":45.0,"key":"SMITH"},{"data":"Noxious Fumes","floor":47.0,"key":"SMITH"},{"floor":49.0,"key":"REST"}],"neow_cost":"NONE","seed_source_timestamp":962490100087332,"circlet_count":0,"master_deck":["Survivor","Neutralize","AscendersBane","Sucker Punch","Dash","Dagger Spray","Cloak And Dagger","Well Laid Plans","Cloak And Dagger","Deadly Poison+1","Poisoned Stab","Backflip","Poisoned Stab","Wraith Form v2+1","PiercingWail","Slice","Setup","Crippling Poison","Dagger Spray","Caltrops","Endless Agony","Bane","Deflect","Backflip","Deadly Poison","Prepared","Catalyst+1","Noxious Fumes+1","Dagger Spray","Adrenaline","PiercingWail","Footwork+1","Noxious Fumes+1","Prepared+1"],"special_seed":0,"relics":["Ring of the Snake","Sundial","Juzu Bracelet","Pandora\u0027s Box","Enchiridion","Ornamental Fan","Letter Opener","Velvet Choker","WarpedTongs","Pen Nib","Tough Bandages","Old Coin","Red Mask"],"potions_floor_usage":[51],"damage_taken":[{"damage":1.0,"enemies":"Cultist","floor":1.0,"turns":4.0},{"damage":0.0,"enemies":"Small Slimes","floor":6.0,"turns":4.0},{"damage":12.0,"enemies":"Jaw Worm","floor":7.0,"turns":4.0},{"damage":0.0,"enemies":"Exordium Wildlife","floor":8.0,"turns":3.0},{"damage":13.0,"enemies":"Exordium Thugs","floor":10.0,"turns":5.0},{"damage":0.0,"enemies":"Blue Slaver","floor":13.0,"turns":4.0},{"damage":0.0,"enemies":"2 Fungi Beasts","floor":14.0,"turns":3.0},{"damage":2.0,"enemies":"Hexaghost","floor":16.0,"turns":9.0},{"damage":14.0,"enemies":"3 Byrds","floor":18.0,"turns":4.0},{"damage":7.0,"enemies":"Chosen","floor":22.0,"turns":5.0},{"damage":8.0,"enemies":"Snake Plant","floor":24.0,"turns":5.0},{"damage":10.0,"enemies":"Chosen and Byrds","floor":30.0,"turns":6.0},{"damage":27.0,"enemies":"Collector","floor":33.0,"turns":8.0},{"damage":16.0,"enemies":"3 Darklings","floor":35.0,"turns":4.0},{"damage":1.0,"enemies":"Orb Walker","floor":41.0,"turns":5.0},{"damage":3.0,"enemies":"Spire Growth","floor":46.0,"turns":4.0},{"damage":1.0,"enemies":"Sphere and 2 Shapes","floor":48.0,"turns":5.0},{"damage":32.0,"enemies":"Time Eater","floor":50.0,"turns":10.0},{"damage":27,"enemies":"Awakened One","floor":51,"turns":11}],"seed_played":"7548289375957892562","potions_obtained":[{"floor":10.0,"key":"EssenceOfSteel"},{"floor":14.0,"key":"Dexterity Potion"},{"floor":24.0,"key":"Dexterity Potion"},{"floor":48.0,"key":"Strength Potion"}],"is_trial":false,"path_per_floor":["M","?","?","?","$","M","M","M","T","M","R","$","M","M","R","B",null,"M","?","$","?","M","R","M","?","T","?","R","$","M","$","R","B",null,"M","?","?","$","T","R","M","R","T","?","R","M","R","M","R","B"],"character_chosen":"THE_SILENT","items_purchased":["Deadly Poison","Poisoned Stab","Juzu Bracelet","Backflip","Noxious Fumes","Footwork","Dexterity Potion","Regen Potion","Pen Nib"],"campfire_rested":5,"item_purchase_floors":[12,12,12,20,29,38,38,38,38],"current_hp_per_floor":[58,58,58,40,40,40,28,28,28,15,33,33,33,33,33,31,53,39,39,39,18,11,29,21,21,21,21,39,39,29,29,47,20,50,34,34,34,34,34,34,33,33,33,33,33,44,44,43,60,28,1],"gold":29,"neow_bonus":"HUNDRED_GOLD","is_prod":false,"is_daily":false,"chose_seed":false,"campfire_upgraded":5,"win_rate":0,"timestamp":1540190973,"path_taken":["M","?","?","?","$","M","?","M","T","M","R","$","M","M","R","BOSS","M","?","$","?","M","R","M","?","T","?","R","?","M","$","R","BOSS","M","?","?","$","?","R","M","R","T","?","R","M","R","M","R","BOSS","BOSS"],"build_version":"2018-10-19","purchased_purges":1,"victory":false,"max_hp_per_floor":[66,66,60,60,60,60,60,60,60,60,60,60,60,60,60,60,60,60,60,60,60,60,60,60,60,60,60,60,60,60,60,60,60,60,60,60,60,60,60,60,60,60,60,60,60,60,60,60,60,60,60],"card_choices":[{"not_picked":["Flying Knee","Setup"],"picked":"Sucker Punch","floor":1.0},{"not_picked":["Outmaneuver","PiercingWail"],"picked":"Dagger Spray","floor":6.0},{"not_picked":["Masterful Stab","Bane"],"picked":"Cloak And Dagger","floor":7.0},{"not_picked":["Deflect","Setup"],"picked":"Well Laid Plans","floor":8.0},{"not_picked":["Calculated Gamble","Accuracy"],"picked":"Cloak And Dagger","floor":10.0},{"not_picked":["Deflect","Dagger Throw"],"picked":"Backflip","floor":13.0},{"not_picked":["Tools of the Trade","Setup"],"picked":"Poisoned Stab","floor":14.0},{"not_picked":["Glass Knife","Doppelganger"],"picked":"Wraith Form v2","floor":16.0},{"not_picked":["Masterful Stab","Bane"],"picked":"Deflect","floor":18.0},{"not_picked":["Bouncing Flask","Tactician"],"picked":"Deadly Poison","floor":22.0},{"not_picked":["Dagger Throw","Skewer","Underhanded Strike"],"picked":"SKIP","floor":24.0},{"not_picked":["Venomology","Dagger Throw"],"picked":"Dagger Spray","floor":30.0},{"not_picked":["Burst","Doppelganger"],"picked":"Adrenaline","floor":33.0},{"not_picked":["Prepared","Blade Dance"],"picked":"PiercingWail","floor":35.0},{"not_picked":["Dagger Throw","Riddle With Holes"],"picked":"Noxious Fumes+1","floor":41.0},{"not_picked":["Infinite Blades","Slice","Riddle With Holes"],"picked":"SKIP","floor":46.0},{"not_picked":["Crippling Poison","Quick Slash+1"],"picked":"Prepared+1","floor":48.0}],"player_experience":707572,"relics_obtained":[{"floor":9.0,"key":"Sundial"},{"floor":21.0,"key":"Enchiridion"},{"floor":26.0,"key":"Ornamental Fan"},{"floor":27.0,"key":"Letter Opener"},{"floor":39.0,"key":"Tough Bandages"},{"floor":43.0,"key":"Old Coin"}],"event_choices":[{"damage_healed":0.0,"max_hp_gain":0.0,"max_hp_loss":0.0,"gold_gain":0.0,"event_name":"Match and Keep!","player_choice":"1 cards matched","floor":2.0,"gold_loss":0.0,"damage_taken":0.0,"cards_obtained":["Dash"]},{"damage_healed":0.0,"max_hp_gain":0.0,"max_hp_loss":6.0,"gold_gain":0.0,"event_name":"Golden Idol","player_choice":"Lose Max HP","floor":3.0,"gold_loss":0.0,"damage_taken":0.0,"relics_obtained":["Golden Idol"]},{"damage_healed":0.0,"max_hp_gain":0.0,"max_hp_loss":0.0,"gold_gain":0.0,"event_name":"Shining Light","player_choice":"Entered Light","floor":4.0,"gold_loss":0.0,"damage_taken":18.0,"cards_upgraded":["Strike_G","Defend_G"]},{"damage_healed":0.0,"max_hp_gain":0.0,"max_hp_loss":0.0,"gold_gain":0.0,"event_name":"Vampires","player_choice":"Ignored","floor":19.0,"gold_loss":0.0,"damage_taken":0.0},{"damage_healed":0.0,"max_hp_gain":0.0,"max_hp_loss":0.0,"gold_gain":0.0,"event_name":"Cursed Tome","player_choice":"Obtained Book","floor":21.0,"gold_loss":0.0,"damage_taken":21.0},{"damage_healed":0.0,"max_hp_gain":0.0,"max_hp_loss":0.0,"gold_gain":0.0,"cards_transformed":["Calculated Gamble","Prepared"],"event_name":"Drug Dealer","player_choice":"Became Test Subject","floor":25.0,"gold_loss":0.0,"damage_taken":0.0,"cards_obtained":["Prepared","Catalyst"]},{"damage_healed":0.0,"max_hp_gain":0.0,"max_hp_loss":0.0,"gold_gain":0.0,"event_name":"Wheel of Change","player_choice":"Relic","floor":27.0,"gold_loss":0.0,"damage_taken":0.0},{"damage_healed":0.0,"max_hp_gain":0.0,"max_hp_loss":0.0,"gold_gain":0.0,"event_name":"Accursed Blacksmith","player_choice":"Rummage","floor":36.0,"gold_loss":0.0,"damage_taken":0.0,"relics_obtained":["WarpedTongs"],"cards_obtained":["Pain"]},{"damage_healed":0.0,"max_hp_gain":0.0,"max_hp_loss":0.0,"gold_gain":333.0,"event_name":"The Moai Head","player_choice":"Gave Idol","floor":37.0,"relics_lost":["Golden Idol"],"gold_loss":0.0,"damage_taken":0.0},{"damage_healed":0.0,"max_hp_gain":0.0,"max_hp_loss":0.0,"gold_gain":0.0,"event_name":"Tomb of Lord Red Mask","player_choice":"Paid","floor":44.0,"gold_loss":412.0,"damage_taken":0.0,"relics_obtained":["Red Mask"]}],"is_beta":true,"boss_relics":[{"not_picked":["Fusion Hammer","Cursed Key"],"picked":"Pandora\u0027s Box"},{"not_picked":["HoveringKite","Calling Bell"],"picked":"Velvet Choker"}],"items_purged_floors":[38],"is_endless":false,"potions_floor_spawned":[10,14,16,24,41,48],"killed_by":"Awakened One","ascension_level":20}