{"gold_per_floor":[112,27,202,220,64,93,93,43,122,137,150,150,175,187,187,283,283,299,47,67,84,94,94,121,121,121,134,9,9,9,26,26,123,123,137,157,41,53,0,0,32,49,49,49,49,66,76,90,90,90],"floor_reached":51,"playtime":4002,"items_purged":["Doubt","Defend_B","Strike_B"],"score":772,"play_id":"5a45981f-b9f0-4258-af35-7f88f0e92d2a","local_time":"20181208223653","is_ascension_mode":true,"campfire_choices":[{"data":"Defragment","floor":7,"key":"SMITH"},{"floor":15,"key":"REST"},{"floor":23,"key":"REST"},{"floor":25,"key":"REST"},{"floor":30,"key":"REST"},{"floor":32,"key":"REST"},{"floor":40,"key":"REST"},{"floor":44,"key":"REST"},{"floor":49,"key":"REST"}],"neow_cost":"NONE","seed_source_timestamp":521831733539713,"circlet_count":0,"master_deck":["Strike_B","Strike_B","Defend_B","Defend_B","Defend_B","Zap","Dualcast","Ball Lightning+1","Defragment+1","Coolheaded","Coolheaded","Defragment","Coolheaded","Lockon+1","Defragment+1","Static Discharge+1","Rainbow","Consume+1","Redo","Defragment+1","Ball Lightning","Auto Shields+1","Writhe","Self Repair+1","Rainbow","Skim","Double Energy+1","Tempest","Defragment+1","Redo+1","Thunder Strike","Force Field"],"relics":["Cracked Core","Bronze Scales","Frozen Egg 2","Ornamental Fan","Gremlin Horn","Eternal Feather","Whetstone","Strawberry","WingedGreaves","PreservedInsect","Lizard Tail","Red Mask","Happy Flower","Question Card"],"potions_floor_usage":[6,13,13,16,16,16,21,22,27,38,46,47,48,50,50],"damage_taken":[{"damage":0,"enemies":"2 Louse","floor":1,"turns":1},{"damage":5,"enemies":"Small Slimes","floor":4,"turns":3},{"damage":21,"enemies":"Gremlin Nob","floor":6,"turns":5},{"damage":1,"enemies":"Jaw Worm","floor":10,"turns":3},{"damage":3,"enemies":"Exordium Wildlife","floor":11,"turns":3},{"damage":5,"enemies":"3 Sentries","floor":13,"turns":5},{"damage":6,"enemies":"Large Slime","floor":14,"turns":3},{"damage":0,"enemies":"Slime Boss","floor":16,"turns":6},{"damage":10,"enemies":"Chosen","floor":18,"turns":3},{"damage":20,"enemies":"Shell Parasite","floor":20,"turns":4},{"damage":26,"enemies":"Centurion and Healer","floor":21,"turns":5},{"damage":17,"enemies":"Snake Plant","floor":22,"turns":4},{"damage":30,"enemies":"Gremlin Leader","floor":24,"turns":6},{"damage":25,"enemies":"Shelled Parasite and Fungi","floor":27,"turns":4},{"damage":21,"enemies":"Centurion and Healer","floor":31,"turns":5},{"damage":41,"enemies":"Champ","floor":33,"turns":9},{"damage":23,"enemies":"3 Shapes","floor":35,"turns":5},{"damage":26,"enemies":"3 Darklings","floor":36,"turns":5},{"damage":16,"enemies":"Transient","floor":38,"turns":5},{"damage":37,"enemies":"Reptomancer","floor":41,"turns":6},{"damage":35,"enemies":"Writhing Mass","floor":42,"turns":5},{"damage":0,"enemies":"Maw","floor":46,"turns":7},{"damage":41,"enemies":"Spire Growth","floor":47,"turns":3},{"damage":11,"enemies":"3 Darklings","floor":48,"turns":4},{"damage":88,"enemies":"Awakened One","floor":50,"turns":8}],"seed_played":"3849844145530234822","potions_obtained":[{"floor":0,"key":"EntropicBrew"},{"floor":0,"key":"Regen Potion"},{"floor":0,"key":"SpeedPotion"},{"floor":11,"key":"FocusPotion"},{"floor":16,"key":"AttackPotion"},{"floor":18,"key":"SpeedPotion"},{"floor":21,"key":"EssenceOfSteel"},{"floor":24,"key":"AttackPotion"},{"floor":36,"key":"Energy Potion"},{"floor":38,"key":"SteroidPotion"},{"floor":45,"key":"PowerPotion"},{"floor":46,"key":"Fire Potion"},{"floor":48,"key":"Poison Potion"}],"is_trial":false,"path_per_floor":["M","$","?","M","$","E","R","?","T","M","M","?","E","M","R","B",null,"M","$","M","M","M","R","E","R","T","M","$","?","R","M","R","B",null,"M","M","$","M","?","R","E","M","T","R","?","M","M","M","R","B",null],"character_chosen":"DEFECT","items_purchased":["Defragment","Coolheaded","Defragment","Whetstone","Tempest","Defragment+1"],"campfire_rested":8,"item_purchase_floors":[2,2,5,19,37,37],"current_hp_per_floor":[75,75,75,70,70,61,61,61,61,60,57,45,40,34,56,56,75,65,65,45,19,2,36,13,49,49,24,24,24,60,39,75,34,82,69,43,43,27,27,69,42,7,7,49,49,69,28,17,59,30],"gold":90,"neow_bonus":"THREE_SMALL_POTIONS","is_prod":false,"is_daily":false,"chose_seed":false,"campfire_upgraded":1,"win_rate":0,"timestamp":1544323013,"path_taken":["M","$","?","M","$","E","R","?","T","?","M","?","E","M","R","BOSS","M","$","M","M","M","R","E","R","T","M","$","?","R","M","R","BOSS","M","M","$","M","?","R","E","M","T","R","?","?","M","M","R","BOSS"],"build_version":"2018-12-06","purchased_purges":3,"victory":true,"max_hp_per_floor":[75,75,75,75,75,75,75,75,75,75,75,75,75,75,75,75,75,75,75,75,75,75,75,82,82,82,82,82,82,82,82,82,82,82,82,82,82,82,82,82,82,82,82,82,82,82,82,82,82,82],"card_choices":[{"not_picked":["Redo","Conserve Battery"],"picked":"Ball Lightning","floor":1},{"not_picked":["Stack","Streamline"],"picked":"Coolheaded","floor":4},{"not_picked":["Rip and Tear","Hologram","Creative AI"],"picked":"SKIP","floor":6},{"not_picked":["Leap","Rebound"],"picked":"Coolheaded","floor":10},{"not_picked":["Streamline","Beam Cell"],"picked":"Lockon","floor":11},{"not_picked":["Sunder","Go for the Eyes"],"picked":"Defragment+1","floor":13},{"not_picked":["Coolheaded","Streamline"],"picked":"Static Discharge+1","floor":14},{"not_picked":["Core Surge","Seek"],"picked":"Rainbow","floor":16},{"not_picked":["Sweeping Beam+1","Melter"],"picked":"Consume+1","floor":18},{"not_picked":["Recycle","Stack"],"picked":"Redo","floor":20},{"not_picked":["Rebound","Beam Cell+1"],"picked":"Defragment+1","floor":21},{"not_picked":["Go for the Eyes+1","Streamline","Gash+1"],"picked":"SKIP","floor":22},{"not_picked":["Hologram","Stack"],"picked":"Ball Lightning","floor":24},{"not_picked":["Hologram","Gash+1"],"picked":"Auto Shields+1","floor":27},{"not_picked":["Melter","Lockon"],"picked":"Self Repair+1","floor":31},{"not_picked":["All For One","Seek"],"picked":"Rainbow","floor":33},{"not_picked":["Cold Snap","Gash+1"],"picked":"Skim","floor":35},{"not_picked":["Turbo","Lockon"],"picked":"Double Energy+1","floor":36},{"not_picked":["Scrape","Cold Snap+1"],"picked":"Redo+1","floor":38},{"not_picked":["Heatsinks+1","Redo+1","Genetic Algorithm+1"],"picked":"SKIP","floor":41},{"not_picked":["Redo","Compile Driver","Melter"],"picked":"SKIP","floor":42},{"not_picked":["Recycle+1","Aggregate+1","Loop+1"],"picked":"Thunder Strike","floor":46},{"not_picked":["Hello World+1","Chill","Barrage","Redo"],"picked":"SKIP","floor":47},{"not_picked":["Streamline+1","Conserve Battery","Steam"],"picked":"Force Field","floor":48}],"player_experience":91041,"relics_obtained":[{"floor":6,"key":"Bronze Scales"},{"floor":9,"key":"Frozen Egg 2"},{"floor":13,"key":"Gremlin Horn"},{"floor":24,"key":"Strawberry"},{"floor":26,"key":"WingedGreaves"},{"floor":41,"key":"Happy Flower"},{"floor":43,"key":"Question Card"}],"event_choices":[{"damage_healed":0,"gold_gain":175,"player_choice":"AGREE","damage_taken":0,"max_hp_gain":0,"max_hp_loss":0,"event_name":"Liars Game","floor":3,"gold_loss":0,"cards_obtained":["Doubt"]},{"cards_removed":["Strike_B"],"damage_healed":0,"gold_gain":0,"player_choice":"Card Removal","damage_taken":0,"max_hp_gain":0,"max_hp_loss":0,"event_name":"The Cleric","floor":8,"gold_loss":50},{"damage_healed":0,"gold_gain":0,"player_choice":"Success","damage_taken":12,"relics_obtained":["Ornamental Fan"],"max_hp_gain":0,"max_hp_loss":0,"event_name":"Scrap Ooze","floor":12,"gold_loss":0},{"damage_healed":0,"gold_gain":0,"player_choice":"Opened","damage_taken":0,"relics_obtained":["PreservedInsect"],"max_hp_gain":0,"max_hp_loss":0,"event_name":"The Mausoleum","floor":29,"gold_loss":0,"cards_obtained":["Writhe"]},{"damage_healed":0,"gold_gain":0,"player_choice":"Paid","damage_taken":0,"relics_obtained":["Red Mask"],"max_hp_gain":0,"max_hp_loss":0,"event_name":"Tomb of Lord Red Mask","floor":39,"gold_loss":53},{"damage_healed":0,"gold_gain":0,"player_choice":"Got Potions","damage_taken":0,"max_hp_gain":0,"max_hp_loss":0,"event_name":"Lab","floor":45,"gold_loss":0}],"is_beta":false,"boss_relics":[{"not_picked":["Velvet Choker","Ectoplasm"],"picked":"Eternal Feather"},{"not_picked":["White Beast Statue","Nuclear Battery"],"picked":"Lizard Tail"}],"items_purged_floors":[5,19,28],"is_endless":false,"potions_floor_spawned":[11,16,18,21,24,36,38,46,48],"ascension_level":1}