{"gold_per_floor":[113,263,28,38,0,0,25,25,25,25,25,25,43,43,43,43],"floor_reached":16,"playtime":634,"items_purged":["Doubt"],"score":192,"play_id":"e2dfb0ec-1596-471b-ab00-2acbf4f0c610","local_time":"20181031193346","is_ascension_mode":true,"campfire_choices":[{"data":"Skewer","floor":6,"key":"SMITH"},{"data":"Neutralize","floor":8,"key":"SMITH"},{"data":"Bouncing Flask","floor":10,"key":"SMITH"},{"floor":12,"key":"RECALL"},{"floor":15,"key":"REST"}],"neow_cost":"NONE","seed_source_timestamp":582286423513004,"circlet_count":0,"master_deck":["Defend_G","Defend_G","Defend_G","Defend_G","Defend_G","Strike_G","Strike_G","Strike_G","Strike_G","Survivor","Neutralize+1","AscendersBane","Skewer+1","Bouncing Flask+1","PiercingWail","Dagger Spray"],"relics":["Ring of the Snake","Vajra","Juzu Bracelet","Matryoshka","FaceOfCleric"],"potions_floor_usage":[7,16],"damage_taken":[{"damage":3,"enemies":"Jaw Worm","floor":1,"turns":4},{"damage":0,"enemies":"Small Slimes","floor":4,"turns":2},{"damage":32,"enemies":"3 Sentries","floor":7,"turns":14},{"damage":0,"enemies":"2 Louse","floor":13,"turns":3},{"damage":38,"enemies":"Slime Boss","floor":16,"turns":8}],"seed_played":"1360148994270473573","potions_obtained":[{"floor":1,"key":"Block Potion"},{"floor":7,"key":"Poison Potion"}],"is_trial":false,"path_per_floor":["M","?","$","M","?","R","E","R","T","R","?","R","M","?","R","B"],"character_chosen":"THE_SILENT","items_purchased":["Vajra"],"campfire_rested":1,"item_purchase_floors":[3],"current_hp_per_floor":[56,56,56,56,56,56,24,24,24,24,29,29,29,29,50,12],"gold":43,"neow_bonus":"REMOVE_CARD","is_prod":false,"is_daily":false,"chose_seed":false,"campfire_upgraded":3,"win_rate":0,"timestamp":1541028826,"path_taken":["M","?","$","M","?","R","E","R","T","R","?","R","M","?","R","BOSS"],"build_version":"2018-10-30","purchased_purges":1,"victory":false,"max_hp_per_floor":[66,66,66,66,66,66,66,66,66,66,71,71,71,71,71,71],"card_choices":[{"not_picked":["Predator","Dodge and Roll"],"picked":"Skewer","floor":1},{"not_picked":["Bane","Outmaneuver"],"picked":"Bouncing Flask","floor":4},{"not_picked":["Cloak And Dagger","Underhanded Strike"],"picked":"PiercingWail","floor":7},{"not_picked":["Well Laid Plans","Flying Knee"],"picked":"Dagger Spray","floor":13}],"player_experience":755564,"relics_obtained":[{"floor":7,"key":"Juzu Bracelet"},{"floor":9,"key":"Matryoshka"}],"event_choices":[{"damage_healed":0,"gold_gain":150,"player_choice":"AGREE","damage_taken":0,"max_hp_gain":0,"max_hp_loss":0,"event_name":"Liars Game","floor":2,"gold_loss":0,"cards_obtained":["Doubt"]},{"damage_healed":0,"gold_gain":0,"player_choice":"Left Gold","damage_taken":0,"max_hp_gain":0,"max_hp_loss":0,"event_name":"World of Goop","floor":5,"gold_loss":38},{"damage_healed":0,"gold_gain":0,"player_choice":"Donut","damage_taken":0,"max_hp_gain":5,"max_hp_loss":0,"event_name":"Big Fish","floor":11,"gold_loss":0},{"damage_healed":0,"gold_gain":0,"player_choice":"Trade","damage_taken":0,"relics_obtained":["FaceOfCleric"],"max_hp_gain":0,"max_hp_loss":0,"event_name":"FaceTrader","floor":14,"gold_loss":0}],"is_beta":true,"boss_relics":[],"items_purged_floors":[3],"is_endless":false,"potions_floor_spawned":[1,7],"killed_by":"Slime Boss","ascension_level":20}