{"gold_per_floor":[109,120,133,150,150,150,183,183,207,238,238,257,257,275,275,375,375,385,62,161,177,187,221,221,249,272,272,286,299,299,314,314,314],"floor_reached":33,"playtime":2158,"items_purged":["Strike_R"],"score":411,"play_id":"b5676180-f869-400b-84a6-3ef424a6c59a","local_time":"20190421192436","is_ascension_mode":true,"campfire_choices":[{"data":"Fiend Fire","floor":6,"key":"SMITH"},{"data":"True Grit","floor":8,"key":"SMITH"},{"data":"Disarm","floor":13,"key":"SMITH"},{"floor":15,"key":"REST"},{"data":"Immolate","floor":24,"key":"SMITH"},{"floor":27,"key":"REST"},{"data":"Carnage","floor":32,"key":"SMITH"}],"neow_cost":"NONE","seed_source_timestamp":432906490753416,"circlet_count":0,"master_deck":["Strike_R+1","Strike_R+1","Strike_R+1","Strike_R+1","Defend_R+1","Defend_R+1","Defend_R+1","Defend_R+1","Bash","Disarm+1","Fiend Fire+1","Pummel","True Grit+1","Shockwave","Parasite","Offering","Immolate+1","Bloodletting","Whirlwind+1","Sentinel+1","Carnage+1","Flex+1","Flame Barrier"],"relics":["Black Blood","Lantern","War Paint","Potion Belt","Regal Pillow","Singing Bowl","Vajra","Red Mask","Dream Catcher"],"potions_floor_usage":[7,7,12,16,23,25,31,33],"damage_taken":[{"damage":11,"enemies":"Jaw Worm","floor":1,"turns":4},{"damage":4,"enemies":"2 Louse","floor":2,"turns":3},{"damage":9,"enemies":"Small Slimes","floor":3,"turns":3},{"damage":6,"enemies":"Exordium Thugs","floor":4,"turns":3},{"damage":21,"enemies":"Lagavulin","floor":7,"turns":6},{"damage":34,"enemies":"3 Sentries","floor":10,"turns":9},{"damage":0,"enemies":"Red Slaver","floor":12,"turns":1},{"damage":9,"enemies":"Lots of Slimes","floor":14,"turns":7},{"damage":6,"enemies":"Slime Boss","floor":16,"turns":2},{"damage":10,"enemies":"3 Byrds","floor":18,"turns":4},{"damage":6,"enemies":"Chosen","floor":21,"turns":2},{"damage":24,"enemies":"Centurion and Healer","floor":22,"turns":8},{"damage":38,"enemies":"Gremlin Leader","floor":23,"turns":8},{"damage":14,"enemies":"Masked Bandits","floor":25,"turns":5},{"damage":0,"enemies":"3 Cultists","floor":28,"turns":3},{"damage":8,"enemies":"Snecko","floor":29,"turns":3},{"damage":0,"enemies":"Snake Plant","floor":31,"turns":3},{"damage":92,"enemies":"Collector","floor":33,"turns":7}],"seed_played":"-2533150378936255040","potions_obtained":[{"floor":3,"key":"Weak Potion"},{"floor":4,"key":"SkillPotion"},{"floor":7,"key":"Swift Potion"},{"floor":10,"key":"Fire Potion"},{"floor":16,"key":"EssenceOfSteel"},{"floor":21,"key":"BloodPotion"},{"floor":28,"key":"FearPotion"},{"floor":31,"key":"SpeedPotion"}],"is_trial":false,"path_per_floor":["M","M","M","M","?","R","E","R","T","E","?","M","R","M","R","B",null,"M","$","?","M","M","E","R","?","T","R","M","M","?","M","R","B"],"character_chosen":"IRONCLAD","items_purchased":["Singing Bowl"],"campfire_rested":2,"item_purchase_floors":[19],"current_hp_per_floor":[75,77,74,74,74,74,59,59,59,31,51,57,57,54,80,80,80,80,80,80,80,66,46,46,42,42,82,82,84,84,86,86,0],"gold":314,"neow_bonus":"RANDOM_COMMON_RELIC","is_prod":false,"is_daily":false,"chose_seed":false,"campfire_upgraded":5,"win_rate":0,"timestamp":1555885476,"path_taken":["M","M","M","M","?","R","E","R","T","E","?","M","R","M","R","BOSS","M","$","?","M","M","E","R","?","T","R","M","M","?","M","R","BOSS"],"build_version":"2019-01-23","purchased_purges":1,"victory":false,"max_hp_per_floor":[80,80,80,80,80,80,80,80,80,80,80,80,80,80,80,80,80,80,80,80,80,80,80,80,80,80,82,82,84,84,86,86,86],"card_choices":[{"not_picked":["Twin Strike","Iron Wave"],"picked":"Disarm","floor":1},{"not_picked":["Sword Boomerang","Shrug It Off"],"picked":"Fiend Fire","floor":2},{"not_picked":["Dropkick","Heavy Blade"],"picked":"Pummel","floor":3},{"not_picked":["Perfected Strike","Havoc","Power Through"],"picked":"SKIP","floor":4},{"not_picked":["Anger","Battle Trance"],"picked":"True Grit","floor":7},{"not_picked":["Infernal Blade","Wild Strike"],"picked":"Shockwave","floor":10},{"not_picked":["Anger","Body Slam","Twin Strike"],"picked":"SKIP","floor":12},{"not_picked":["Clothesline","Warcry"],"picked":"Offering","floor":14},{"not_picked":["Juggernaut","Berserk"],"picked":"Immolate","floor":16},{"not_picked":["Rampage","Sword Boomerang+1"],"picked":"Bloodletting","floor":18},{"not_picked":["Infernal Blade+1","Havoc"],"picked":"Whirlwind+1","floor":21},{"not_picked":["Sword Boomerang+1","Perfected Strike+1"],"picked":"Sentinel+1","floor":22},{"not_picked":["Armaments","Bludgeon"],"picked":"Carnage","floor":23},{"not_picked":["Clash","Heavy Blade"],"picked":"Flex+1","floor":25},{"not_picked":["Power Through","Sever Soul+1","Dropkick+1"],"picked":"Singing Bowl","floor":27},{"not_picked":["Sword Boomerang","Uppercut"],"picked":"Flame Barrier","floor":28},{"not_picked":["Metallicize","Body Slam","Thunderclap"],"picked":"Singing Bowl","floor":29},{"not_picked":["Wild Strike","Whirlwind+1","Havoc+1"],"picked":"Singing Bowl","floor":31}],"player_experience":320098,"relics_obtained":[{"floor":7,"key":"War Paint"},{"floor":9,"key":"Potion Belt"},{"floor":10,"key":"Regal Pillow"},{"floor":23,"key":"Vajra"},{"floor":25,"key":"Red Mask"},{"floor":26,"key":"Dream Catcher"}],"event_choices":[{"damage_healed":0,"gold_gain":0,"player_choice":"Ignored","damage_taken":0,"max_hp_gain":0,"max_hp_loss":0,"event_name":"Liars Game","floor":5,"gold_loss":0},{"damage_healed":20,"gold_gain":0,"player_choice":"Healed and dodged fight","damage_taken":0,"max_hp_gain":0,"max_hp_loss":0,"event_name":"Mushrooms","floor":11,"gold_loss":0,"cards_obtained":["Parasite"]},{"damage_healed":0,"gold_gain":99,"player_choice":"Stole From Cult","damage_taken":0,"max_hp_gain":0,"max_hp_loss":0,"event_name":"Nest","floor":20,"gold_loss":0},{"damage_healed":0,"gold_gain":0,"player_choice":"Fought Bandits","damage_taken":0,"max_hp_gain":0,"max_hp_loss":0,"event_name":"Masked Bandits","floor":25,"gold_loss":0},{"damage_healed":0,"gold_gain":0,"player_choice":"Simplicity","damage_taken":0,"max_hp_gain":0,"max_hp_loss":0,"event_name":"Back to Basics","floor":30,"gold_loss":0,"cards_upgraded":["Strike_R","Strike_R","Strike_R","Strike_R","Defend_R","Defend_R"]}],"is_beta":false,"boss_relics":[{"not_picked":["Runic Dome","White Beast Statue"],"picked":"Black Blood"}],"items_purged_floors":[19],"is_endless":false,"potions_floor_spawned":[3,4,7,10,16,21,28,31],"killed_by":"Collector","ascension_level":5}