{"gold_per_floor":[116,130,6,26,26,26,60,60,60,60,77,94,108,121,121,216,216,228,240,46,57,57],"floor_reached":22,"playtime":1417,"items_purged":["Defend_R"],"score":190,"play_id":"ffba2f3f-f948-4da8-a7a0-783be8ec3ec5","local_time":"20181130221413","is_ascension_mode":false,"campfire_choices":[{"data":"Whirlwind","floor":6.0,"key":"SMITH"},{"floor":8.0,"key":"REST"},{"floor":10.0,"key":"REST"},{"data":"Bloodletting","floor":15.0,"key":"SMITH"}],"neow_cost":"NONE","seed_source_timestamp":0,"circlet_count":0,"master_deck":["Strike_R","Strike_R","Strike_R","Strike_R","Defend_R","Defend_R","Defend_R","Bash","Whirlwind+1","Flex","Bloodletting","Flex","Flex","Bloodletting+1","Shrug It Off","Heavy Blade","Flame Barrier","Barricade","Combust","Heavy Blade","Inflame","Rage","Feed"],"special_seed":0,"relics":["Burning Blood","Nunchaku","Paper Frog","Philosopher\u0027s Stone"],"potions_floor_usage":[],"damage_taken":[{"damage":1.0,"enemies":"Cultist","floor":1.0,"turns":3.0},{"damage":15.0,"enemies":"Small Slimes","floor":2.0,"turns":2.0},{"damage":1.0,"enemies":"Jaw Worm","floor":4.0,"turns":3.0},{"damage":40.0,"enemies":"Gremlin Nob","floor":7.0,"turns":5.0},{"damage":9.0,"enemies":"Large Slime","floor":11.0,"turns":5.0},{"damage":3.0,"enemies":"Exordium Thugs","floor":12.0,"turns":2.0},{"damage":12.0,"enemies":"Blue Slaver","floor":13.0,"turns":2.0},{"damage":12.0,"enemies":"3 Louse","floor":14.0,"turns":2.0},{"damage":62.0,"enemies":"The Guardian","floor":16.0,"turns":10.0},{"damage":24,"enemies":"Spheric Guardian","floor":18,"turns":4},{"damage":17,"enemies":"2 Thieves","floor":19,"turns":2},{"damage":19,"enemies":"Snake Plant","floor":21,"turns":2},{"damage":52,"enemies":"3 Cultists","floor":22,"turns":4}],"seed_played":"6040379188278049221","potions_obtained":[{"floor":2.0,"key":"Strength Potion"},{"floor":11.0,"key":"FairyPotion"},{"floor":12.0,"key":"SkillPotion"},{"floor":14.0,"key":"AttackPotion"},{"floor":18,"key":"GamblersBrew"},{"floor":21,"key":"Regen Potion"}],"is_trial":false,"path_per_floor":["M","M","$","M","$","R","E","R","T","R","M","M","M","M","R","B",null,"M","M","$","M","M"],"character_chosen":"IRONCLAD","items_purchased":["Bloodletting","Flex","Inflame","Rage"],"campfire_rested":2,"item_purchase_floors":[3,3,20,20],"current_hp_per_floor":[80,71,71,76,76,76,42,66,66,80,77,80,74,68,68,12,80,62,51,51,38,0],"gold":57,"neow_bonus":"REMOVE_CARD","is_prod":false,"is_daily":false,"chose_seed":false,"campfire_upgraded":2,"win_rate":0,"timestamp":1543630453,"path_taken":["M","M","$","M","?","R","E","R","T","R","M","M","M","M","R","BOSS","M","M","$","M","M"],"build_version":"2018-11-15","purchased_purges":1,"victory":false,"max_hp_per_floor":[80,80,80,80,80,80,80,80,80,80,80,80,80,80,80,80,80,80,80,80,80,80],"card_choices":[{"not_picked":["Body Slam","Clash"],"picked":"Whirlwind","floor":1.0},{"not_picked":["Cleave","Armaments"],"picked":"Flex","floor":2.0},{"not_picked":["Disarm","Rampage"],"picked":"Flex","floor":4.0},{"not_picked":["Uppercut","Anger"],"picked":"Bloodletting","floor":7.0},{"not_picked":["Anger","Dropkick"],"picked":"Shrug It Off","floor":11.0},{"not_picked":["Pommel Strike","Wild Strike"],"picked":"Heavy Blade","floor":12.0},{"not_picked":["Infernal Blade","Cleave","Uppercut"],"picked":"SKIP","floor":13.0},{"not_picked":["Clothesline","Spot Weakness"],"picked":"Flame Barrier","floor":14.0},{"not_picked":["Exhume","Berserk"],"picked":"Barricade","floor":16.0},{"not_picked":["Clash","Body Slam"],"picked":"Combust","floor":18},{"not_picked":["Anger+1","Havoc"],"picked":"Heavy Blade","floor":19},{"not_picked":["Dropkick","Headbutt"],"picked":"Feed","floor":21}],"player_experience":60659,"relics_obtained":[{"floor":7.0,"key":"Nunchaku"},{"floor":9.0,"key":"Paper Frog"}],"event_choices":[],"is_beta":false,"boss_relics":[{"not_picked":["Snecko Eye","Coffee Dripper"],"picked":"Philosopher\u0027s Stone"}],"items_purged_floors":[20],"is_endless":false,"potions_floor_spawned":[2,11,12,14,18,21],"killed_by":"3 Cultists","ascension_level":0}