{"gold_per_floor":[209,222,222,236,236,236,253,253,253,253,263,276,5,34,34,136,136,156,156,156,56,69,69,79,1,49,49,76,89,105,105],"floor_reached":31,"playtime":789,"items_purged":["Defend_R","Strike_R"],"score":257,"play_id":"19560e4b-f214-4589-bfc2-9204ae2c69c4","local_time":"20190423005702","is_ascension_mode":false,"campfire_choices":[{"data":"Bash","floor":6,"key":"SMITH"},{"data":"Shockwave","floor":8,"key":"SMITH"},{"data":"Flex","floor":10,"key":"SMITH"},{"data":"Whirlwind","floor":15,"key":"SMITH"},{"data":"Flex","floor":23,"key":"SMITH"},{"data":"Metallicize","floor":27,"key":"SMITH"}],"neow_cost":"NONE","seed_source_timestamp":12499117746409,"circlet_count":0,"master_deck":["Strike_R","Strike_R","Strike_R","Defend_R","Defend_R","Defend_R","Bash+1","Shrug It Off","Shockwave+1","Headbutt","Flex+1","Whirlwind+1","Feed","Flex+1","Flex","Metallicize+1","Armaments+1"],"relics":["Burning Blood","Du-Vu Doll","Brimstone","Shovel","Coffee Dripper","Pen Nib","Unceasing Top"],"potions_floor_usage":[11,18,28,30],"damage_taken":[{"damage":2,"enemies":"Cultist","floor":1,"turns":5},{"damage":0,"enemies":"Small Slimes","floor":2,"turns":4},{"damage":1,"enemies":"Jaw Worm","floor":4,"turns":5},{"damage":4,"enemies":"Red Slaver","floor":7,"turns":6},{"damage":2,"enemies":"3 Louse","floor":11,"turns":3},{"damage":5,"enemies":"2 Fungi Beasts","floor":12,"turns":3},{"damage":12,"enemies":"Gremlin Nob","floor":14,"turns":3},{"damage":12,"enemies":"Slime Boss","floor":16,"turns":5},{"damage":3,"enemies":"3 Byrds","floor":18,"turns":2},{"damage":20,"enemies":"2 Thieves","floor":22,"turns":3},{"damage":10,"enemies":"Shelled Parasite and Fungi","floor":24,"turns":3},{"damage":19,"enemies":"Gremlin Leader","floor":28,"turns":5},{"damage":17,"enemies":"Cultist and Chosen","floor":29,"turns":5},{"damage":8,"enemies":"Centurion and Healer","floor":30,"turns":5},{"damage":14,"enemies":"Colosseum Slavers","floor":31,"turns":2},{"damage":31,"enemies":"Colosseum Nobs","floor":31,"turns":3}],"seed_played":"213570137143222466","potions_obtained":[{"floor":2,"key":"Fire Potion"},{"floor":12,"key":"FearPotion"},{"floor":14,"key":"EssenceOfSteel"},{"floor":16,"key":"Block Potion"},{"floor":22,"key":"Strength Potion"},{"floor":29,"key":"Weak Potion"}],"is_trial":false,"path_per_floor":["M","M","?","M","?","R","M","R","T","R","M","M","$","E","R","B",null,"M","?","?","$","M","R","M","$","T","R","E","M","M","?"],"character_chosen":"IRONCLAD","items_purchased":["Brimstone","Metallicize"],"campfire_rested":0,"item_purchase_floors":[13,25],"current_hp_per_floor":[80,80,72,77,77,77,79,79,79,79,80,80,80,74,74,68,80,80,80,65,65,51,51,50,50,50,50,40,29,27,0],"gold":105,"neow_bonus":"HUNDRED_GOLD","is_prod":false,"is_daily":false,"chose_seed":false,"campfire_upgraded":6,"win_rate":0,"timestamp":1556002622,"path_taken":["M","?","?","?","?","R","M","R","T","R","M","?","?","E","R","BOSS","M","?","?","$","M","R","M","$","T","R","E","?","?","?"],"build_version":"2019-01-23","purchased_purges":2,"victory":false,"max_hp_per_floor":[80,80,80,80,80,80,80,80,80,80,80,80,80,80,80,80,80,80,80,85,85,85,85,88,88,88,88,91,91,91,91],"card_choices":[{"not_picked":["Havoc","True Grit"],"picked":"Shrug It Off","floor":1},{"not_picked":["Wild Strike","Metallicize"],"picked":"Shockwave","floor":2},{"not_picked":["Sword Boomerang","Warcry"],"picked":"Headbutt","floor":4},{"not_picked":["Pummel","Havoc"],"picked":"Flex","floor":7},{"not_picked":["Perfected Strike","Sever Soul"],"picked":"Whirlwind","floor":11},{"not_picked":["Iron Wave","Reaper","Pommel Strike"],"picked":"SKIP","floor":12},{"not_picked":["Hemokinesis","Evolve","Rupture"],"picked":"SKIP","floor":14},{"not_picked":["Dark Embrace","Berserk"],"picked":"Feed","floor":16},{"not_picked":["Wild Strike","Cleave+1"],"picked":"Flex","floor":18},{"not_picked":["Fiend Fire","Warcry","Havoc"],"picked":"SKIP","floor":22},{"not_picked":["Shrug It Off","Anger+1","Havoc"],"picked":"SKIP","floor":24},{"not_picked":["Clothesline+1","Carnage"],"picked":"Armaments+1","floor":28},{"not_picked":["Blood for Blood","Berserk","Clash"],"picked":"SKIP","floor":29},{"not_picked":["Feel No Pain","Dual Wield+1","Iron Wave"],"picked":"SKIP","floor":30}],"player_experience":1284334,"relics_obtained":[{"floor":9,"key":"Du-Vu Doll"},{"floor":14,"key":"Shovel"},{"floor":26,"key":"Pen Nib"},{"floor":28,"key":"Unceasing Top"}],"event_choices":[{"damage_healed":0,"gold_gain":0,"player_choice":"Damaged","damage_taken":8,"max_hp_gain":0,"max_hp_loss":0,"event_name":"Wheel of Change","floor":3,"gold_loss":0},{"cards_removed":["Strike_R"],"damage_healed":0,"gold_gain":0,"player_choice":"Offered Basic","damage_taken":0,"max_hp_gain":0,"max_hp_loss":0,"event_name":"Bonfire Elementals","floor":5,"gold_loss":0},{"damage_healed":0,"gold_gain":0,"player_choice":"Read","damage_taken":0,"max_hp_gain":0,"max_hp_loss":0,"event_name":"The Library","floor":19,"gold_loss":0,"cards_obtained":["Flex"]},{"damage_healed":0,"gold_gain":0,"player_choice":"Shed Blood","damage_taken":20,"max_hp_gain":5,"max_hp_loss":0,"event_name":"Forgotten Altar","floor":20,"gold_loss":0},{"damage_healed":0,"gold_gain":0,"player_choice":"Fight","damage_taken":0,"max_hp_gain":0,"max_hp_loss":0,"event_name":"Colosseum","floor":31,"gold_loss":0},{"damage_healed":0,"gold_gain":0,"player_choice":"Fought Nobs","damage_taken":0,"max_hp_gain":0,"max_hp_loss":0,"event_name":"Colosseum","floor":31,"gold_loss":0}],"is_beta":false,"boss_relics":[{"not_picked":["Astrolabe","Mark of Pain"],"picked":"Coffee Dripper"}],"items_purged_floors":[13,21],"is_endless":false,"potions_floor_spawned":[2,12,14,16,22,29,31],"killed_by":"Colosseum Nobs","ascension_level":0}