{"gold_per_floor":[116,24,39,39,58,58,70,70,70,70,70,95,125,125,125,125],"floor_reached":16,"playtime":387,"items_purged":[],"score":196,"play_id":"2223a34f-61e9-4f7f-9e5a-e2fdc4acc88b","local_time":"20180919223856","is_ascension_mode":true,"campfire_choices":[{"data":"Neutralize","floor":6.0,"key":"SMITH"},{"floor":11.0,"key":"DIG"},{"floor":13.0,"key":"DIG"},{"floor":15.0,"key":"REST"}],"neow_cost":"CURSE","seed_source_timestamp":185712161581580,"circlet_count":0,"master_deck":["Defend_G","Defend_G","Defend_G","Defend_G","Defend_G","Strike_G","Strike_G","Survivor","Neutralize+1","AscendersBane","Decay","Setup","Dagger Spray","Cloak And Dagger","Footwork","Bouncing Flask","Endless Agony","Dagger Spray","Die Die Die","Neutralize"],"special_seed":0,"relics":["Ring of the Snake","Shovel","Incense Burner","Juzu Bracelet","Oddly Smooth Stone","Tiny Chest"],"potions_floor_usage":[],"damage_taken":[{"damage":0.0,"enemies":"2 Louse","floor":1.0,"turns":3.0},{"damage":0.0,"enemies":"Jaw Worm","floor":3.0,"turns":7.0},{"damage":8.0,"enemies":"Cultist","floor":5.0,"turns":4.0},{"damage":1.0,"enemies":"Blue Slaver","floor":7.0,"turns":4.0},{"damage":12.0,"enemies":"Lagavulin","floor":12.0,"turns":8.0},{"damage":0,"enemies":"Slime Boss","floor":16,"turns":1}],"seed_played":"-4523635525196461734","potions_obtained":[{"floor":1.0,"key":"Energy Potion"},{"floor":5.0,"key":"Strength Potion"},{"floor":12.0,"key":"Dexterity Potion"}],"is_trial":false,"path_per_floor":["M","$","M","$","M","R","M","?","T","?","R","E","R","?","R"],"character_chosen":"THE_SILENT","items_purchased":["Footwork"],"campfire_rested":1,"item_purchase_floors":[2],"current_hp_per_floor":[59,59,59,59,51,51,50,45,45,38,38,26,26,26,45,45],"gold":125,"neow_bonus":"TRANSFORM_TWO_CARDS","is_prod":false,"is_daily":false,"chose_seed":false,"campfire_upgraded":1,"win_rate":0,"timestamp":1537411136,"path_taken":["M","$","M","$","M","R","M","?","T","?","R","E","R","?","R","BOSS"],"build_version":"2018-09-18v3","purchased_purges":0,"victory":false,"max_hp_per_floor":[66,66,66,66,66,66,66,66,66,66,66,66,66,66,66,66],"card_choices":[{"not_picked":["Backflip","Acrobatics"],"picked":"Cloak And Dagger","floor":1.0},{"not_picked":["Heel Hook","PiercingWail"],"picked":"Bouncing Flask","floor":3.0},{"not_picked":["Prepared","Underhanded Strike"],"picked":"Endless Agony","floor":5.0},{"not_picked":["Blade Dance","Tactician"],"picked":"Dagger Spray","floor":7.0},{"not_picked":["Prepared","Predator"],"picked":"Die Die Die","floor":12.0}],"player_experience":581303,"relics_obtained":[{"floor":9.0,"key":"Incense Burner"},{"floor":11.0,"key":"Juzu Bracelet"},{"floor":12.0,"key":"Oddly Smooth Stone"},{"floor":13.0,"key":"Tiny Chest"}],"event_choices":[{"event_name":"Scrap Ooze","player_choice":"success","floor":8.0,"damage_taken":5.0},{"event_name":"Golden Wing","player_choice":"Card Removal","floor":10.0,"damage_taken":0.0},{"event_name":"Match and Keep!","player_choice":"1 cards matched","floor":14.0,"damage_taken":0.0}],"is_beta":true,"boss_relics":[],"items_purged_floors":[],"is_endless":false,"potions_floor_spawned":[1,5,12],"killed_by":"Slime Boss","ascension_level":20}