{"gold_per_floor":[116,127,127,127,52,52,79,79,79,17,17,28,41,56,56,135,135,135,135,135,55,55,55,55,55,55,55,55,55,55],"floor_reached":30,"playtime":992,"items_purged":["Strike_G"],"score":460,"play_id":"5ff1aacd-867b-4e44-8d03-63dd8ef77100","local_time":"20180929214532","is_ascension_mode":true,"campfire_choices":[{"floor":6.0,"key":"REST"},{"data":"Noxious Fumes","floor":8.0,"key":"SMITH"},{"floor":15.0,"key":"REST"},{"floor":23,"key":"REST"}],"neow_cost":"PERCENT_DAMAGE","seed_source_timestamp":0,"circlet_count":0,"master_deck":["Defend_G","Defend_G","Defend_G","Defend_G","Defend_G","Strike_G","Strike_G+1","Survivor","Neutralize+1","AscendersBane","Corpse Explosion+1","Bane","Noxious Fumes+1","Cloak And Dagger","PiercingWail","PiercingWail","Poisoned Stab","Adrenaline","Backflip","Concentrate","Flying Knee","Quick Slash"],"special_seed":0,"relics":["Ring of the Snake","Potion Belt","Snake Skull","Ectoplasm","Juzu Bracelet","Nilry\u0027s Codex"],"potions_floor_usage":[20,25,28],"damage_taken":[{"damage":4.0,"enemies":"Small Slimes","floor":1.0,"turns":5.0},{"damage":8.0,"enemies":"2 Louse","floor":2.0,"turns":2.0},{"damage":21.0,"enemies":"Lagavulin","floor":7.0,"turns":7.0},{"damage":0.0,"enemies":"Cultist","floor":12.0,"turns":3.0},{"damage":12.0,"enemies":"Blue Slaver","floor":13.0,"turns":3.0},{"damage":1.0,"enemies":"Looter","floor":14.0,"turns":4.0},{"damage":11.0,"enemies":"Hexaghost","floor":16.0,"turns":9.0},{"damage":0.0,"enemies":"3 Byrds","floor":18.0,"turns":2.0},{"damage":10,"enemies":"Colosseum Slavers","floor":20,"turns":3},{"damage":0,"enemies":"2 Thieves","floor":21,"turns":3},{"damage":4,"enemies":"Snecko","floor":22,"turns":5},{"damage":9,"enemies":"Cultist and Chosen","floor":25,"turns":4},{"damage":25,"enemies":"Chosen and Byrds","floor":28,"turns":7},{"damage":1,"enemies":"Book of Stabbing","floor":30,"turns":3}],"seed_played":"3402231155916044666","potions_obtained":[{"floor":7.0,"key":"AttackPotion"},{"floor":14.0,"key":"Ancient Potion"},{"floor":21,"key":"SkillPotion"},{"floor":22,"key":"SneckoOil"}],"is_trial":false,"path_per_floor":["M","M","?","?","$","R","E","R","T","$","?","M","M","M","R","B",null,"M","?","?","M","M","R","?","M","T","$","M","?"],"character_chosen":"THE_SILENT","items_purchased":["PiercingWail"],"campfire_rested":3,"item_purchase_floors":[10],"current_hp_per_floor":[40,32,37,16,16,37,16,16,16,16,16,16,4,3,24,13,57,57,57,47,47,43,64,64,55,55,55,30,9,8],"gold":55,"neow_bonus":"THREE_RARE_CARDS","is_prod":false,"is_daily":false,"chose_seed":false,"campfire_upgraded":1,"win_rate":0,"timestamp":1538271932,"path_taken":["M","M","?","?","$","R","E","R","T","?","?","?","M","M","R","BOSS","M","?","?","M","M","R","?","M","T","?","M","?","E"],"build_version":"2018-09-27","purchased_purges":1,"victory":false,"max_hp_per_floor":[66,66,71,71,71,71,71,71,71,71,71,71,71,71,71,71,71,71,71,71,71,71,71,71,71,71,71,71,71,71],"card_choices":[{"not_picked":["Storm of Steel","Wraith Form v2"],"picked":"Corpse Explosion","floor":0.0},{"not_picked":["Underhanded Strike","Sucker Punch"],"picked":"Bane","floor":1.0},{"not_picked":["Acrobatics","Sucker Punch"],"picked":"Noxious Fumes","floor":2.0},{"not_picked":["Underhanded Strike","Dagger Spray"],"picked":"Cloak And Dagger","floor":7.0},{"not_picked":["Dodge and Roll","Finisher"],"picked":"PiercingWail","floor":12.0},{"not_picked":["Acrobatics","Prepared","Eviscerate"],"picked":"SKIP","floor":13.0},{"not_picked":["Deflect","Night Terror"],"picked":"Poisoned Stab","floor":14.0},{"not_picked":["Venomology","Burst"],"picked":"Adrenaline","floor":16.0},{"not_picked":["Slice","Blade Dance"],"picked":"Backflip","floor":18.0},{"not_picked":["Underhanded Strike","Eviscerate"],"picked":"Flying Knee","floor":21},{"not_picked":["Prepared+1","Caltrops","Calculated Gamble"],"picked":"SKIP","floor":22},{"not_picked":["Bane","PiercingWail","Acrobatics"],"picked":"SKIP","floor":25},{"not_picked":["Underhanded Strike","Distraction"],"picked":"Quick Slash","floor":28}],"player_experience":645490,"relics_obtained":[{"floor":7.0,"key":"Potion Belt"},{"floor":9.0,"key":"Snake Skull"},{"floor":26,"key":"Juzu Bracelet"},{"floor":29,"key":"Nilry\u0027s Codex"}],"event_choices":[{"event_name":"Big Fish","player_choice":"Donut","floor":3.0,"damage_taken":0.0},{"event_name":"Shining Light","player_choice":"Entered Light","floor":4.0,"damage_taken":0.0},{"event_name":"Living Wall","player_choice":"Grow","floor":11.0,"damage_taken":0.0},{"event_name":"Transmorgrifier","player_choice":"Transform","floor":19.0,"damage_taken":0.0},{"event_name":"Colosseum","player_choice":"Fight","floor":20,"damage_taken":0},{"event_name":"Colosseum","player_choice":"Fled From Nobs","floor":20,"damage_taken":0},{"event_name":"Purifier","player_choice":"One Purge","floor":24,"damage_taken":0},{"event_name":"Cursed Tome","player_choice":"Obtained Book","floor":29,"damage_taken":0}],"is_beta":true,"boss_relics":[{"not_picked":["White Beast Statue","Orrery"],"picked":"Ectoplasm"}],"items_purged_floors":[5],"is_endless":false,"potions_floor_spawned":[7,14,20,21,22],"killed_by":"Book of Stabbing","ascension_level":20}