{"gold_per_floor":[113,127,302,319,158,158,177,177,223,323,350,361,361,388,388,491,491,481,80,80,93,110,110,141,141,141,141,56,56,82,110,122,239,251,278,114,131,145,145,145,156,156,156,156,156,156,171,4,4,4],"floor_reached":51,"playtime":4221,"items_purged":["Doubt","Strike_G"],"score":798,"play_id":"f6492514-be40-497a-b725-52852e1f5798","local_time":"20190418180735","is_ascension_mode":true,"campfire_choices":[{"data":"Footwork","floor":6.0,"key":"SMITH"},{"floor":13.0,"key":"REST"},{"floor":15.0,"key":"REST"},{"floor":23,"key":"REST"},{"data":"Strike_G","floor":25,"key":"PURGE"},{"data":"Strike_G","floor":27,"key":"PURGE"},{"data":"Strike_G","floor":32,"key":"PURGE"},{"floor":40,"key":"REST"},{"data":"Writhe","floor":44,"key":"PURGE"},{"data":"Accuracy","floor":46,"key":"SMITH"},{"data":"Footwork","floor":49,"key":"SMITH"}],"neow_cost":"TEN_PERCENT_HP_LOSS","seed_source_timestamp":166969670250280,"circlet_count":0,"master_deck":["Defend_G","Defend_G","Defend_G","Defend_G","Survivor","Neutralize","Blade Dance","Footwork+1","Blur","Cloak And Dagger","Accuracy+1","Dagger Throw","Quick Slash","Bouncing Flask","PiercingWail","Envenom","Dagger Spray+1","Blade Dance","Apotheosis","Dagger Spray","Slice","Finisher","All Out Attack+1","Adrenaline","Malaise","Footwork+1","Leg Sweep","PiercingWail","Footwork+1","Slice"],"special_seed":0,"relics":["Ring of the Snake","Oddly Smooth Stone","Centennial Puzzle","Peace Pipe","WristBlade","Regal Pillow","Kunai","Strawberry","Orichalcum","MawBank","Busted Crown","Dodecahedron"],"potions_floor_usage":[31,31,37,41,41,50,50],"damage_taken":[{"damage":0.0,"enemies":"Small Slimes","floor":1.0,"turns":3.0},{"damage":3.0,"enemies":"2 Louse","floor":2.0,"turns":3.0},{"damage":0.0,"enemies":"Cultist","floor":4.0,"turns":4.0},{"damage":15.0,"enemies":"Exordium Thugs","floor":7.0,"turns":6.0},{"damage":13.0,"enemies":"3 Sentries","floor":11.0,"turns":11.0},{"damage":19.0,"enemies":"Gremlin Gang","floor":12.0,"turns":4.0},{"damage":22.0,"enemies":"Gremlin Nob","floor":14.0,"turns":4.0},{"damage":20.0,"enemies":"Slime Boss","floor":16.0,"turns":8.0},{"damage":16.0,"enemies":"2 Thieves","floor":18.0,"turns":4.0},{"damage":2,"enemies":"Chosen","floor":21,"turns":4},{"damage":18,"enemies":"Snake Plant","floor":22,"turns":3},{"damage":9,"enemies":"Gremlin Leader","floor":24,"turns":6},{"damage":11,"enemies":"Centurion and Healer","floor":31,"turns":3},{"damage":10,"enemies":"Champ","floor":33,"turns":11},{"damage":8,"enemies":"3 Shapes","floor":35,"turns":4},{"damage":14,"enemies":"3 Darklings","floor":37,"turns":5},{"damage":7,"enemies":"Spire Growth","floor":38,"turns":4},{"damage":9,"enemies":"Jaw Worm Horde","floor":41,"turns":3},{"damage":7,"enemies":"3 Darklings","floor":47,"turns":4},{"damage":19,"enemies":"Awakened One","floor":50,"turns":22}],"seed_played":"5002107316628606486","potions_obtained":[{"floor":4.0,"key":"SteroidPotion"},{"floor":11.0,"key":"SkillPotion"},{"floor":12.0,"key":"Ancient Potion"},{"floor":14.0,"key":"Fire Potion"},{"floor":21,"key":"GamblersBrew"},{"floor":24,"key":"Fire Potion"},{"floor":38,"key":"Energy Potion"},{"floor":41,"key":"Dexterity Potion"}],"is_trial":false,"path_per_floor":["M","M","?","M","$","R","M","?","T","?","E","M","R","E","R","B",null,"M","$","?","M","M","R","E","R","T","R","?","?","T","M","R","B",null,"M","$","M","M","?","R","M","?","T","R","?","R","M","$","R","B",null],"character_chosen":"THE_SILENT","items_purchased":["Cloak And Dagger","Accuracy","Blade Dance","Apotheosis","Dagger Spray","Slice","Footwork","Strength Potion","Energy Potion","Footwork","Slice","GhostInAJar"],"campfire_rested":4,"item_purchase_floors":[5,5,19,19,19,19,36,36,36,48,48,48],"current_hp_per_floor":[63,60,60,60,60,60,45,63,63,63,50,31,49,27,45,25,63,47,47,47,45,27,60,51,51,58,58,58,70,70,59,59,49,70,62,62,48,41,41,70,61,70,70,70,70,70,63,63,63,44],"gold":4,"neow_bonus":"REMOVE_TWO","is_prod":false,"is_daily":false,"chose_seed":false,"campfire_upgraded":3,"win_rate":0,"timestamp":1555621655,"path_taken":["M","M","?","M","$","R","M","?","T","?","E","?","R","E","R","BOSS","M","$","?","?","?","R","E","R","T","R","?","?","?","?","R","BOSS","M","$","M","M","?","R","M","?","T","R","?","R","?","?","R","BOSS"],"build_version":"2019-01-23","purchased_purges":2,"victory":true,"max_hp_per_floor":[63,63,63,63,63,63,63,63,63,63,63,63,63,63,63,63,63,63,63,63,63,63,63,63,63,70,70,70,70,70,70,70,70,70,70,70,70,70,70,70,70,70,70,70,70,70,70,70,70,70],"card_choices":[{"not_picked":["Deadly Poison","Endless Agony"],"picked":"Blade Dance","floor":1.0},{"not_picked":["Eviscerate","Setup"],"picked":"Footwork","floor":2.0},{"not_picked":["Heel Hook","Calculated Gamble"],"picked":"Blur","floor":4.0},{"not_picked":["Deadly Poison","Bane"],"picked":"Dagger Throw","floor":7.0},{"not_picked":["Concentrate","Poisoned Stab"],"picked":"Quick Slash","floor":11.0},{"not_picked":["Skewer","Flying Knee"],"picked":"Bouncing Flask","floor":12.0},{"not_picked":["Bullet Time","Flechettes"],"picked":"PiercingWail","floor":14.0},{"not_picked":["Glass Knife","Grand Finale"],"picked":"Envenom","floor":16.0},{"not_picked":["Prepared","Slice+1"],"picked":"Dagger Spray+1","floor":18},{"not_picked":["Outmaneuver","Sucker Punch"],"picked":"Finisher","floor":21},{"not_picked":["Dagger Throw","Poisoned Stab+1","Dagger Spray"],"picked":"SKIP","floor":22},{"not_picked":["Riddle With Holes","Sucker Punch"],"picked":"All Out Attack+1","floor":24},{"not_picked":["Dagger Throw","Choke"],"picked":"Adrenaline","floor":31},{"not_picked":["Bullet Time","Storm of Steel"],"picked":"Malaise","floor":33},{"not_picked":["Quick Slash"],"picked":"SKIP","floor":35},{"not_picked":[],"picked":"Leg Sweep","floor":37},{"not_picked":["Poisoned Stab"],"picked":"SKIP","floor":38},{"not_picked":["Choke+1"],"picked":"SKIP","floor":41},{"not_picked":[],"picked":"PiercingWail","floor":47}],"player_experience":287980,"relics_obtained":[{"floor":9.0,"key":"Oddly Smooth Stone"},{"floor":11.0,"key":"Centennial Puzzle"},{"floor":14.0,"key":"Peace Pipe"},{"floor":24,"key":"Kunai"},{"floor":26,"key":"Strawberry"},{"floor":30,"key":"MawBank"},{"floor":43,"key":"Dodecahedron"}],"event_choices":[{"damage_healed":0.0,"max_hp_gain":0.0,"max_hp_loss":0.0,"gold_gain":175.0,"event_name":"Liars Game","player_choice":"AGREE","floor":3.0,"gold_loss":0.0,"damage_taken":0.0,"cards_obtained":["Doubt"]},{"damage_healed":21.0,"max_hp_gain":0.0,"max_hp_loss":0.0,"gold_gain":0.0,"event_name":"Big Fish","player_choice":"Banana","floor":8.0,"gold_loss":0.0,"damage_taken":0.0},{"damage_healed":0.0,"max_hp_gain":0.0,"max_hp_loss":0.0,"gold_gain":100.0,"event_name":"Golden Shrine","player_choice":"Pray","floor":10.0,"gold_loss":0.0,"damage_taken":0.0},{"damage_healed":0,"gold_gain":0,"player_choice":"Gave Potion","damage_taken":0,"relics_obtained":["Regal Pillow"],"max_hp_gain":0,"max_hp_loss":0,"event_name":"WeMeetAgain","floor":20,"gold_loss":0},{"damage_healed":0,"gold_gain":0,"player_choice":"Obtained Relic","damage_taken":0,"relics_obtained":["Orichalcum"],"max_hp_gain":0,"max_hp_loss":0,"event_name":"Addict","floor":28,"gold_loss":85},{"damage_healed":23,"gold_gain":0,"player_choice":"Heal","damage_taken":0,"max_hp_gain":0,"max_hp_loss":0,"event_name":"The Library","floor":29,"gold_loss":0},{"damage_healed":0,"gold_gain":0,"player_choice":"Ignored","damage_taken":0,"max_hp_gain":0,"max_hp_loss":0,"event_name":"Mysterious Sphere","floor":39,"gold_loss":0},{"damage_healed":18,"gold_gain":0,"player_choice":"Writhe","damage_taken":0,"max_hp_gain":0,"max_hp_loss":0,"event_name":"Winding Halls","floor":42,"gold_loss":0,"cards_obtained":["Writhe"]},{"damage_healed":0,"gold_gain":0,"player_choice":"Upgraded","damage_taken":0,"max_hp_gain":0,"max_hp_loss":0,"event_name":"Upgrade Shrine","floor":45,"gold_loss":0,"cards_upgraded":["Footwork"]}],"is_beta":false,"boss_relics":[{"not_picked":["White Beast Statue","Tiny House"],"picked":"WristBlade"},{"not_picked":["Eternal Feather","Astrolabe"],"picked":"Busted Crown"}],"items_purged_floors":[5,19],"is_endless":false,"potions_floor_spawned":[4,11,12,14,21,24,38,41],"ascension_level":4}