{"gold_per_floor":[114,114,133,143,159,159,174,174,200,200,0,32,32,44,44,116,116,131,131,131,131,149,149,159,174,199,199,114,39,39,58,58,134,134,152,1151,1151,1164,530,530,549,549,572,585,1,17,17,32,32,32,32],"floor_reached":52,"playtime":2853,"items_purged":["Strike_G","Normality","Normality"],"score":1733,"play_id":"62b1643a-aff1-4f32-a598-ccbe42e8b552","local_time":"20181003012301","is_ascension_mode":true,"campfire_choices":[{"data":"Glass Knife","floor":6,"key":"SMITH"},{"data":"Neutralize","floor":8,"key":"SMITH"},{"data":"Dash","floor":13,"key":"SMITH"},{"data":"Well Laid Plans","floor":15,"key":"SMITH"},{"floor":23,"key":"REST"},{"data":"Eviscerate","floor":27,"key":"SMITH"},{"floor":30,"key":"REST"},{"data":"Crippling Poison","floor":32,"key":"SMITH"},{"floor":40,"key":"REST"},{"data":"Wraith Form v2","floor":42,"key":"SMITH"},{"data":"Footwork","floor":47,"key":"SMITH"},{"data":"Footwork","floor":49,"key":"SMITH"}],"neow_cost":"PERCENT_DAMAGE","seed_source_timestamp":592149773659755,"circlet_count":0,"master_deck":["Defend_G","Defend_G","Defend_G","Defend_G","Defend_G","Strike_G","Survivor","Neutralize+1","AscendersBane","Glass Knife+1","Dagger Spray","Dash+1","PiercingWail","Backflip","Cloak And Dagger","Well Laid Plans+1","Doppelganger","PiercingWail+1","Accuracy","Dagger Throw+1","Bouncing Flask","Eviscerate+1","Crippling Poison+1","Predator","Wraith Form v2+1","Footwork+1","Bouncing Flask","Footwork+1","Quick Slash","Corpse Explosion","Dash","Footwork+1","Apotheosis","Backflip","Catalyst+1"],"relics":["Ring of the Serpent","Lantern","Bronze Scales","PreservedInsect","Bag of Preparation","Snecko Eye","MutagenicStrength","Nilry\u0027s Codex","Orichalcum","Prayer Wheel","Anchor","Ancient Tea Set","Centennial Puzzle","Potion Belt"],"potions_floor_usage":[33,33,44,50,51],"damage_taken":[{"damage":0,"enemies":"Jaw Worm","floor":1,"turns":4},{"damage":0,"enemies":"Cultist","floor":3,"turns":3},{"damage":2,"enemies":"Small Slimes","floor":4,"turns":3},{"damage":0,"enemies":"3 Louse","floor":5,"turns":3},{"damage":1,"enemies":"Looter","floor":7,"turns":3},{"damage":2,"enemies":"Lagavulin","floor":12,"turns":5},{"damage":5,"enemies":"Exordium Thugs","floor":14,"turns":4},{"damage":3,"enemies":"The Guardian","floor":16,"turns":12},{"damage":10,"enemies":"Shell Parasite","floor":18,"turns":4},{"damage":7,"enemies":"Spheric Guardian","floor":22,"turns":4},{"damage":0,"enemies":"Chosen and Byrds","floor":24,"turns":5},{"damage":2,"enemies":"3 Cultists","floor":25,"turns":5},{"damage":0,"enemies":"Centurion and Healer","floor":31,"turns":5},{"damage":23,"enemies":"Collector","floor":33,"turns":10},{"damage":0,"enemies":"3 Shapes","floor":35,"turns":4},{"damage":14,"enemies":"3 Darklings","floor":38,"turns":4},{"damage":0,"enemies":"Jaw Worm Horde","floor":41,"turns":3},{"damage":0,"enemies":"Reptomancer","floor":44,"turns":6},{"damage":0,"enemies":"Transient","floor":46,"turns":6},{"damage":3,"enemies":"Spire Growth","floor":48,"turns":4},{"damage":3,"enemies":"Donu and Deca","floor":50,"turns":6},{"damage":50,"enemies":"Awakened One","floor":51,"turns":13}],"seed_played":"-8461061520660537662","potions_obtained":[{"floor":3,"key":"FearPotion"},{"floor":5,"key":"Fire Potion"},{"floor":14,"key":"PowerPotion"},{"floor":24,"key":"Dexterity Potion"},{"floor":35,"key":"GhostInAJar"},{"floor":44,"key":"GamblersBrew"},{"floor":46,"key":"SkillPotion"}],"is_trial":false,"path_per_floor":["M","?","M","M","M","R","M","R","T","?","$","E","R","M","R","B",null,"M","?","?","?","M","R","M","M","T","R","?","$","R","M","R","B",null,"M","?","?","M","$","R","M","R","T","M","$","M","R","M","R","B","B"],"character_chosen":"THE_SILENT","items_purchased":["PreservedInsect","Backflip","Anchor","Ancient Tea Set","Footwork","PowerPotion","Quick Slash","Apotheosis","Potion Belt","FearPotion"],"campfire_rested":3,"item_purchase_floors":[11,11,39,39,39,39,39,45,45,45],"current_hp_per_floor":[44,44,44,42,42,42,41,41,41,41,41,39,39,34,34,31,57,47,47,47,26,19,38,38,36,36,36,36,36,55,55,55,32,58,58,58,58,44,44,63,63,63,63,63,63,63,63,60,60,57,7],"gold":32,"neow_bonus":"THREE_RARE_CARDS","is_prod":false,"is_daily":false,"chose_seed":false,"campfire_upgraded":9,"win_rate":0,"timestamp":1538544181,"path_taken":["M","?","M","M","M","R","M","R","T","?","$","E","R","M","R","BOSS","M","?","?","?","?","R","?","M","T","R","?","?","R","?","R","BOSS","M","?","?","M","$","R","M","R","T","M","$","M","R","M","R","BOSS","BOSS"],"build_version":"2018-10-01","purchased_purges":3,"victory":true,"max_hp_per_floor":[66,66,66,66,66,66,66,66,66,66,66,66,66,66,66,66,66,66,66,66,66,66,66,66,66,66,66,66,66,66,66,66,66,66,66,66,66,66,66,66,66,66,66,66,66,66,66,66,66,66,66],"card_choices":[{"not_picked":["Doppelganger","Die Die Die"],"picked":"Glass Knife","floor":0},{"not_picked":["Flying Knee","Blade Dance"],"picked":"Dagger Spray","floor":1},{"not_picked":["Masterful Stab","Dagger Throw"],"picked":"Dash","floor":3},{"not_picked":["Concentrate","Underhanded Strike","Riddle With Holes"],"picked":"SKIP","floor":4},{"not_picked":["Poisoned Stab","Escape Plan","Choke"],"picked":"SKIP","floor":5},{"not_picked":["Eviscerate","Sucker Punch"],"picked":"PiercingWail","floor":7},{"not_picked":["Finisher","Endless Agony"],"picked":"Cloak And Dagger","floor":12},{"not_picked":["Distraction","Heel Hook"],"picked":"Well Laid Plans","floor":14},{"not_picked":["Grand Finale","Bullet Time"],"picked":"Doppelganger","floor":16},{"not_picked":["Distraction","Dodge and Roll"],"picked":"PiercingWail+1","floor":18},{"not_picked":["Underhanded Strike","Quick Slash"],"picked":"Dagger Throw+1","floor":22},{"not_picked":["Underhanded Strike","All Out Attack"],"picked":"Bouncing Flask","floor":24},{"not_picked":["Deadly Poison","Flechettes"],"picked":"Eviscerate","floor":25},{"not_picked":["Dagger Throw","Cloak And Dagger"],"picked":"Crippling Poison","floor":31},{"not_picked":["Masterful Stab+1","Deflect"],"picked":"Predator","floor":31},{"not_picked":["Adrenaline","Grand Finale"],"picked":"Wraith Form v2","floor":33},{"not_picked":["Distraction","Reflex"],"picked":"Footwork","floor":35},{"not_picked":["Slice","Poisoned Stab+1","Bane"],"picked":"SKIP","floor":35},{"not_picked":["Slice+1","Cloak And Dagger+1"],"picked":"Bouncing Flask","floor":38},{"not_picked":["Sucker Punch+1","Tactician","Quick Slash"],"picked":"SKIP","floor":38},{"not_picked":["Quick Slash","Cloak And Dagger"],"picked":"Corpse Explosion","floor":41},{"not_picked":["Predator","Cloak And Dagger","Well Laid Plans"],"picked":"SKIP","floor":41},{"not_picked":["Deflect","Dagger Throw"],"picked":"Dash","floor":44},{"not_picked":["All Out Attack+1","Masterful Stab"],"picked":"Footwork+1","floor":44},{"not_picked":["Outmaneuver","Blade Dance+1"],"picked":"Backflip","floor":46},{"not_picked":["Finisher","Deflect","Setup"],"picked":"SKIP","floor":46},{"not_picked":["PiercingWail","Bane"],"picked":"Catalyst+1","floor":48},{"not_picked":["Deadly Poison","Heel Hook+1","Poisoned Stab"],"picked":"SKIP","floor":48}],"player_experience":649300,"relics_obtained":[{"floor":9,"key":"Lantern"},{"floor":12,"key":"Bag of Preparation"},{"floor":21,"key":"Nilry\u0027s Codex"},{"floor":26,"key":"Orichalcum"},{"floor":43,"key":"Centennial Puzzle"}],"event_choices":[{"event_name":"Purifier","player_choice":"One Purge","floor":2,"damage_taken":0},{"event_name":"Dead Adventurer","player_choice":"Searched \u00271\u0027 times","floor":10,"damage_taken":0},{"event_name":"Drug Dealer","player_choice":"Inject Mutagens","floor":19,"damage_taken":0},{"event_name":"Transmorgrifier","player_choice":"Transform","floor":20,"damage_taken":0},{"event_name":"Cursed Tome","player_choice":"Obtained Book","floor":21,"damage_taken":0},{"event_name":"Addict","player_choice":"Obtained Relic","floor":28,"damage_taken":0},{"event_name":"MindBloom","player_choice":"Gold","floor":36,"damage_taken":0},{"event_name":"Falling","player_choice":"Removed Attack","floor":37,"damage_taken":0}],"is_beta":true,"boss_relics":[{"not_picked":["WristBlade","Orrery"],"picked":"Snecko Eye"},{"not_picked":["Black Star","Philosopher\u0027s Stone"],"picked":"Ring of the Serpent"}],"items_purged_floors":[29,39,45],"is_endless":false,"potions_floor_spawned":[3,5,14,16,22,24,35,41,44,46],"ascension_level":20}