{"gold_per_floor":[367,417,123,123,273,273,290,290,345,372,388,388,79,92,92,168,168,188,188,188,160,160,160,172,172,197,122,152,164,194,121,133,221,233,263,275,2,15,15,41,58,58,58,70,170,170,184,199,199,199,199],"floor_reached":52,"playtime":2479,"items_purged":["Strike_G","Doubt","Defend_G"],"score":1771,"play_id":"61d77b2c-c942-4c4a-9599-a9f9d674edfc","local_time":"20181026044217","is_ascension_mode":true,"campfire_choices":[{"data":"Noxious Fumes","floor":6.0,"key":"SMITH"},{"data":"Neutralize","floor":8.0,"key":"SMITH"},{"data":"Deadly Poison","floor":12.0,"key":"SMITH"},{"data":"Apotheosis","floor":15.0,"key":"SMITH"},{"data":"Skewer","floor":23.0,"key":"SMITH"},{"floor":25.0,"key":"REST"},{"floor":32.0,"key":"REST"},{"floor":42.0,"key":"REST"},{"floor":49.0,"key":"REST"}],"neow_cost":"TEN_PERCENT_HP_LOSS","seed_source_timestamp":94747178675674,"circlet_count":0,"master_deck":["Defend_G","Defend_G","Defend_G","Defend_G","Survivor","Neutralize+1","AscendersBane","Blur","Noxious Fumes+1","Backflip","Blur","Deadly Poison+1","Deadly Poison","Deadly Poison","Apotheosis+1","Backstab","Malaise","Necronomicurse","Skewer+1","Noxious Fumes","PiercingWail","Dodge and Roll","Malaise","Catalyst","Acrobatics"],"special_seed":0,"relics":["Ring of the Snake","Regal Pillow","Vajra","Sozu","Necronomicon","Anchor","MawBank","The Courier","Cursed Key","TwistedFunnel","FossilizedHelix","Thread and Needle"],"potions_floor_usage":[],"damage_taken":[{"damage":1.0,"enemies":"2 Louse","floor":1.0,"turns":3.0},{"damage":11.0,"enemies":"Cultist","floor":7.0,"turns":7.0},{"damage":5.0,"enemies":"Lagavulin","floor":10.0,"turns":9.0},{"damage":4.0,"enemies":"Small Slimes","floor":11.0,"turns":5.0},{"damage":18.0,"enemies":"Exordium Wildlife","floor":14.0,"turns":6.0},{"damage":4.0,"enemies":"Hexaghost","floor":16.0,"turns":8.0},{"damage":0.0,"enemies":"Chosen","floor":18.0,"turns":4.0},{"damage":9.0,"enemies":"Colosseum Slavers","floor":19.0,"turns":5.0},{"damage":0.0,"enemies":"2 Thieves","floor":21.0,"turns":4.0},{"damage":22.0,"enemies":"3 Cultists","floor":24.0,"turns":6.0},{"damage":13.0,"enemies":"Gremlin Leader","floor":28.0,"turns":7.0},{"damage":4.0,"enemies":"Snecko","floor":30.0,"turns":4.0},{"damage":7.0,"enemies":"Champ","floor":33.0,"turns":11.0},{"damage":7.0,"enemies":"3 Darklings","floor":35.0,"turns":6.0},{"damage":0.0,"enemies":"Orb Walker","floor":38.0,"turns":3.0},{"damage":17.0,"enemies":"Giant Head","floor":40.0,"turns":8.0},{"damage":0.0,"enemies":"Sphere and 2 Shapes","floor":41.0,"turns":5.0},{"damage":6.0,"enemies":"3 Darklings","floor":44.0,"turns":7.0},{"damage":0.0,"enemies":"Mind Bloom Boss Battle","floor":45.0,"turns":7.0},{"damage":0.0,"enemies":"Jaw Worm Horde","floor":47.0,"turns":4.0},{"damage":0.0,"enemies":"Maw","floor":48.0,"turns":5.0},{"damage":12.0,"enemies":"Awakened One","floor":50.0,"turns":20.0},{"damage":22,"enemies":"Donu and Deca","floor":51,"turns":12}],"seed_played":"5343559436919824622","potions_obtained":[{"floor":1.0,"key":"Regen Potion"}],"is_trial":false,"path_per_floor":["M","?","$","?","?","R","M","R","T","E","M","R","$","M","R","B",null,"M","?","?","M","?","R","M","R","T","?","E","$","M","?","R","B",null,"M","?","$","M","$","E","M","R","T","M","?","?","M","M","R","B","B"],"character_chosen":"THE_SILENT","items_purchased":["Noxious Fumes","Backflip","Regen Potion","Apotheosis","TwistedFunnel"],"campfire_rested":4,"item_purchase_floors":[3,3,3,13,37],"current_hp_per_floor":[58,52,52,52,52,52,41,41,41,36,32,32,32,14,14,10,48,48,39,18,18,18,18,41,60,60,60,47,47,43,43,60,53,58,51,51,51,51,51,34,34,60,60,54,54,54,54,54,60,48,26],"gold":199,"neow_bonus":"TWO_FIFTY_GOLD","is_prod":false,"is_daily":false,"chose_seed":false,"campfire_upgraded":5,"win_rate":0,"timestamp":1540543337,"path_taken":["M","?","$","?","?","R","M","R","T","E","M","R","$","M","R","BOSS","M","?","?","M","?","R","M","R","T","?","E","$","?","?","R","BOSS","M","?","$","M","$","E","M","R","T","?","?","?","M","M","R","BOSS","BOSS"],"build_version":"2018-10-25v2","purchased_purges":3,"victory":true,"max_hp_per_floor":[60,60,60,60,60,60,60,60,60,60,60,60,60,60,60,60,60,60,60,60,60,60,60,60,60,60,60,60,60,60,60,60,60,60,60,60,60,60,60,60,60,60,60,60,60,60,60,60,60,60,60],"card_choices":[{"not_picked":["Outmaneuver","Deflect"],"picked":"Blur","floor":1.0},{"not_picked":["Grand Finale","Accuracy"],"picked":"Deadly Poison","floor":7.0},{"not_picked":["Dash","Skewer"],"picked":"Deadly Poison","floor":10.0},{"not_picked":["Caltrops","Backflip"],"picked":"Deadly Poison","floor":11.0},{"not_picked":["Poisoned Stab","Dagger Throw"],"picked":"Backstab","floor":14.0},{"not_picked":["Envenom","Grand Finale"],"picked":"Malaise","floor":16.0},{"not_picked":["Tactician","Choke","Flying Knee"],"picked":"SKIP","floor":18.0},{"not_picked":["Outmaneuver","Expertise"],"picked":"Skewer","floor":21.0},{"not_picked":["Deadly Poison","Prepared"],"picked":"PiercingWail","floor":24.0},{"not_picked":["Underhanded Strike+1","Cloak And Dagger"],"picked":"Dodge and Roll","floor":28.0},{"not_picked":["Quick Slash","Deflect","Dagger Spray"],"picked":"SKIP","floor":30.0},{"not_picked":["Night Terror","A Thousand Cuts"],"picked":"Malaise","floor":33.0},{"not_picked":["Expertise","Deflect+1","Quick Slash"],"picked":"SKIP","floor":35.0},{"not_picked":["Sucker Punch","Blade Dance","PiercingWail"],"picked":"SKIP","floor":38.0},{"not_picked":["Sucker Punch","Blade Dance","PiercingWail"],"picked":"SKIP","floor":38.0},{"not_picked":["Blade Dance+1","Choke","Outmaneuver"],"picked":"SKIP","floor":40.0},{"not_picked":["Endless Agony","Prepared","Deadly Poison"],"picked":"SKIP","floor":41.0},{"not_picked":["Outmaneuver+1","Deflect"],"picked":"Catalyst","floor":44.0},{"not_picked":["Sucker Punch+1","Dodge and Roll","Concentrate"],"picked":"SKIP","floor":47.0},{"not_picked":["Backflip","Escape Plan"],"picked":"Acrobatics","floor":48.0}],"player_experience":728741,"relics_obtained":[{"floor":9.0,"key":"Regal Pillow"},{"floor":10.0,"key":"Vajra"},{"floor":20.0,"key":"Necronomicon"},{"floor":26.0,"key":"Anchor"},{"floor":28.0,"key":"MawBank"},{"floor":40.0,"key":"FossilizedHelix"},{"floor":45.0,"key":"Thread and Needle"}],"event_choices":[{"damage_healed":0.0,"max_hp_gain":0.0,"max_hp_loss":0.0,"gold_gain":50.0,"event_name":"FaceTrader","player_choice":"Touch","floor":2.0,"gold_loss":0.0,"damage_taken":6.0},{"damage_healed":0.0,"max_hp_gain":0.0,"max_hp_loss":0.0,"gold_gain":0.0,"cards_transformed":["Strike_G"],"event_name":"Living Wall","player_choice":"Change","floor":4.0,"gold_loss":0.0,"damage_taken":0.0,"cards_obtained":["Blur"]},{"damage_healed":0.0,"max_hp_gain":0.0,"max_hp_loss":0.0,"gold_gain":150.0,"event_name":"Liars Game","player_choice":"AGREE","floor":5.0,"gold_loss":0.0,"damage_taken":0.0,"cards_obtained":["Doubt"]},{"damage_healed":0.0,"max_hp_gain":0.0,"max_hp_loss":0.0,"gold_gain":0.0,"event_name":"Colosseum","player_choice":"Fight","floor":19.0,"gold_loss":0.0,"damage_taken":0.0},{"damage_healed":0.0,"max_hp_gain":0.0,"max_hp_loss":0.0,"gold_gain":0.0,"event_name":"Colosseum","player_choice":"Fled From Nobs","floor":19.0,"gold_loss":0.0,"damage_taken":0.0},{"damage_healed":0.0,"max_hp_gain":0.0,"max_hp_loss":0.0,"gold_gain":0.0,"event_name":"Cursed Tome","player_choice":"Obtained Book","floor":20.0,"gold_loss":0.0,"damage_taken":21.0},{"damage_healed":0.0,"max_hp_gain":0.0,"max_hp_loss":0.0,"gold_gain":0.0,"cards_transformed":["Strike_G","Strike_G"],"event_name":"Drug Dealer","player_choice":"Became Test Subject","floor":22.0,"gold_loss":0.0,"damage_taken":0.0,"cards_obtained":["Noxious Fumes","Calculated Gamble"]},{"cards_removed":["Strike_G"],"damage_healed":0.0,"max_hp_gain":0.0,"max_hp_loss":0.0,"gold_gain":0.0,"event_name":"Beggar","player_choice":"Gave Gold","floor":27.0,"gold_loss":75.0,"damage_taken":0.0},{"damage_healed":0.0,"max_hp_gain":0.0,"max_hp_loss":0.0,"gold_gain":0.0,"event_name":"Addict","player_choice":"Obtained Relic","floor":31.0,"gold_loss":85.0,"damage_taken":0.0,"relics_obtained":["The Courier"]},{"damage_healed":0.0,"max_hp_gain":0.0,"max_hp_loss":0.0,"gold_gain":0.0,"event_name":"Mysterious Sphere","player_choice":"Ignored","floor":36.0,"gold_loss":0.0,"damage_taken":0.0},{"damage_healed":0.0,"max_hp_gain":0.0,"max_hp_loss":0.0,"gold_gain":0.0,"event_name":"MindBloom","player_choice":"Fight","floor":45.0,"gold_loss":0.0,"damage_taken":0.0},{"cards_removed":["Calculated Gamble"],"damage_healed":0.0,"max_hp_gain":0.0,"max_hp_loss":0.0,"gold_gain":0.0,"event_name":"Falling","player_choice":"Removed Skill","floor":46.0,"gold_loss":0.0,"damage_taken":0.0}],"is_beta":true,"boss_relics":[{"not_picked":["HoveringKite","Lizard Tail"],"picked":"Sozu"},{"not_picked":["Astrolabe","Pandora\u0027s Box"],"picked":"Cursed Key"}],"items_purged_floors":[3,13,37],"is_endless":false,"potions_floor_spawned":[1,7,10,16,18,21,24,28,41,44,48],"ascension_level":20}