{"gold_per_floor":[12,12,24,41,60,89,89,118,118,118,134,134,154,168,168,271,271,287,287,3,3,13,13,38,38,38,66,18,43,60,80,80,80],"floor_reached":33,"playtime":2609,"items_purged":["Strike_B"],"score":468,"play_id":"12d5cf17-7ef7-40fc-87a1-ef4e4ead8db7","local_time":"20190413214952","is_ascension_mode":true,"campfire_choices":[{"floor":7,"key":"REST"},{"data":"Defragment","floor":10,"key":"SMITH"},{"data":"Hologram","floor":12,"key":"SMITH"},{"floor":15,"key":"REST"},{"data":"Apotheosis","floor":23,"key":"SMITH"},{"floor":25,"key":"REST"},{"floor":32,"key":"REST"}],"neow_cost":"NO_GOLD","seed_source_timestamp":271389702962403,"circlet_count":0,"master_deck":["Defend_B+1","Defend_B","Defend_B","Zap","Dualcast","Conserve Battery+1","Ball Lightning","Fusion","Streamline","Chill","Defragment+1","Hologram+1","Ball Lightning","Go for the Eyes","Thunder Strike","Self Repair+1","Hologram","Apotheosis+1","Hologram+1","Conserve Battery+1","Reinforced Body","Blizzard+1","Cold Snap"],"relics":["Cracked Core","War Paint","Strawberry","Oddly Smooth Stone","Empty Cage","Singing Bowl","Mango","Orichalcum","Mummified Hand"],"potions_floor_usage":[5,6,19,22,24,29,29,30],"damage_taken":[{"damage":3,"enemies":"2 Louse","floor":1,"turns":2},{"damage":5,"enemies":"Jaw Worm","floor":3,"turns":3},{"damage":0,"enemies":"Cultist","floor":4,"turns":3},{"damage":16,"enemies":"Exordium Thugs","floor":5,"turns":4},{"damage":9,"enemies":"Gremlin Nob","floor":6,"turns":4},{"damage":21,"enemies":"3 Sentries","floor":8,"turns":8},{"damage":4,"enemies":"Gremlin Gang","floor":11,"turns":5},{"damage":1,"enemies":"2 Fungi Beasts","floor":13,"turns":3},{"damage":1,"enemies":"Blue Slaver","floor":14,"turns":4},{"damage":0,"enemies":"Slime Boss","floor":16,"turns":5},{"damage":9,"enemies":"Spheric Guardian","floor":18,"turns":3},{"damage":0,"enemies":"3 Byrds","floor":19,"turns":1},{"damage":6,"enemies":"Centurion and Healer","floor":22,"turns":6},{"damage":36,"enemies":"Gremlin Leader","floor":24,"turns":6},{"damage":12,"enemies":"Book of Stabbing","floor":27,"turns":5},{"damage":48,"enemies":"Slavers","floor":29,"turns":6},{"damage":20,"enemies":"Chosen and Byrds","floor":30,"turns":7},{"damage":29,"enemies":"3 Cultists","floor":31,"turns":6},{"damage":47,"enemies":"Automaton","floor":33,"turns":6}],"seed_played":"1398969888006750285","potions_obtained":[{"floor":3,"key":"Poison Potion"},{"floor":5,"key":"SpeedPotion"},{"floor":6,"key":"GamblersBrew"},{"floor":13,"key":"EssenceOfSteel"},{"floor":16,"key":"SmokeBomb"},{"floor":22,"key":"FocusPotion"},{"floor":24,"key":"FearPotion"},{"floor":27,"key":"FearPotion"}],"is_trial":false,"path_per_floor":["M","?","M","M","M","E","R","E","T","R","M","R","M","M","R","B",null,"M","M","$","?","M","R","E","R","T","E","$","E","M","M","R","B"],"character_chosen":"DEFECT","items_purchased":["Hologram","Apotheosis","Energy Potion"],"campfire_rested":4,"item_purchase_floors":[20,20,28],"current_hp_per_floor":[72,72,67,67,51,42,64,50,50,50,46,46,45,44,68,68,82,73,82,82,82,82,82,56,80,94,92,92,44,34,7,36,0],"gold":80,"neow_bonus":"REMOVE_TWO","is_prod":false,"is_daily":false,"chose_seed":false,"campfire_upgraded":3,"win_rate":0,"timestamp":1555202992,"path_taken":["M","?","M","M","M","E","R","E","T","R","M","R","M","M","R","BOSS","M","M","$","?","M","R","E","R","T","E","?","E","?","?","R","BOSS"],"build_version":"2019-01-23","purchased_purges":1,"victory":false,"max_hp_per_floor":[75,75,75,75,75,75,75,82,82,82,82,82,82,82,82,82,82,82,82,82,82,82,82,82,82,96,96,96,96,96,98,98,98],"card_choices":[{"not_picked":["Stack","Barrage"],"picked":"Conserve Battery","floor":1},{"not_picked":["White Noise","Hologram"],"picked":"Ball Lightning","floor":3},{"not_picked":["Coolheaded","Capacitor"],"picked":"Fusion","floor":4},{"not_picked":["Gash","Barrage"],"picked":"Streamline","floor":5},{"not_picked":["Amplify","Barrage"],"picked":"Chill","floor":6},{"not_picked":["Double Energy","Aggregate"],"picked":"Defragment","floor":8},{"not_picked":["Streamline","White Noise"],"picked":"Hologram","floor":11},{"not_picked":["Turbo","Leap"],"picked":"Ball Lightning","floor":13},{"not_picked":["Reboot","Ball Lightning"],"picked":"Go for the Eyes","floor":14},{"not_picked":["Hyperbeam","Buffer"],"picked":"Thunder Strike","floor":16},{"not_picked":["Consume","BootSequence"],"picked":"Self Repair+1","floor":18},{"not_picked":["Coolheaded","Rebound"],"picked":"Hologram+1","floor":22},{"not_picked":["Ball Lightning+1","Aggregate+1"],"picked":"Conserve Battery+1","floor":24},{"not_picked":["Turbo+1","Force Field"],"picked":"Reinforced Body","floor":27},{"not_picked":["Hologram","Amplify"],"picked":"Blizzard+1","floor":29},{"not_picked":["Leap","Glacier+1"],"picked":"Cold Snap","floor":30},{"not_picked":["Conserve Battery","Sunder+1","FTL"],"picked":"Singing Bowl","floor":31}],"player_experience":264374,"relics_obtained":[{"floor":6,"key":"War Paint"},{"floor":8,"key":"Strawberry"},{"floor":9,"key":"Oddly Smooth Stone"},{"floor":24,"key":"Singing Bowl"},{"floor":26,"key":"Mango"},{"floor":27,"key":"Orichalcum"},{"floor":29,"key":"Mummified Hand"}],"event_choices":[{"damage_healed":0,"gold_gain":0,"player_choice":"Leave","damage_taken":0,"max_hp_gain":0,"max_hp_loss":0,"event_name":"The Cleric","floor":2,"gold_loss":0},{"damage_healed":0,"gold_gain":0,"player_choice":"0 cards matched","damage_taken":0,"max_hp_gain":0,"max_hp_loss":0,"event_name":"Match and Keep!","floor":21,"gold_loss":0,"cards_obtained":[]}],"is_beta":false,"boss_relics":[{"not_picked":["Runic Dome","Fusion Hammer"],"picked":"Empty Cage"}],"items_purged_floors":[20],"is_endless":false,"potions_floor_spawned":[3,5,6,13,16,22,24,27],"killed_by":"Automaton","ascension_level":4}