{"gold_per_floor":[116,126,138,213,232,232,119,146,146,146,146,146,146,174,174,174],"floor_reached":16,"playtime":984,"items_purged":["Strike_B"],"score":130,"play_id":"b6db27d4-8149-4a89-9a93-549a9beacf0a","local_time":"20190413190538","is_ascension_mode":true,"campfire_choices":[{"floor":6,"key":"REST"},{"data":"Streamline","floor":11,"key":"SMITH"},{"data":"Zap","floor":13,"key":"SMITH"},{"data":"Dualcast","floor":15,"key":"SMITH"}],"neow_cost":"NONE","seed_source_timestamp":263166130371905,"circlet_count":0,"master_deck":["Strike_B","Strike_B","Defend_B","Defend_B","Defend_B","Defend_B","Zap+1","Dualcast+1","Streamline+1","Conserve Battery","Cold Snap","Glacier","Thunder Strike","Conserve Battery"],"relics":["Eternal Feather","Bottled Lightning","Unceasing Top","Girya"],"potions_floor_usage":[5,14,16],"damage_taken":[{"damage":2,"enemies":"2 Louse","floor":1,"turns":2},{"damage":12,"enemies":"Small Slimes","floor":2,"turns":3},{"damage":7,"enemies":"Jaw Worm","floor":3,"turns":4},{"damage":11,"enemies":"3 Louse","floor":5,"turns":4},{"damage":7,"enemies":"3 Sentries","floor":8,"turns":12},{"damage":19,"enemies":"Lagavulin","floor":14,"turns":5},{"damage":67,"enemies":"Slime Boss","floor":16,"turns":11}],"seed_played":"5857827030370240418","potions_obtained":[{"floor":2,"key":"Regen Potion"},{"floor":3,"key":"Poison Potion"},{"floor":14,"key":"Poison Potion"}],"is_trial":false,"path_per_floor":["M","M","M","?","M","R","$","E","T","?","R","?","R","E","R","B"],"character_chosen":"DEFECT","items_purchased":["Glacier"],"campfire_rested":1,"item_purchase_floors":[7],"current_hp_per_floor":[73,61,54,43,32,60,60,53,53,75,75,75,75,56,62,0],"gold":174,"neow_bonus":"BOSS_RELIC","is_prod":false,"is_daily":false,"chose_seed":false,"campfire_upgraded":3,"win_rate":0,"timestamp":1555193138,"path_taken":["M","M","M","?","M","R","$","E","T","?","R","?","R","E","R","BOSS"],"build_version":"2019-01-23","purchased_purges":1,"victory":false,"max_hp_per_floor":[75,75,75,75,75,75,75,75,75,75,75,75,75,75,75,75],"card_choices":[{"not_picked":["Stack","Steam Power"],"picked":"Streamline","floor":1},{"not_picked":["Hologram","Steam"],"picked":"Conserve Battery","floor":2},{"not_picked":["Streamline","Turbo"],"picked":"Cold Snap","floor":3},{"not_picked":["Gash","Turbo","Scrape"],"picked":"SKIP","floor":5},{"not_picked":["Rebound","Barrage"],"picked":"Thunder Strike","floor":8},{"not_picked":["Lockon","Go for the Eyes"],"picked":"Conserve Battery","floor":14}],"player_experience":263390,"relics_obtained":[{"floor":8,"key":"Bottled Lightning"},{"floor":9,"key":"Unceasing Top"},{"floor":14,"key":"Girya"}],"event_choices":[{"damage_healed":0,"gold_gain":75,"player_choice":"Gather Gold","damage_taken":11,"max_hp_gain":0,"max_hp_loss":0,"event_name":"World of Goop","floor":4,"gold_loss":0},{"damage_healed":25,"gold_gain":0,"player_choice":"Banana","damage_taken":0,"max_hp_gain":0,"max_hp_loss":0,"event_name":"Big Fish","floor":10,"gold_loss":0},{"cards_removed":["Strike_B"],"damage_healed":0,"gold_gain":0,"player_choice":"Forget","damage_taken":0,"max_hp_gain":0,"max_hp_loss":0,"event_name":"Living Wall","floor":12,"gold_loss":0}],"is_beta":false,"boss_relics":[],"items_purged_floors":[7],"is_endless":false,"potions_floor_spawned":[2,3,14],"killed_by":"Slime Boss","ascension_level":4}