{"gold_per_floor":[117,133,18,34,34,34,60,60,60,85,97,107,107,121,121,222,222,233,252,269,281,297,297,53,53,53,73,87,87,99,116,116,221,221,231,242,242,74,74,74,90,90,114,146,158,170,11,22,22,22],"floor_reached":51,"playtime":3673,"items_purged":["Decay","Strike_G","Strike_G"],"score":840,"play_id":"a5c11472-05b7-4b70-8e36-c6cc32df241d","local_time":"20190416205032","is_ascension_mode":true,"campfire_choices":[{"data":"Noxious Fumes","floor":6.0,"key":"SMITH"},{"data":"Neutralize","floor":8.0,"key":"SMITH"},{"floor":13.0,"key":"REST"},{"floor":15.0,"key":"REST"},{"floor":23,"key":"REST"},{"floor":25,"key":"REST"},{"floor":29,"key":"REST"},{"floor":32,"key":"REST"},{"floor":40,"key":"REST"},{"floor":42,"key":"REST"},{"floor":46,"key":"REST"},{"data":"Dodge and Roll","floor":49,"key":"SMITH"}],"neow_cost":"CURSE","seed_source_timestamp":4468703956301,"circlet_count":0,"master_deck":["Defend_G","Defend_G","Defend_G","Defend_G","Defend_G","Strike_G","Survivor","Neutralize+1","Corpse Explosion+1","All Out Attack","Dodge and Roll+1","Noxious Fumes+1","Dagger Spray","Bane","Terror+1","Noxious Fumes+1","PiercingWail+1","Corpse Explosion+1","Backflip+1","Dodge and Roll+1","Storm of Steel+1","Infinite Blades+1","Accuracy+1","Cloak And Dagger+1","Crippling Poison+1","Noxious Fumes","Cloak And Dagger+1","Dodge and Roll+1","Backflip+1","Cloak And Dagger+1","Deflect+1","Backflip+1","Cloak And Dagger+1","Terror+1","Acrobatics+1","Dodge and Roll+1","Terror+1","Catalyst+1","PiercingWail+1","Well Laid Plans","PiercingWail+1","Burst+1","Dodge and Roll+1","Well Laid Plans+1"],"special_seed":0,"relics":["Ring of the Serpent","Toxic Egg 2","Prayer Wheel","Bag of Preparation","Oddly Smooth Stone","Strawberry","Empty Cage","MawBank"],"potions_floor_usage":[21,27,28,33,33,50],"damage_taken":[{"damage":4.0,"enemies":"Small Slimes","floor":1.0,"turns":3.0},{"damage":0.0,"enemies":"Cultist","floor":2.0,"turns":4.0},{"damage":3.0,"enemies":"2 Louse","floor":4.0,"turns":2.0},{"damage":0.0,"enemies":"Lagavulin","floor":7.0,"turns":5.0},{"damage":28.0,"enemies":"Gremlin Nob","floor":10.0,"turns":5.0},{"damage":0.0,"enemies":"2 Fungi Beasts","floor":11.0,"turns":2.0},{"damage":24.0,"enemies":"Gremlin Gang","floor":12.0,"turns":2.0},{"damage":0.0,"enemies":"Lots of Slimes","floor":14.0,"turns":1.0},{"damage":8.0,"enemies":"The Guardian","floor":16.0,"turns":7.0},{"damage":11.0,"enemies":"3 Byrds","floor":18.0,"turns":4.0},{"damage":23.0,"enemies":"2 Thieves","floor":19.0,"turns":3.0},{"damage":15.0,"enemies":"Sentry and Sphere","floor":20.0,"turns":6.0},{"damage":0,"enemies":"Snake Plant","floor":21,"turns":1},{"damage":4,"enemies":"Snecko","floor":22,"turns":5},{"damage":3,"enemies":"Chosen and Byrds","floor":27,"turns":5},{"damage":23,"enemies":"Centurion and Healer","floor":28,"turns":5},{"damage":11,"enemies":"Snecko","floor":30,"turns":4},{"damage":12,"enemies":"Shelled Parasite and Fungi","floor":31,"turns":5},{"damage":24,"enemies":"Champ","floor":33,"turns":8},{"damage":1,"enemies":"3 Shapes","floor":35,"turns":3},{"damage":35,"enemies":"3 Darklings","floor":36,"turns":3},{"damage":16,"enemies":"Maw","floor":41,"turns":6},{"damage":15,"enemies":"Spire Growth","floor":44,"turns":6},{"damage":2,"enemies":"4 Shapes","floor":48,"turns":3},{"damage":33,"enemies":"Donu and Deca","floor":50,"turns":8}],"seed_played":"-301446032984075275","potions_obtained":[{"floor":2.0,"key":"PowerPotion"},{"floor":4.0,"key":"Block Potion"},{"floor":10.0,"key":"Swift Potion"},{"floor":12.0,"key":"FairyPotion"},{"floor":14.0,"key":"SpeedPotion"},{"floor":18.0,"key":"SpeedPotion"},{"floor":21,"key":"Fire Potion"},{"floor":22,"key":"GamblersBrew"},{"floor":30,"key":"SteroidPotion"},{"floor":31,"key":"SteroidPotion"},{"floor":35,"key":"Explosive Potion"},{"floor":41,"key":"SpeedPotion"},{"floor":44,"key":"Swift Potion"}],"is_trial":false,"path_per_floor":["M","M","$","M","?","R","E","R","T","E","M","M","R","M","R","B",null,"M","M","M","M","M","R","$","R","T","M","M","R","M","M","R","B",null,"M","M","?","$","?","R","M","R","T","M","?","R","$","M","R","B",null],"character_chosen":"THE_SILENT","items_purchased":["Noxious Fumes","Dodge and Roll+1","Backflip+1","Oddly Smooth Stone","Well Laid Plans","Dodge and Roll+1"],"campfire_rested":9,"item_purchase_floors":[3,24,24,24,38,47],"current_hp_per_floor":[66,66,66,63,63,63,63,63,63,35,35,11,32,32,53,45,70,59,36,21,21,17,38,38,59,66,63,40,63,52,40,63,39,77,76,41,41,41,41,64,48,71,71,56,56,77,77,75,75,42],"gold":22,"neow_bonus":"THREE_RARE_CARDS","is_prod":false,"is_daily":false,"chose_seed":false,"campfire_upgraded":3,"win_rate":0,"timestamp":1555458632,"path_taken":["M","M","$","M","?","R","E","R","T","E","M","M","R","M","R","BOSS","M","M","M","M","M","R","$","R","T","M","M","R","?","M","R","BOSS","M","M","?","?","?","R","M","R","T","M","?","R","$","?","R","BOSS"],"build_version":"2019-01-23","purchased_purges":3,"victory":true,"max_hp_per_floor":[70,70,70,70,70,70,70,70,70,70,70,70,70,70,70,70,70,70,70,70,70,70,70,70,70,77,77,77,77,77,77,77,77,77,77,77,77,77,77,77,77,77,77,77,77,77,77,77,77,77],"card_choices":[{"not_picked":["Unload","Venomology"],"picked":"Corpse Explosion","floor":0.0},{"not_picked":["Underhanded Strike","Deflect"],"picked":"All Out Attack","floor":1.0},{"not_picked":["Prepared","Distraction"],"picked":"Dodge and Roll","floor":2.0},{"not_picked":["Concentrate","Acrobatics"],"picked":"Dagger Spray","floor":4.0},{"not_picked":["Acrobatics","Distraction"],"picked":"Bane","floor":7.0},{"not_picked":["Blade Dance+1","Underhanded Strike"],"picked":"Terror+1","floor":10.0},{"not_picked":["Poisoned Stab","Deflect+1"],"picked":"Noxious Fumes","floor":11.0},{"not_picked":["PiercingWail+1","Tactician+1","Prepared+1"],"picked":"SKIP","floor":11.0},{"not_picked":["Tactician+1","Prepared+1"],"picked":"PiercingWail+1","floor":11.0},{"not_picked":["Underhanded Strike","Bane"],"picked":"Corpse Explosion+1","floor":12.0},{"not_picked":["Concentrate+1","Bane"],"picked":"Sucker Punch","floor":12.0},{"not_picked":["Underhanded Strike","Flying Knee"],"picked":"Backflip+1","floor":14.0},{"not_picked":["Eviscerate","Dagger Throw"],"picked":"Dodge and Roll+1","floor":14.0},{"not_picked":["Grand Finale","Wraith Form v2"],"picked":"Storm of Steel+1","floor":16.0},{"not_picked":["Bane","Dagger Spray"],"picked":"Infinite Blades+1","floor":18.0},{"not_picked":["Deadly Poison+1","Choke","Tactician+1"],"picked":"SKIP","floor":18.0},{"not_picked":["Reflex+1","Sucker Punch"],"picked":"Accuracy+1","floor":19.0},{"not_picked":["All Out Attack","Dagger Spray","Dagger Throw"],"picked":"SKIP","floor":19.0},{"not_picked":["PiercingWail+1","Deadly Poison+1"],"picked":"Cloak And Dagger+1","floor":20.0},{"not_picked":["Riddle With Holes","Blur+1"],"picked":"Crippling Poison+1","floor":20.0},{"not_picked":["Finisher","All Out Attack+1"],"picked":"Noxious Fumes","floor":21},{"not_picked":["Poisoned Stab","Dagger Spray","Dagger Throw"],"picked":"SKIP","floor":21},{"not_picked":["Slice","Prepared+1"],"picked":"Cloak And Dagger+1","floor":22},{"not_picked":["Masterful Stab+1","Poisoned Stab","Infinite Blades+1"],"picked":"SKIP","floor":22},{"not_picked":["Caltrops","Wraith Form v2"],"picked":"Cloak And Dagger+1","floor":27},{"not_picked":["Prepared+1","Flying Knee"],"picked":"Deflect+1","floor":27},{"not_picked":["Blade Dance+1","Sucker Punch"],"picked":"Backflip+1","floor":28},{"not_picked":["Dagger Throw","Blade Dance+1","Reflex+1"],"picked":"SKIP","floor":28},{"not_picked":["Outmaneuver+1","Caltrops"],"picked":"Cloak And Dagger+1","floor":30},{"not_picked":["Bane","Masterful Stab+1"],"picked":"Terror+1","floor":30},{"not_picked":["Poisoned Stab","Outmaneuver+1"],"picked":"Acrobatics+1","floor":31},{"not_picked":["Outmaneuver+1","Sucker Punch","Poisoned Stab"],"picked":"SKIP","floor":31},{"not_picked":["Dagger Spray","Poisoned Stab+1"],"picked":"Dodge and Roll+1","floor":35},{"not_picked":["Calculated Gamble+1","Blade Dance+1"],"picked":"Terror+1","floor":35},{"not_picked":["Dagger Spray","Acrobatics+1"],"picked":"Catalyst+1","floor":36},{"not_picked":["Infinite Blades","Blade Dance+1"],"picked":"PiercingWail+1","floor":36},{"not_picked":["Flechettes","Choke"],"picked":"PiercingWail+1","floor":41},{"not_picked":["Flying Knee","Outmaneuver+1","Acrobatics+1"],"picked":"SKIP","floor":41},{"not_picked":["Sucker Punch","Terror+1"],"picked":"Burst+1","floor":44},{"not_picked":["Poisoned Stab","Choke","Flechettes"],"picked":"SKIP","floor":44},{"not_picked":["Acrobatics+1","Finisher"],"picked":"Well Laid Plans+1","floor":48},{"not_picked":["Backflip+1","Underhanded Strike","Cloak And Dagger+1"],"picked":"SKIP","floor":48}],"player_experience":284307,"relics_obtained":[{"floor":7.0,"key":"Toxic Egg 2"},{"floor":9.0,"key":"Prayer Wheel"},{"floor":10.0,"key":"Bag of Preparation"},{"floor":26,"key":"Strawberry"},{"floor":43,"key":"MawBank"}],"event_choices":[{"damage_healed":0.0,"max_hp_gain":0.0,"max_hp_loss":0.0,"gold_gain":0.0,"event_name":"Accursed Blacksmith","player_choice":"Forge","floor":5.0,"gold_loss":0.0,"damage_taken":0.0,"cards_upgraded":["Corpse Explosion"]},{"damage_healed":0,"gold_gain":0,"player_choice":"Upgraded","damage_taken":0,"max_hp_gain":0,"max_hp_loss":0,"event_name":"Upgrade Shrine","floor":37,"gold_loss":0,"cards_upgraded":["Noxious Fumes"]},{"cards_removed":["Sucker Punch"],"damage_healed":0,"gold_gain":0,"player_choice":"Removed Attack","damage_taken":0,"max_hp_gain":0,"max_hp_loss":0,"event_name":"Falling","floor":39,"gold_loss":0},{"damage_healed":0,"gold_gain":0,"player_choice":"Got Potions","damage_taken":0,"max_hp_gain":0,"max_hp_loss":0,"event_name":"Lab","floor":45,"gold_loss":0}],"is_beta":false,"boss_relics":[{"not_picked":["Black Star","Astrolabe"],"picked":"Ring of the Serpent"},{"not_picked":["Orrery","Velvet Choker"],"picked":"Empty Cage"}],"items_purged_floors":[3,38,47],"is_endless":false,"potions_floor_spawned":[2,4,10,12,14,18,21,22,30,31,35,41,44],"ascension_level":3}