{"gold_per_floor":[119,119,134,146,160,160,191,191,245,245,261,274,6,19,19,116,116,134,34,47,78,89,89,102,102,102,102,118,148,148,162,162,262,262,281,71,71,84,84,84,184,184,184,200,217,92,110,139,139,139],"floor_reached":51,"playtime":1318,"items_purged":["Defend_R","Defend_R","Strike_R"],"score":751,"play_id":"9acb9846-d3c4-4d70-80bc-b368a5b96dc5","local_time":"20190421222851","is_ascension_mode":false,"campfire_choices":[{"data":"Clothesline","floor":6,"key":"SMITH"},{"data":"Twin Strike","floor":8,"key":"SMITH"},{"data":"Clash","floor":10,"key":"SMITH"},{"data":"Limit Break","floor":15,"key":"SMITH"},{"data":"Whirlwind","floor":23,"key":"SMITH"},{"data":"Uppercut","floor":25,"key":"SMITH"},{"floor":27,"key":"REST"},{"data":"Offering","floor":32,"key":"SMITH"},{"data":"Limit Break","floor":40,"key":"SMITH"},{"data":"Flex","floor":42,"key":"SMITH"},{"floor":49,"key":"REST"}],"neow_cost":"NONE","seed_source_timestamp":6794837519199,"circlet_count":0,"master_deck":["Strike_R","Strike_R","Strike_R","Strike_R","Defend_R","Bash+1","Twin Strike+1","Clothesline+1","Clash+1","Limit Break+1","Headbutt","Offering+1","Whirlwind+1","Uppercut+1","Clothesline+1","Clash+1","Limit Break+1","Battle Trance","Flex+1","Fire Breathing+1","Flex+1","Uppercut+1","Double Tap","Shockwave+1","Flex+1"],"relics":["Philosopher\u0027s Stone","Frozen Egg 2","Regal Pillow","OrangePellets","Eternal Feather","Red Mask","Dodecahedron","Blood Vial","Orrery","ClockworkSouvenir","Thread and Needle","Mercury Hourglass","Ice Cream"],"potions_floor_usage":[16,16,20,22,22,33,33,33,45,50,50],"damage_taken":[{"damage":1,"enemies":"Small Slimes","floor":1,"turns":3},{"damage":0,"enemies":"Cultist","floor":3,"turns":2},{"damage":0,"enemies":"2 Louse","floor":4,"turns":2},{"damage":1,"enemies":"Red Slaver","floor":5,"turns":3},{"damage":14,"enemies":"Lagavulin","floor":7,"turns":5},{"damage":2,"enemies":"2 Fungi Beasts","floor":11,"turns":2},{"damage":8,"enemies":"Blue Slaver","floor":12,"turns":2},{"damage":0,"enemies":"Exordium Thugs","floor":14,"turns":3},{"damage":32,"enemies":"Hexaghost","floor":16,"turns":9},{"damage":7,"enemies":"Spheric Guardian","floor":18,"turns":3},{"damage":12,"enemies":"2 Thieves","floor":20,"turns":2},{"damage":21,"enemies":"Masked Bandits","floor":21,"turns":3},{"damage":14,"enemies":"Cultist and Chosen","floor":22,"turns":4},{"damage":21,"enemies":"Snake Plant","floor":24,"turns":3},{"damage":13,"enemies":"Snecko","floor":28,"turns":3},{"damage":6,"enemies":"Gremlin Leader","floor":29,"turns":3},{"damage":0,"enemies":"Cultist and Chosen","floor":31,"turns":4},{"damage":77,"enemies":"Champ","floor":33,"turns":9},{"damage":6,"enemies":"Orb Walker","floor":35,"turns":1},{"damage":27,"enemies":"3 Shapes","floor":38,"turns":3},{"damage":6,"enemies":"Mind Bloom Boss Battle","floor":41,"turns":2},{"damage":14,"enemies":"Spire Growth","floor":44,"turns":3},{"damage":24,"enemies":"Jaw Worm Horde","floor":45,"turns":2},{"damage":6,"enemies":"Transient","floor":47,"turns":5},{"damage":12,"enemies":"Giant Head","floor":48,"turns":4},{"damage":47,"enemies":"Awakened One","floor":50,"turns":6}],"seed_played":"8464862952374584043","potions_obtained":[{"floor":3,"key":"Swift Potion"},{"floor":7,"key":"SneckoOil"},{"floor":11,"key":"SpeedPotion"},{"floor":16,"key":"Poison Potion"},{"floor":18,"key":"SteroidPotion"},{"floor":20,"key":"Energy Potion"},{"floor":28,"key":"Regen Potion"},{"floor":29,"key":"Swift Potion"},{"floor":41,"key":"SpeedPotion"},{"floor":44,"key":"SkillPotion"},{"floor":45,"key":"SkillPotion"}],"is_trial":false,"path_per_floor":["M","?","M","M","M","R","E","R","T","R","M","M","$","M","R","B",null,"M","$","M","?","M","R","M","R","T","R","M","E","?","M","R","B",null,"M","$","?","M","$","R","?","R","T","M","M","$","M","E","R","B",null],"character_chosen":"IRONCLAD","items_purchased":["OrangePellets","ClockworkSouvenir"],"campfire_rested":2,"item_purchase_floors":[13,36],"current_hp_per_floor":[79,79,79,79,78,78,64,64,64,64,62,54,54,54,54,22,80,73,73,61,40,26,35,14,23,23,71,58,52,80,80,80,15,80,74,74,74,49,49,61,57,69,69,57,35,35,31,21,75,30],"gold":139,"neow_bonus":"BOSS_RELIC","is_prod":false,"is_daily":false,"chose_seed":false,"campfire_upgraded":9,"win_rate":0,"timestamp":1555907331,"path_taken":["M","?","M","M","M","R","E","R","T","R","M","M","$","?","R","BOSS","M","$","M","?","M","R","M","R","T","R","M","E","?","M","R","BOSS","M","$","?","M","$","R","?","R","T","M","M","$","M","E","R","BOSS"],"build_version":"2019-01-23","purchased_purges":3,"victory":true,"max_hp_per_floor":[80,80,80,80,80,80,80,80,80,80,80,80,80,80,80,80,80,80,80,80,80,80,80,80,80,80,80,80,80,80,80,80,80,80,80,80,80,80,80,80,80,80,80,80,80,80,80,80,80,80],"card_choices":[{"not_picked":["Anger","Combust"],"picked":"Twin Strike","floor":1},{"not_picked":["Rage","True Grit","Metallicize"],"picked":"SKIP","floor":3},{"not_picked":["Bloodletting","Reckless Charge"],"picked":"Clothesline","floor":4},{"not_picked":["Entrench","Warcry"],"picked":"Clash","floor":5},{"not_picked":["Bloodletting","Clothesline","Havoc"],"picked":"SKIP","floor":7},{"not_picked":["Dual Wield","Body Slam","Bloodletting"],"picked":"SKIP","floor":11},{"not_picked":["Clash","Pummel"],"picked":"Limit Break","floor":12},{"not_picked":["Wild Strike","Twin Strike"],"picked":"Headbutt","floor":14},{"not_picked":["Double Tap","Berserk+1"],"picked":"Offering","floor":16},{"not_picked":["Twin Strike","Shrug It Off"],"picked":"Whirlwind","floor":18},{"not_picked":["Pommel Strike","Wild Strike","Warcry+1"],"picked":"SKIP","floor":20},{"not_picked":["Armaments","Dual Wield+1","Thunderclap+1"],"picked":"SKIP","floor":22},{"not_picked":["Anger","Armaments"],"picked":"Uppercut","floor":24},{"not_picked":["Thunderclap","Pommel Strike","Clothesline+1"],"picked":"SKIP","floor":28},{"not_picked":["Thunderclap","Pommel Strike"],"picked":"Clothesline+1","floor":28},{"not_picked":["Burning Pact+1","Pommel Strike+1"],"picked":"Clash+1","floor":29},{"not_picked":["Brutality+1","Clothesline","Perfected Strike"],"picked":"SKIP","floor":31},{"not_picked":["Juggernaut+1","Brutality+1"],"picked":"Limit Break","floor":33},{"not_picked":["Armaments","Body Slam+1"],"picked":"Battle Trance","floor":34},{"not_picked":["Anger+1","Bloodletting"],"picked":"Flex","floor":34},{"not_picked":["Armaments+1","Seeing Red+1"],"picked":"Fire Breathing+1","floor":35},{"not_picked":["Metallicize+1","Entrench+1"],"picked":"Flex+1","floor":38},{"not_picked":["Havoc","Headbutt+1"],"picked":"Uppercut+1","floor":41},{"not_picked":["Seeing Red+1","Headbutt+1"],"picked":"Double Tap","floor":44},{"not_picked":["Inflame+1","Armaments+1"],"picked":"Shockwave+1","floor":45},{"not_picked":["Twin Strike+1","Flame Barrier"],"picked":"Flex+1","floor":47},{"not_picked":["Sword Boomerang+1","Carnage","Heavy Blade"],"picked":"SKIP","floor":48}],"player_experience":1281656,"relics_obtained":[{"floor":7,"key":"Frozen Egg 2"},{"floor":9,"key":"Regal Pillow"},{"floor":21,"key":"Red Mask"},{"floor":26,"key":"Dodecahedron"},{"floor":29,"key":"Blood Vial"},{"floor":41,"key":"Thread and Needle"},{"floor":43,"key":"Mercury Hourglass"},{"floor":48,"key":"Ice Cream"}],"event_choices":[{"damage_healed":0,"gold_gain":0,"player_choice":"Upgraded","damage_taken":0,"max_hp_gain":0,"max_hp_loss":0,"event_name":"Upgrade Shrine","floor":2,"gold_loss":0,"cards_upgraded":["Bash"]},{"damage_healed":0,"gold_gain":0,"player_choice":"Fought Bandits","damage_taken":0,"max_hp_gain":0,"max_hp_loss":0,"event_name":"Masked Bandits","floor":21,"gold_loss":0},{"damage_healed":28,"gold_gain":0,"player_choice":"Full Heal","damage_taken":0,"max_hp_gain":0,"max_hp_loss":0,"event_name":"Wheel of Change","floor":30,"gold_loss":0},{"cards_removed":["Defend_R"],"damage_healed":0,"gold_gain":0,"player_choice":"Removed Skill","damage_taken":0,"max_hp_gain":0,"max_hp_loss":0,"event_name":"Falling","floor":37,"gold_loss":0},{"damage_healed":0,"gold_gain":0,"player_choice":"Fight","damage_taken":0,"max_hp_gain":0,"max_hp_loss":0,"event_name":"MindBloom","floor":41,"gold_loss":0}],"is_beta":false,"boss_relics":[{"not_picked":["Black Star","Runic Cube"],"picked":"Eternal Feather"},{"not_picked":["Fusion Hammer","Astrolabe"],"picked":"Orrery"}],"items_purged_floors":[13,19,46],"is_endless":false,"potions_floor_spawned":[3,7,11,16,18,20,28,29,41,44,45],"ascension_level":0}