{"gold_per_floor":[109,126,126,136,136,136,168,183,255,280,296,313,313,26,26,131,131,151,162,162,172,172,172,188,198,224,224,8,8,8,8,8,110,160,180,198,198,209,209],"floor_reached":39,"playtime":2903,"items_purged":["Strike_G","Pain"],"score":491,"play_id":"a44bd265-0000-4c9b-a7d7-f443dc127d48","local_time":"20190419165616","is_ascension_mode":true,"campfire_choices":[{"data":"Dash","floor":6,"key":"SMITH"},{"data":"Cloak And Dagger","floor":13,"key":"SMITH"},{"floor":15,"key":"REST"},{"floor":23,"key":"REST"},{"floor":29,"key":"REST"},{"floor":32,"key":"REST"}],"neow_cost":"NONE","seed_source_timestamp":250453648699445,"circlet_count":0,"master_deck":["Defend_G","Defend_G","Defend_G+1","Strike_G","Strike_G","Survivor","Neutralize+1","Dash+1","Blur","Blade Dance","Unload","Infinite Blades","Dagger Spray","Well Laid Plans","Dodge and Roll","Cloak And Dagger+1","Corpse Explosion","Accuracy","Envenom","Bouncing Flask+1","Phantasmal Killer+1","Skewer+1","Quick Slash+1","Leg Sweep","Cloak And Dagger","Dagger Spray+1","Leg Sweep+1","Footwork","Blade Dance","Malaise","Blade Dance+1","Backstab+1","Footwork","Parasite"],"relics":["Ring of the Snake","Ginger","Kunai","Potion Belt","Astrolabe","WarpedTongs","Whetstone","Tiny House"],"potions_floor_usage":[7,10,18,18,18,21,33,33,33,33,33,33,35,38],"damage_taken":[{"damage":0,"enemies":"Jaw Worm","floor":1,"turns":5},{"damage":5,"enemies":"2 Louse","floor":2,"turns":3},{"damage":0,"enemies":"Cultist","floor":4,"turns":4},{"damage":10,"enemies":"3 Sentries","floor":7,"turns":8},{"damage":0,"enemies":"2 Fungi Beasts","floor":8,"turns":4},{"damage":13,"enemies":"Gremlin Nob","floor":10,"turns":4},{"damage":0,"enemies":"3 Louse","floor":11,"turns":2},{"damage":0,"enemies":"Exordium Wildlife","floor":12,"turns":3},{"damage":26,"enemies":"Hexaghost","floor":16,"turns":10},{"damage":4,"enemies":"3 Byrds","floor":18,"turns":3},{"damage":3,"enemies":"Chosen","floor":19,"turns":4},{"damage":36,"enemies":"Snake Plant","floor":21,"turns":3},{"damage":8,"enemies":"3 Cultists","floor":24,"turns":3},{"damage":23,"enemies":"Centurion and Healer","floor":25,"turns":6},{"damage":13,"enemies":"Collector","floor":33,"turns":7},{"damage":28,"enemies":"3 Shapes","floor":35,"turns":6},{"damage":10,"enemies":"Orb Walker","floor":36,"turns":5},{"damage":17,"enemies":"Writhing Mass","floor":38,"turns":9},{"damage":25,"enemies":"Sphere and 2 Shapes","floor":39,"turns":3}],"seed_played":"-2717960230969454617","potions_obtained":[{"floor":1,"key":"EssenceOfSteel"},{"floor":2,"key":"LiquidBronze"},{"floor":4,"key":"Fire Potion"},{"floor":7,"key":"Fire Potion"},{"floor":12,"key":"Fire Potion"},{"floor":18,"key":"Block Potion"},{"floor":19,"key":"Ancient Potion"},{"floor":25,"key":"EntropicBrew"},{"floor":34,"key":"SkillPotion"},{"floor":35,"key":"Energy Potion"},{"floor":38,"key":"Fire Potion"}],"is_trial":false,"path_per_floor":["M","M","?","M","?","R","E","M","T","E","M","M","R","$","R","B",null,"M","M","?","M","?","R","M","M","T","?","$","R","?","$","R","B",null,"M","M","?","M","M"],"character_chosen":"THE_SILENT","items_purchased":["Corpse Explosion","Accuracy","Footwork","Blade Dance"],"campfire_rested":4,"item_purchase_floors":[14,14,28,28],"current_hp_per_floor":[70,65,65,65,70,70,60,60,60,47,47,47,47,47,69,43,67,63,60,60,24,24,46,38,15,15,15,15,37,37,37,59,46,73,45,35,35,18,0],"gold":209,"neow_bonus":"THREE_CARDS","is_prod":false,"is_daily":false,"chose_seed":false,"campfire_upgraded":2,"win_rate":0,"timestamp":1555703776,"path_taken":["M","M","?","M","?","R","E","M","T","E","M","M","R","$","R","BOSS","M","M","?","M","?","R","M","?","T","?","$","R","?","$","R","BOSS","M","M","?","M","?"],"build_version":"2019-01-23","purchased_purges":2,"victory":false,"max_hp_per_floor":[70,70,70,70,75,75,75,75,75,75,75,75,75,75,75,75,75,75,75,75,75,75,75,75,75,75,75,75,75,75,75,75,75,80,80,80,80,80,80],"card_choices":[{"not_picked":["Sucker Punch","Blade Dance"],"picked":"Dash","floor":0},{"not_picked":["Outmaneuver","Infinite Blades"],"picked":"Blur","floor":1},{"not_picked":["Bane","Heel Hook"],"picked":"Blade Dance","floor":2},{"not_picked":["Outmaneuver","Prepared"],"picked":"Unload","floor":4},{"not_picked":["Crippling Poison","Catalyst"],"picked":"Infinite Blades","floor":7},{"not_picked":["Outmaneuver","Sucker Punch"],"picked":"Dagger Spray","floor":8},{"not_picked":["PiercingWail","Setup"],"picked":"Well Laid Plans","floor":10},{"not_picked":["Skewer","Distraction"],"picked":"Dodge and Roll","floor":11},{"not_picked":["Dagger Spray","Deadly Poison"],"picked":"Cloak And Dagger","floor":12},{"not_picked":["Unload","Tools of the Trade"],"picked":"Envenom","floor":16},{"not_picked":["Outmaneuver","Deadly Poison"],"picked":"Quick Slash","floor":18},{"not_picked":["Poisoned Stab","Underhanded Strike"],"picked":"Leg Sweep","floor":19},{"not_picked":["Dash","Blade Dance"],"picked":"Dagger Spray+1","floor":21},{"not_picked":["Eviscerate","Poisoned Stab","Calculated Gamble"],"picked":"SKIP","floor":24},{"not_picked":["Distraction","Slice"],"picked":"Leg Sweep+1","floor":25},{"not_picked":["Burst","Night Terror"],"picked":"Malaise","floor":33},{"not_picked":["Outmaneuver","Poisoned Stab"],"picked":"Blade Dance+1","floor":34},{"not_picked":["Slice+1","Tactician+1"],"picked":"Backstab+1","floor":35},{"not_picked":["Concentrate","Outmaneuver","Dagger Throw"],"picked":"SKIP","floor":36},{"not_picked":["Sucker Punch","Prepared+1","Cloak And Dagger"],"picked":"SKIP","floor":38}],"player_experience":302285,"relics_obtained":[{"floor":7,"key":"Ginger"},{"floor":9,"key":"Kunai"},{"floor":10,"key":"Potion Belt"},{"floor":26,"key":"Whetstone"}],"event_choices":[{"cards_removed":["Strike_G"],"damage_healed":0,"gold_gain":0,"player_choice":"Forget","damage_taken":0,"max_hp_gain":0,"max_hp_loss":0,"event_name":"Living Wall","floor":3,"gold_loss":0},{"damage_healed":0,"gold_gain":0,"player_choice":"Donut","damage_taken":0,"max_hp_gain":5,"max_hp_loss":0,"event_name":"Big Fish","floor":5,"gold_loss":0},{"damage_healed":0,"gold_gain":0,"player_choice":"Read","damage_taken":0,"max_hp_gain":0,"max_hp_loss":0,"event_name":"The Library","floor":20,"gold_loss":0,"cards_obtained":["Cloak And Dagger"]},{"damage_healed":0,"gold_gain":0,"player_choice":"Rummage","damage_taken":0,"relics_obtained":["WarpedTongs"],"max_hp_gain":0,"max_hp_loss":0,"event_name":"Accursed Blacksmith","floor":22,"gold_loss":0,"cards_obtained":["Pain"]},{"damage_healed":0,"gold_gain":0,"player_choice":"Ignored","damage_taken":0,"max_hp_gain":0,"max_hp_loss":0,"event_name":"The Mausoleum","floor":27,"gold_loss":0},{"damage_healed":0,"gold_gain":0,"player_choice":"Copied","damage_taken":0,"max_hp_gain":0,"max_hp_loss":0,"event_name":"Duplicator","floor":37,"gold_loss":0,"cards_obtained":["Footwork"]}],"is_beta":false,"boss_relics":[{"not_picked":["HoveringKite","Black Star"],"picked":"Astrolabe"},{"not_picked":["Pandora\u0027s Box","Snecko Eye"],"picked":"Tiny House"}],"items_purged_floors":[14,28],"is_endless":false,"potions_floor_spawned":[1,2,4,7,12,18,19,25,35,38],"killed_by":"Sphere and 2 Shapes","ascension_level":5}