{"gold_per_floor":[110,122,141,141,106,106,139,139,139,139,45,63,88,103,103,203,203,213,226,240,258,7,7,7],"floor_reached":24,"playtime":1807,"items_purged":[],"score":229,"play_id":"ecb6cd91-1ffb-45e1-af00-5329f201806d","local_time":"20181215134527","is_ascension_mode":true,"campfire_choices":[{"floor":6.0,"key":"REST"},{"floor":8.0,"key":"REST"},{"data":"Fission","floor":10,"key":"SMITH"},{"floor":15,"key":"REST"},{"floor":23,"key":"REST"}],"neow_cost":"NONE","seed_source_timestamp":244772773405095,"circlet_count":0,"master_deck":["Strike_B","Strike_B","Strike_B","Strike_B","Defend_B","Defend_B","Defend_B","Defend_B","Zap","Dualcast","Fission+1","Coolheaded","Defragment","Redo","Auto Shields","Loop","Redo","Coolheaded","Double Energy","Conserve Battery","Thunder Strike","Ball Lightning","Compile Driver","Compile Driver","Undo","Defragment","Capacitor","Chaos","Apotheosis","Rebound"],"special_seed":0,"relics":["Cracked Core","Symbiotic Virus","Gremlin Horn","Mummified Hand","Orrery"],"potions_floor_usage":[14,21,24,24,24],"damage_taken":[{"damage":6.0,"enemies":"Cultist","floor":1.0,"turns":4.0},{"damage":3.0,"enemies":"2 Louse","floor":2.0,"turns":3.0},{"damage":16.0,"enemies":"Small Slimes","floor":3.0,"turns":3.0},{"damage":27.0,"enemies":"Gremlin Nob","floor":7.0,"turns":4.0},{"damage":29,"enemies":"Gremlin Gang","floor":12,"turns":4},{"damage":5,"enemies":"Lagavulin","floor":13,"turns":5},{"damage":3,"enemies":"Exordium Wildlife","floor":14,"turns":5},{"damage":26,"enemies":"Slime Boss","floor":16,"turns":5},{"damage":0,"enemies":"Spheric Guardian","floor":18,"turns":3},{"damage":0,"enemies":"Chosen","floor":19,"turns":3},{"damage":60,"enemies":"Centurion and Healer","floor":20,"turns":6},{"damage":8,"enemies":"Snecko","floor":21,"turns":5},{"damage":49,"enemies":"Gremlin Leader","floor":24,"turns":9}],"seed_played":"5507714753988101968","potions_obtained":[{"floor":3.0,"key":"SteroidPotion"},{"floor":12,"key":"Dexterity Potion"},{"floor":13,"key":"Block Potion"},{"floor":14,"key":"Regen Potion"},{"floor":16,"key":"AttackPotion"},{"floor":21,"key":"Block Potion"}],"is_trial":false,"path_per_floor":["M","M","M","?","?","R","E","R","T","R","$","M","E","M","R","B",null,"M","M","M","M","$","R","E"],"character_chosen":"DEFECT","items_purchased":["Loop","Redo","Apotheosis","Rebound"],"campfire_rested":4,"item_purchase_floors":[11,11,22,22],"current_hp_per_floor":[69,66,50,25,43,65,38,60,60,60,60,31,26,23,45,19,75,75,75,15,7,7,29,0],"gold":7,"neow_bonus":"ONE_RANDOM_RARE_CARD","is_prod":false,"is_daily":false,"chose_seed":false,"campfire_upgraded":1,"win_rate":0,"timestamp":1544895927,"path_taken":["M","M","M","?","?","R","E","R","T","R","$","M","E","M","R","BOSS","M","M","M","M","$","R","E"],"build_version":"2018-12-13","purchased_purges":0,"victory":false,"max_hp_per_floor":[75,75,75,75,75,75,75,75,75,75,75,75,75,75,75,75,75,75,75,75,75,75,75,75],"card_choices":[{"not_picked":["Gash","Stack"],"picked":"Coolheaded","floor":1.0},{"not_picked":["Redo","Sweeping Beam"],"picked":"Defragment","floor":2.0},{"not_picked":["Stack","Melter"],"picked":"Redo","floor":3.0},{"not_picked":["Force Field","Steam"],"picked":"Auto Shields","floor":7.0},{"not_picked":["Stack","Steam"],"picked":"Coolheaded","floor":12},{"not_picked":["Force Field","Hologram"],"picked":"Double Energy","floor":13},{"not_picked":["Go for the Eyes","FTL"],"picked":"Conserve Battery","floor":14},{"not_picked":["Rainbow","Buffer"],"picked":"Thunder Strike","floor":16},{"not_picked":["Hologram","Redo"],"picked":"Ball Lightning","floor":17},{"not_picked":["Hologram","FTL"],"picked":"Compile Driver","floor":17},{"not_picked":["Recycle","Cold Snap"],"picked":"Compile Driver","floor":17},{"not_picked":["Sunder","Conserve Battery"],"picked":"Undo","floor":17},{"not_picked":["Chill+1","Lockon","Cold Snap"],"picked":"SKIP","floor":18},{"not_picked":["Reinforced Body","Recycle"],"picked":"Defragment","floor":19},{"not_picked":["Redo+1","Gash"],"picked":"Capacitor","floor":20},{"not_picked":["Lockon","Auto Shields"],"picked":"Chaos","floor":21}],"player_experience":117499,"relics_obtained":[{"floor":7.0,"key":"Gremlin Horn"},{"floor":13,"key":"Mummified Hand"}],"event_choices":[{"damage_healed":0.0,"max_hp_gain":0.0,"max_hp_loss":0.0,"gold_gain":0.0,"event_name":"Scrap Ooze","player_choice":"Success","floor":4.0,"gold_loss":0.0,"damage_taken":25.0,"relics_obtained":["Symbiotic Virus"]},{"damage_healed":18.0,"max_hp_gain":0.0,"max_hp_loss":0.0,"gold_gain":0.0,"event_name":"The Cleric","player_choice":"Healed","floor":5.0,"gold_loss":35.0,"damage_taken":0.0}],"is_beta":false,"boss_relics":[{"not_picked":["Black Star","Runic Dome"],"picked":"Orrery"}],"items_purged_floors":[],"is_endless":false,"potions_floor_spawned":[3,12,13,14,16,21],"killed_by":"Gremlin Leader","ascension_level":2}