{"gold_per_floor":[216,216,25,25,44,44,80,80,105,126,126,39,82,107,107,205,205,230,230,251,251,270,270,22,22,45,45,45,60,75,88,88,88],"floor_reached":33,"playtime":1394,"items_purged":["Strike_G"],"score":446,"play_id":"39abc4eb-b990-4149-a76d-d712aeeee953","local_time":"20180804000212","is_ascension_mode":true,"campfire_choices":[{"data":"Neutralize","floor":6.0,"key":"SMITH"},{"data":"Footwork","floor":8.0,"key":"SMITH"},{"data":"Footwork","floor":11.0,"key":"SMITH"},{"data":"Caltrops","floor":15.0,"key":"SMITH"},{"data":"After Image","floor":23,"key":"SMITH"},{"data":"Blade Dance","floor":25,"key":"SMITH"},{"floor":32,"key":"REST"}],"neow_cost":"NONE","seed_source_timestamp":455995171205060,"circlet_count":0,"master_deck":["Defend_G","Defend_G","Defend_G","Defend_G","Defend_G","Strike_G+1","Strike_G","Strike_G","Survivor","Neutralize+1","AscendersBane","Footwork+1","Endless Agony","Quick Slash+1","Footwork+1","Calculated Gamble","Caltrops+1","Quick Slash","After Image+1","Blade Dance","Blade Dance+1","Cloak And Dagger","Storm of Steel","PiercingWail+1"],"special_seed":0,"relics":["Ring of the Snake","Golden Idol","Smiling Mask","Whetstone","Gremlin Horn","WristBlade","Paper Crane","Centennial Puzzle"],"potions_floor_usage":[20,33,33],"damage_taken":[{"damage":0.0,"enemies":"2 Louse","floor":1.0,"turns":3.0},{"damage":0.0,"enemies":"Cultist","floor":5.0,"turns":4.0},{"damage":10.0,"enemies":"Lagavulin","floor":7.0,"turns":13.0},{"damage":0.0,"enemies":"Jaw Worm","floor":10.0,"turns":3.0},{"damage":9.0,"enemies":"3 Sentries","floor":13.0,"turns":10.0},{"damage":0.0,"enemies":"Looter","floor":14.0,"turns":4.0},{"damage":17.0,"enemies":"The Guardian","floor":16.0,"turns":13.0},{"damage":2.0,"enemies":"3 Byrds","floor":18.0,"turns":2.0},{"damage":6,"enemies":"Chosen","floor":20,"turns":6},{"damage":7,"enemies":"Snake Plant","floor":22,"turns":5},{"damage":4,"enemies":"Cultist and Chosen","floor":29,"turns":7},{"damage":1,"enemies":"3 Cultists","floor":30,"turns":5},{"damage":5,"enemies":"Centurion and Healer","floor":31,"turns":5},{"damage":59,"enemies":"Champ","floor":33,"turns":14}],"seed_played":"9081686501243364394","potions_obtained":[{"floor":7.0,"key":"Poison Potion"},{"floor":10.0,"key":"PowerPotion"},{"floor":20,"key":"PowerPotion"}],"is_trial":false,"path_per_floor":["M","?","$","?","M","R","E","R","T","M","R","$","E","M","R","B",null,"M","?","M","?","M","R","$","R","T","$","?","M","M","M","R"],"character_chosen":"THE_SILENT","items_purchased":["Footwork","Endless Agony","Quick Slash","Caltrops","Paper Crane"],"campfire_rested":1,"item_purchase_floors":[3,3,3,12,24],"current_hp_per_floor":[59,59,59,59,59,59,49,49,49,49,49,49,40,40,40,23,51,49,49,43,43,36,36,36,36,36,36,36,32,31,26,44,0],"gold":88,"neow_bonus":"HUNDRED_GOLD","is_prod":false,"is_daily":false,"chose_seed":false,"campfire_upgraded":6,"win_rate":0,"timestamp":1533355332,"path_taken":["M","?","$","?","M","R","E","R","T","M","R","$","E","M","R","BOSS","M","?","M","?","M","R","$","R","T","$","?","M","M","?","R","BOSS"],"build_version":"2018-08-02","purchased_purges":1,"victory":false,"max_hp_per_floor":[66,66,66,60,60,60,60,60,60,60,60,60,60,60,60,60,60,60,60,60,60,60,60,60,60,60,60,60,60,60,60,60,60],"card_choices":[{"not_picked":["Blade Dance","Prepared","Finisher"],"picked":"SKIP","floor":1.0},{"not_picked":["Slice","Quick Slash","Sucker Punch"],"picked":"SKIP","floor":5.0},{"not_picked":["Endless Agony","Terror"],"picked":"Footwork","floor":7.0},{"not_picked":["Reflex","Expertise"],"picked":"Calculated Gamble","floor":10.0},{"not_picked":["Outmaneuver","Endless Agony"],"picked":"Quick Slash","floor":13.0},{"not_picked":["Outmaneuver","Dagger Throw","Blade Dance"],"picked":"SKIP","floor":14.0},{"not_picked":["Corpse Explosion","Storm of Steel"],"picked":"After Image","floor":16.0},{"not_picked":["Slice","Bane"],"picked":"Blade Dance","floor":18.0},{"not_picked":["Riddle With Holes","Bane","Dash"],"picked":"SKIP","floor":20},{"not_picked":["Catalyst","Expertise"],"picked":"Blade Dance","floor":22},{"not_picked":["Outmaneuver+1","Underhanded Strike"],"picked":"Cloak And Dagger","floor":29},{"not_picked":["Flying Knee","Quick Slash+1"],"picked":"Storm of Steel","floor":30},{"not_picked":["Predator","Quick Slash"],"picked":"PiercingWail+1","floor":31}],"player_experience":441125,"relics_obtained":[{"floor":7.0,"key":"Smiling Mask"},{"floor":9.0,"key":"Whetstone"},{"floor":13.0,"key":"Gremlin Horn"},{"floor":26,"key":"Centennial Puzzle"}],"event_choices":[{"event_name":"Bonfire Elementals","player_choice":"BASIC","floor":2.0,"damage_taken":0.0},{"event_name":"Golden Idol","player_choice":"Lose Max HP","floor":4.0,"damage_taken":0.0},{"event_name":"The Mausoleum","player_choice":"No","floor":19.0,"damage_taken":0.0},{"event_name":"The Lab","player_choice":"Got Potions","floor":21,"damage_taken":0},{"event_name":"Vampires","player_choice":"Ignored","floor":28,"damage_taken":0}],"is_beta":false,"boss_relics":[{"not_picked":["Velvet Choker","Pandora\u0027s Box"],"picked":"WristBlade"}],"items_purged_floors":[12],"is_endless":false,"potions_floor_spawned":[7,10,14,20,29,31],"killed_by":"Champ","ascension_level":15}