{"gold_per_floor":[115,115,40,51,51,51,83,94,94,107,124,151,151,161,161,233,233,249,249,249,249],"floor_reached":21,"playtime":903,"items_purged":["Strike_G"],"score":358,"play_id":"e2156dbe-11b9-411b-b49a-e88e9a2a6e3c","local_time":"20181023233751","is_ascension_mode":true,"campfire_choices":[{"data":"Riddle With Holes","floor":6,"key":"SMITH"},{"data":"Caltrops","floor":13,"key":"SMITH"},{"floor":15,"key":"REST"}],"neow_cost":"NONE","seed_source_timestamp":1125992685621658,"circlet_count":0,"master_deck":["Defend_G","Defend_G","Defend_G","Defend_G","Strike_G","Strike_G","Strike_G","Survivor","Neutralize","AscendersBane","Bullet Time","Sucker Punch","Riddle With Holes+1","PiercingWail","Caltrops+1","Flying Knee","Terror","Noxious Fumes","PiercingWail"],"relics":["Ring of the Snake","Bottled Lightning","Smiling Mask","Bag of Marbles","Eternal Feather"],"potions_floor_usage":[11,16,21],"damage_taken":[{"damage":8,"enemies":"Jaw Worm","floor":1,"turns":6},{"damage":5,"enemies":"Small Slimes","floor":4,"turns":5},{"damage":39,"enemies":"3 Sentries","floor":7,"turns":12},{"damage":0,"enemies":"Cultist","floor":8,"turns":3},{"damage":0,"enemies":"2 Fungi Beasts","floor":10,"turns":3},{"damage":0,"enemies":"Lots of Slimes","floor":11,"turns":2},{"damage":0,"enemies":"Red Slaver","floor":14,"turns":3},{"damage":22,"enemies":"Hexaghost","floor":16,"turns":9},{"damage":13,"enemies":"Chosen","floor":18,"turns":5},{"damage":15,"enemies":"Colosseum Slavers","floor":19,"turns":4},{"damage":21,"enemies":"Shell Parasite","floor":21,"turns":4}],"seed_played":"518240772218674339","potions_obtained":[{"floor":7,"key":"Explosive Potion"},{"floor":10,"key":"GhostInAJar"},{"floor":14,"key":"Swift Potion"},{"floor":18,"key":"SneckoOil"}],"is_trial":false,"path_per_floor":["M","?","$","M","?","R","E","M","T","M","M","T","R","M","R","B",null,"M","?","?"],"character_chosen":"THE_SILENT","items_purchased":[],"campfire_rested":1,"item_purchase_floors":[],"current_hp_per_floor":[51,51,51,46,46,46,7,7,7,7,7,7,7,7,26,4,51,38,23,23,2],"gold":249,"neow_bonus":"TRANSFORM_CARD","is_prod":false,"is_daily":false,"chose_seed":false,"campfire_upgraded":2,"win_rate":0,"timestamp":1540352271,"path_taken":["M","?","$","M","?","R","E","M","T","M","M","?","R","M","R","BOSS","M","?","?","M"],"build_version":"2018-10-22","purchased_purges":1,"victory":false,"max_hp_per_floor":[66,66,66,66,66,66,66,66,66,66,66,66,66,66,66,66,66,66,66,66,66],"card_choices":[{"not_picked":["Quick Slash","Tactician"],"picked":"Sucker Punch","floor":1},{"not_picked":["Endless Agony","Dagger Throw"],"picked":"Riddle With Holes","floor":4},{"not_picked":["Deflect","Acrobatics"],"picked":"PiercingWail","floor":7},{"not_picked":["Crippling Poison","Bane"],"picked":"Caltrops","floor":8},{"not_picked":["Prepared","Sucker Punch"],"picked":"Flying Knee","floor":10},{"not_picked":["Blade Dance","Outmaneuver"],"picked":"Terror","floor":11},{"not_picked":["Cloak And Dagger","Outmaneuver"],"picked":"Noxious Fumes","floor":14},{"not_picked":["Bane","Sucker Punch"],"picked":"PiercingWail","floor":18}],"player_experience":721647,"relics_obtained":[{"floor":7,"key":"Bottled Lightning"},{"floor":9,"key":"Smiling Mask"},{"floor":12,"key":"Bag of Marbles"}],"event_choices":[{"damage_healed":0,"gold_gain":0,"player_choice":"Leave","damage_taken":0,"max_hp_gain":0,"max_hp_loss":0,"event_name":"The Cleric","floor":2,"gold_loss":0},{"cards_removed":["Defend_G"],"damage_healed":0,"gold_gain":0,"player_choice":"Purged","damage_taken":0,"max_hp_gain":0,"max_hp_loss":0,"event_name":"Purifier","floor":5,"gold_loss":0},{"damage_healed":0,"gold_gain":0,"player_choice":"Fight","damage_taken":0,"max_hp_gain":0,"max_hp_loss":0,"event_name":"Colosseum","floor":19,"gold_loss":0},{"damage_healed":0,"gold_gain":0,"player_choice":"Fled From Nobs","damage_taken":0,"max_hp_gain":0,"max_hp_loss":0,"event_name":"Colosseum","floor":19,"gold_loss":0},{"damage_healed":0,"gold_gain":0,"player_choice":"Ignored","damage_taken":0,"max_hp_gain":0,"max_hp_loss":0,"event_name":"The Mausoleum","floor":20,"gold_loss":0}],"is_beta":true,"boss_relics":[{"not_picked":["Black Star","White Beast Statue"],"picked":"Eternal Feather"}],"items_purged_floors":[3],"is_endless":false,"potions_floor_spawned":[7,10,14,18],"killed_by":"Shell Parasite","ascension_level":20}