{"gold_per_floor":[109,128,128,128,138,138,157,157,157,157,187,187,64,88,88,186,186,202,202,202,252,262,262,296,296,346,56,56,74,99,110,110,186,186,203,62,162,181,197,197,217,3,3,3,19,19,19,19,19,19,19],"floor_reached":52,"playtime":3942,"items_purged":["Strike_G"],"score":1736,"play_id":"8e734cde-7d9f-4616-9b3c-088e8bf0f861","local_time":"20181025194706","is_ascension_mode":true,"campfire_choices":[{"data":"Neutralize","floor":6.0,"key":"SMITH"},{"data":"Tools of the Trade","floor":8.0,"key":"SMITH"},{"data":"Noxious Fumes","floor":15.0,"key":"SMITH"},{"data":"After Image","floor":23,"key":"SMITH"},{"data":"Well Laid Plans","floor":25,"key":"SMITH"},{"data":"Finisher","floor":28,"key":"SMITH"},{"data":"Backstab","floor":32,"key":"SMITH"},{"data":"Footwork","floor":40,"key":"SMITH"},{"data":"Glass Knife","floor":44,"key":"SMITH"},{"data":"Poisoned Stab","floor":46,"key":"SMITH"},{"floor":49,"key":"REST"}],"neow_cost":"TEN_PERCENT_HP_LOSS","seed_source_timestamp":61253211765767,"circlet_count":0,"master_deck":["Survivor","Neutralize+1","AscendersBane","Tools of the Trade+1","Well Laid Plans+1","Backstab+1","Burst+1","Blade Dance+1","Finisher+1","Noxious Fumes+1","Blur+1","Cloak And Dagger+1","After Image+1","Cloak And Dagger+1","Deflect+1","Backflip+1","Escape Plan+1","Deadly Poison+1","Deflect+1","Glass Knife+1","Catalyst+1","Deflect+1","Eviscerate","Poisoned Stab+1","Slice","Concentrate+1","Footwork+1","Infinite Blades","Blur+1","Cloak And Dagger+1","Backflip+1","Acrobatics+1","Backflip+1","After Image+1"],"special_seed":0,"relics":["Ring of the Snake","Toxic Egg 2","Meat on the Bone","War Paint","Question Card","Bloody Idol","Busted Crown","Bronze Scales","Snake Skull","Centennial Puzzle","Red Mask","Pandora\u0027s Box","Ice Cream","Anchor","Bottled Flame"],"potions_floor_usage":[24,51,51],"damage_taken":[{"damage":0.0,"enemies":"Jaw Worm","floor":1.0,"turns":5.0},{"damage":1.0,"enemies":"Cultist","floor":2.0,"turns":4.0},{"damage":0.0,"enemies":"2 Louse","floor":5.0,"turns":3.0},{"damage":3.0,"enemies":"Blue Slaver","floor":7.0,"turns":4.0},{"damage":14.0,"enemies":"Lagavulin","floor":11.0,"turns":9.0},{"damage":0.0,"enemies":"Looter","floor":14.0,"turns":4.0},{"damage":0.0,"enemies":"The Guardian","floor":16.0,"turns":11.0},{"damage":4,"enemies":"3 Byrds","floor":18,"turns":5},{"damage":1,"enemies":"2 Thieves","floor":22,"turns":5},{"damage":9,"enemies":"Slavers","floor":24,"turns":9},{"damage":2,"enemies":"Chosen and Byrds","floor":29,"turns":5},{"damage":15,"enemies":"Masked Bandits","floor":30,"turns":3},{"damage":0,"enemies":"Centurion and Healer","floor":31,"turns":6},{"damage":4,"enemies":"Automaton","floor":33,"turns":11},{"damage":0,"enemies":"Orb Walker","floor":35,"turns":4},{"damage":31,"enemies":"Mind Bloom Boss Battle","floor":37,"turns":5},{"damage":2,"enemies":"3 Shapes","floor":38,"turns":4},{"damage":8,"enemies":"Sphere and 2 Shapes","floor":39,"turns":6},{"damage":0,"enemies":"Jaw Worm Horde","floor":41,"turns":5},{"damage":3,"enemies":"Spire Growth","floor":45,"turns":4},{"damage":2,"enemies":"Awakened One","floor":50,"turns":19},{"damage":7,"enemies":"Donu and Deca","floor":51,"turns":11}],"seed_played":"4705906737425277755","potions_obtained":[{"floor":1.0,"key":"Dexterity Potion"},{"floor":11.0,"key":"GhostInAJar"},{"floor":24,"key":"Energy Potion"},{"floor":29,"key":"Ancient Potion"}],"is_trial":false,"path_per_floor":["M","M","?","?","M","R","M","R","T","?","E","?","$","M","R","B",null,"M","?","?","?","M","R","E","R","T","$","R","M","?","M","R","B",null,"M","$","?","M","M","R","M","$","T","R","M","R","?","?","R","B","B"],"character_chosen":"THE_SILENT","items_purchased":["Noxious Fumes","Blur+1","Centennial Puzzle","Backflip+1","Blur+1","SpeedPotion","Backflip+1","Anchor"],"campfire_rested":1,"item_purchase_floors":[13,13,27,27,36,36,42,42],"current_hp_per_floor":[59,58,40,40,40,40,37,37,37,37,35,14,14,26,26,38,55,51,51,51,56,60,60,56,56,60,60,60,60,50,55,55,56,59,60,60,46,49,46,46,51,51,51,51,53,53,53,53,60,58,51],"gold":19,"neow_bonus":"THREE_RARE_CARDS","is_prod":false,"is_daily":false,"chose_seed":false,"campfire_upgraded":10,"win_rate":0,"timestamp":1540511226,"path_taken":["M","M","?","?","?","R","M","R","T","?","E","?","$","?","R","BOSS","M","?","?","?","M","R","E","R","T","$","R","?","?","M","R","BOSS","M","$","?","M","M","R","M","$","T","R","M","R","?","?","R","BOSS","BOSS"],"build_version":"2018-10-25v2","purchased_purges":1,"victory":true,"max_hp_per_floor":[60,60,60,60,60,60,60,60,60,60,60,60,60,60,60,60,60,60,60,60,60,60,60,60,60,60,60,60,60,60,60,60,60,60,60,60,60,60,60,60,60,60,60,60,60,60,60,60,60,60,60],"card_choices":[{"not_picked":["Burst","Doppelganger"],"picked":"Tools of the Trade","floor":0.0},{"not_picked":["Calculated Gamble","Slice"],"picked":"Well Laid Plans","floor":1.0},{"not_picked":["Slice","Cloak And Dagger"],"picked":"Backstab","floor":2.0},{"not_picked":["Riddle With Holes","Dagger Throw"],"picked":"Blade Dance+1","floor":5.0},{"not_picked":["Acrobatics+1","Riddle With Holes","Outmaneuver+1"],"picked":"SKIP","floor":7.0},{"not_picked":["Quick Slash","Footwork"],"picked":"Finisher","floor":11.0},{"not_picked":["Quick Slash","Deadly Poison+1","Prepared+1"],"picked":"Cloak And Dagger+1","floor":14.0},{"not_picked":["Glass Knife","Phantasmal Killer+1","Grand Finale"],"picked":"After Image","floor":16.0},{"not_picked":["Flying Knee+1"],"picked":"Cloak And Dagger+1","floor":18},{"not_picked":["Outmaneuver+1"],"picked":"Deflect+1","floor":22},{"not_picked":["Prepared+1","Doppelganger+1"],"picked":"SKIP","floor":24},{"not_picked":["Reflex+1"],"picked":"Escape Plan+1","floor":29},{"not_picked":["Blur+1"],"picked":"Deadly Poison+1","floor":30},{"not_picked":["All Out Attack"],"picked":"Deflect+1","floor":31},{"not_picked":["Bullet Time+1"],"picked":"Glass Knife","floor":33},{"not_picked":["Prepared+1","Underhanded Strike"],"picked":"SKIP","floor":35},{"not_picked":["Predator"],"picked":"Cloak And Dagger+1","floor":38},{"not_picked":["Poisoned Stab"],"picked":"Backflip+1","floor":39},{"not_picked":["Terror+1"],"picked":"Acrobatics+1","floor":41},{"not_picked":["All Out Attack","Heel Hook"],"picked":"SKIP","floor":45},{"not_picked":["All Out Attack","Heel Hook"],"picked":"SKIP","floor":45}],"player_experience":722550,"relics_obtained":[{"floor":9.0,"key":"Meat on the Bone"},{"floor":11.0,"key":"Question Card"},{"floor":24,"key":"Bronze Scales"},{"floor":26,"key":"Snake Skull"},{"floor":30,"key":"Red Mask"},{"floor":37,"key":"Ice Cream"},{"floor":43,"key":"Bottled Flame"}],"event_choices":[{"damage_healed":0.0,"max_hp_gain":0.0,"max_hp_loss":0.0,"gold_gain":0.0,"event_name":"Scrap Ooze","player_choice":"Success","floor":3.0,"gold_loss":0.0,"damage_taken":18.0,"relics_obtained":["Toxic Egg 2"]},{"damage_healed":0.0,"max_hp_gain":0.0,"max_hp_loss":0.0,"gold_gain":0.0,"cards_transformed":["Defend_G"],"event_name":"Living Wall","player_choice":"Change","floor":4.0,"gold_loss":0.0,"damage_taken":0.0,"cards_obtained":["Burst"]},{"damage_healed":0.0,"max_hp_gain":0.0,"max_hp_loss":0.0,"gold_gain":0.0,"event_name":"Dead Adventurer","player_choice":"Searched \u00271\u0027 times","floor":10.0,"gold_loss":0.0,"damage_taken":0.0,"relics_obtained":["War Paint"]},{"damage_healed":0.0,"max_hp_gain":0.0,"max_hp_loss":0.0,"gold_gain":0.0,"event_name":"Golden Idol","player_choice":"Take Damage","floor":12.0,"gold_loss":0.0,"damage_taken":21.0,"relics_obtained":["Golden Idol"]},{"damage_healed":0,"gold_gain":0,"player_choice":"Gave Idol","damage_taken":0,"relics_obtained":["Bloody Idol"],"max_hp_gain":0,"max_hp_loss":0,"event_name":"Forgotten Altar","floor":19,"relics_lost":["Golden Idol"],"gold_loss":0},{"damage_healed":0,"gold_gain":0,"player_choice":"Ignored","damage_taken":0,"max_hp_gain":0,"max_hp_loss":0,"event_name":"Vampires","floor":20,"gold_loss":0},{"damage_healed":0,"gold_gain":50,"player_choice":"Stole From Cult","damage_taken":0,"max_hp_gain":0,"max_hp_loss":0,"event_name":"Nest","floor":21,"gold_loss":0},{"damage_healed":0,"gold_gain":0,"player_choice":"Fought Bandits","damage_taken":0,"max_hp_gain":0,"max_hp_loss":0,"event_name":"Masked Bandits","floor":30,"gold_loss":0},{"damage_healed":0,"gold_gain":0,"player_choice":"Fight","damage_taken":0,"max_hp_gain":0,"max_hp_loss":0,"event_name":"MindBloom","floor":37,"gold_loss":0},{"damage_healed":0,"gold_gain":0,"player_choice":"Copied","damage_taken":0,"max_hp_gain":0,"max_hp_loss":0,"event_name":"Duplicator","floor":47,"gold_loss":0,"cards_obtained":["After Image"]},{"damage_healed":0,"gold_gain":0,"player_choice":"Ignored","damage_taken":0,"max_hp_gain":0,"max_hp_loss":0,"event_name":"Mysterious Sphere","floor":48,"gold_loss":0}],"is_beta":true,"boss_relics":[{"not_picked":["WristBlade","Empty Cage"],"picked":"Busted Crown"},{"not_picked":["Cursed Key","Snecko Eye"],"picked":"Pandora\u0027s Box"}],"items_purged_floors":[27],"is_endless":false,"potions_floor_spawned":[1,11,14,24,29,30,35,38],"ascension_level":20}