{"gold_per_floor":[12,12,12,25,40,40,71,71,71,89,89,100,126,41,41,115,115,135,135,153,78,98,98,6,6,6,6,25,25,51,51,51,124,124,136,151,70,85,135,135,169,169,169,0,15,15,44,59,59,59,59],"floor_reached":52,"playtime":4276,"items_purged":["Strike_G"],"score":1901,"play_id":"cb5f40c3-7541-4b24-8692-4dfdcf9d5573","local_time":"20180921235155","is_ascension_mode":true,"campfire_choices":[{"data":"Neutralize","floor":6.0,"key":"SMITH"},{"data":"After Image","floor":8.0,"key":"SMITH"},{"data":"Adrenaline","floor":11.0,"key":"SMITH"},{"data":"A Thousand Cuts","floor":15.0,"key":"SMITH"},{"data":"Wraith Form v2","floor":23.0,"key":"SMITH"},{"data":"Caltrops","floor":25.0,"key":"SMITH"},{"data":"Leg Sweep","floor":27.0,"key":"SMITH"},{"data":"Night Terror","floor":32.0,"key":"SMITH"},{"data":"Wraith Form v2","floor":40.0,"key":"SMITH"},{"data":"Bullet Time","floor":42.0,"key":"SMITH"},{"data":"Malaise","floor":49.0,"key":"SMITH"}],"neow_cost":"NO_GOLD","seed_source_timestamp":358925603696049,"circlet_count":0,"master_deck":["Survivor+1","Neutralize+1","AscendersBane","After Image+1","Dagger Throw+1","Blade Dance+1","Flying Knee+1","Endless Agony+1","Adrenaline+1","Cloak And Dagger+1","Deflect+1","A Thousand Cuts+1","Wraith Form v2+1","Dagger Throw+1","Leg Sweep+1","Outmaneuver+1","Caltrops+1","Dagger Throw+1","Night Terror+1","Bullet Time+1","Backflip+1","Bouncing Flask+1","PiercingWail+1","Predator+1","Blade Dance+1","Reflex+1","Bane+1","Acrobatics+1","Dagger Throw+1","Wraith Form v2+1","Malaise+1","Noxious Fumes+1"],"special_seed":0,"relics":["Ring of the Snake","Meat on the Bone","Pantograph","Anchor","Runic Pyramid","Sundial","Bronze Scales","Pandora\u0027s Box","Bag of Preparation","Bottled Flame","Pen Nib","Mark of the Bloom","Tingsha"],"potions_floor_usage":[50,51],"damage_taken":[{"damage":7.0,"enemies":"Small Slimes","floor":1.0,"turns":5.0},{"damage":3.0,"enemies":"Cultist","floor":4.0,"turns":4.0},{"damage":1.0,"enemies":"2 Louse","floor":5.0,"turns":4.0},{"damage":17.0,"enemies":"3 Sentries","floor":7.0,"turns":11.0},{"damage":0.0,"enemies":"Blue Slaver","floor":10.0,"turns":4.0},{"damage":7.0,"enemies":"Large Slime","floor":12.0,"turns":6.0},{"damage":23.0,"enemies":"Gremlin Nob","floor":13.0,"turns":4.0},{"damage":1.0,"enemies":"Slime Boss","floor":16.0,"turns":7.0},{"damage":2.0,"enemies":"3 Byrds","floor":18.0,"turns":3.0},{"damage":0.0,"enemies":"Chosen","floor":20.0,"turns":6.0},{"damage":0.0,"enemies":"Snake Plant","floor":22.0,"turns":6.0},{"damage":0.0,"enemies":"Shelled Parasite and Fungi","floor":28.0,"turns":5.0},{"damage":13.0,"enemies":"Gremlin Leader","floor":30.0,"turns":7.0},{"damage":27.0,"enemies":"Champ","floor":33.0,"turns":22.0},{"damage":0.0,"enemies":"Orb Walker","floor":35.0,"turns":4.0},{"damage":1.0,"enemies":"3 Darklings","floor":36.0,"turns":5.0},{"damage":9.0,"enemies":"Transient","floor":38.0,"turns":6.0},{"damage":0.0,"enemies":"Giant Head","floor":41.0,"turns":11.0},{"damage":0.0,"enemies":"Spire Growth","floor":45.0,"turns":8.0},{"damage":0.0,"enemies":"Nemesis","floor":47.0,"turns":7.0},{"damage":0.0,"enemies":"Reptomancer","floor":48.0,"turns":2.0},{"damage":29,"enemies":"Time Eater","floor":50,"turns":15},{"damage":3,"enemies":"Donu and Deca","floor":51,"turns":9}],"seed_played":"7938399899329116658","potions_obtained":[{"floor":1.0,"key":"PowerPotion"},{"floor":5.0,"key":"GamblersBrew"},{"floor":12.0,"key":"Explosive Potion"},{"floor":18.0,"key":"GhostInAJar"},{"floor":28.0,"key":"Fire Potion"},{"floor":35.0,"key":"Strength Potion"}],"is_trial":false,"path_per_floor":["M","?","?","M","M","R","E","R","T","M","R","M","E","$","R","B",null,"M","?","M","$","M","R","$","R","T","R","M","?","E","$","R","B",null,"M","M","$","M","?","R","E","R","T","$","M","?","E","M","R","B","B"],"character_chosen":"THE_SILENT","items_purchased":["A Thousand Cuts","Caltrops","Wraith Form v2","Pen Nib"],"campfire_rested":0,"item_purchase_floors":[14,24,37,44],"current_hp_per_floor":[52,43,43,40,39,39,22,22,22,34,34,39,28,28,28,52,63,61,61,61,61,61,61,61,61,61,61,61,61,48,48,48,39,59,59,58,58,49,43,43,43,43,43,43,43,43,43,43,43,14,11],"gold":59,"neow_bonus":"THREE_RARE_CARDS","is_prod":false,"is_daily":false,"chose_seed":false,"campfire_upgraded":11,"win_rate":0,"timestamp":1537588315,"path_taken":["M","?","?","M","M","R","E","R","T","?","R","M","E","$","R","BOSS","M","?","?","$","M","R","$","R","T","R","M","?","E","?","R","BOSS","M","?","$","M","?","R","E","R","T","$","M","?","E","M","R","BOSS","BOSS"],"build_version":"2018-09-20","purchased_purges":1,"victory":true,"max_hp_per_floor":[66,66,66,66,66,66,66,66,66,66,66,66,66,66,66,66,66,66,66,66,66,66,66,66,66,66,66,66,66,66,66,66,66,66,66,66,66,66,66,66,66,66,66,66,66,66,66,66,66,66,66],"card_choices":[{"not_picked":["Storm of Steel","Corpse Explosion"],"picked":"After Image","floor":0.0},{"not_picked":["Concentrate","Underhanded Strike"],"picked":"Dagger Throw","floor":1.0},{"not_picked":["Underhanded Strike","Outmaneuver"],"picked":"Blade Dance","floor":4.0},{"not_picked":["Reflex","Underhanded Strike"],"picked":"Flying Knee","floor":5.0},{"not_picked":["Accuracy","Masterful Stab"],"picked":"Endless Agony","floor":7.0},{"not_picked":["Acrobatics","Cloak And Dagger"],"picked":"Adrenaline","floor":10.0},{"not_picked":["Underhanded Strike","Flying Knee"],"picked":"Cloak And Dagger","floor":12.0},{"not_picked":["Acrobatics","Tactician"],"picked":"Deflect","floor":13.0},{"not_picked":["A Thousand Cuts","Grand Finale"],"picked":"Wraith Form v2","floor":16.0},{"not_picked":["Poisoned Stab","Reflex"],"picked":"Dagger Throw","floor":18.0},{"not_picked":["Underhanded Strike","Blade Dance"],"picked":"Outmaneuver+1","floor":20.0},{"not_picked":["Quick Slash+1","Poisoned Stab","Dagger Throw"],"picked":"SKIP","floor":22.0},{"not_picked":["Dagger Spray+1","Dodge and Roll"],"picked":"Dagger Throw","floor":28.0},{"not_picked":["All Out Attack","Outmaneuver"],"picked":"Night Terror","floor":30.0},{"not_picked":["Unload","Storm of Steel"],"picked":"Bullet Time","floor":33.0},{"not_picked":["Well Laid Plans","Sucker Punch","Underhanded Strike"],"picked":"SKIP","floor":35.0},{"not_picked":["Terror","Acrobatics","Blade Dance+1"],"picked":"SKIP","floor":36.0},{"not_picked":["Sucker Punch","Dash","Eviscerate"],"picked":"SKIP","floor":38.0},{"not_picked":["Flechettes","Dodge and Roll","Dagger Throw"],"picked":"SKIP","floor":41.0},{"not_picked":["Riddle With Holes+1","Quick Slash","Poisoned Stab"],"picked":"SKIP","floor":45.0},{"not_picked":["Deadly Poison","Deflect"],"picked":"Malaise","floor":47.0},{"not_picked":["Heel Hook","Deadly Poison"],"picked":"Noxious Fumes+1","floor":48.0}],"player_experience":592170,"relics_obtained":[{"floor":7.0,"key":"Meat on the Bone"},{"floor":9.0,"key":"Pantograph"},{"floor":13.0,"key":"Anchor"},{"floor":26.0,"key":"Sundial"},{"floor":30.0,"key":"Bronze Scales"},{"floor":41.0,"key":"Bag of Preparation"},{"floor":43.0,"key":"Bottled Flame"},{"floor":47.0,"key":"Tingsha"}],"event_choices":[{"event_name":"Wheel of Change","player_choice":"Damage","floor":2.0,"damage_taken":0.0},{"event_name":"The Cleric","player_choice":"Leave","floor":3.0,"damage_taken":0.0},{"event_name":"The Library","player_choice":"Read","floor":19.0,"damage_taken":0.0},{"event_name":"The Mausoleum","player_choice":"No","floor":29.0,"damage_taken":0.0},{"event_name":"FaceTrader","player_choice":"Touch","floor":39.0,"damage_taken":0.0},{"event_name":"MindBloom","player_choice":"Upgrade","floor":46.0,"damage_taken":0.0}],"is_beta":true,"boss_relics":[{"not_picked":["Ring of the Serpent","White Beast Statue"],"picked":"Runic Pyramid"},{"not_picked":["WristBlade","Calling Bell"],"picked":"Pandora\u0027s Box"}],"items_purged_floors":[21],"is_endless":false,"potions_floor_spawned":[1,5,12,13,18,28,35,38,45,47],"ascension_level":20}