{"gold_per_floor":[12,12,12,32,32,32,51,120,147,173,185,232,244,271,283,366,378,408,129,143,143,57,57,107,107,133,153,171,182,182,202,202,277,277,292,303,303,317,3,3,34,34],"floor_reached":42,"playtime":2071,"items_purged":[],"score":881,"play_id":"7450a3e1-bb8d-4099-9717-d72e9a9040fd","local_time":"20181002003431","is_ascension_mode":true,"campfire_choices":[{"data":"Malaise","floor":6.0,"key":"SMITH"},{"data":"Footwork","floor":11.0,"key":"SMITH"},{"floor":13.0,"key":"REST"},{"floor":15.0,"key":"REST"},{"floor":23.0,"key":"REST"},{"data":"Envenom","floor":25.0,"key":"SMITH"},{"floor":30.0,"key":"REST"},{"floor":32.0,"key":"REST"},{"floor":40.0,"key":"REST"}],"neow_cost":"NO_GOLD","seed_source_timestamp":503634600863475,"circlet_count":0,"master_deck":["Survivor","Neutralize","AscendersBane","Malaise+1","Footwork+1","Backstab","All Out Attack","Footwork+1","Cloak And Dagger","Dagger Spray","Envenom+1","Dodge and Roll","Skewer","Endless Agony","Deadly Poison","Flying Knee","Slice","Bane","Outmaneuver","Dagger Spray","Underhanded Strike","Cloak And Dagger","Backflip","Malaise+1","Backflip","Burst","Backflip+1","Acrobatics+1","PiercingWail","Backstab","PiercingWail","Backflip"],"special_seed":0,"relics":["Ring of the Snake","MawBank","Strawberry","Pandora\u0027s Box","DollysMirror","Snake Skull","Sozu","PreservedInsect","Regal Pillow"],"potions_floor_usage":[],"damage_taken":[{"damage":0.0,"enemies":"Cultist","floor":1.0,"turns":4.0},{"damage":5.0,"enemies":"Small Slimes","floor":4.0,"turns":5.0},{"damage":0.0,"enemies":"Jaw Worm","floor":7.0,"turns":6.0},{"damage":0.0,"enemies":"2 Fungi Beasts","floor":10.0,"turns":5.0},{"damage":37.0,"enemies":"Gremlin Nob","floor":12.0,"turns":6.0},{"damage":1.0,"enemies":"3 Louse","floor":14.0,"turns":3.0},{"damage":55.0,"enemies":"Hexaghost","floor":16.0,"turns":15.0},{"damage":30.0,"enemies":"2 Thieves","floor":18.0,"turns":4.0},{"damage":9.0,"enemies":"Shell Parasite","floor":20.0,"turns":8.0},{"damage":19.0,"enemies":"Chosen and Byrds","floor":27.0,"turns":6.0},{"damage":13.0,"enemies":"Snake Plant","floor":28.0,"turns":4.0},{"damage":7.0,"enemies":"Sentry and Sphere","floor":29.0,"turns":8.0},{"damage":13.0,"enemies":"Centurion and Healer","floor":31.0,"turns":3.0},{"damage":38.0,"enemies":"Champ","floor":33.0,"turns":12.0},{"damage":2.0,"enemies":"Orb Walker","floor":35.0,"turns":3.0},{"damage":9.0,"enemies":"3 Shapes","floor":36.0,"turns":8.0},{"damage":35.0,"enemies":"Spire Growth","floor":38.0,"turns":8.0},{"damage":31.0,"enemies":"Giant Head","floor":41.0,"turns":8.0},{"damage":14,"enemies":"Transient","floor":42,"turns":3}],"seed_played":"7449146928760690783","potions_obtained":[{"floor":2.0,"key":"SneckoOil"},{"floor":2.0,"key":"Fruit Juice"},{"floor":4.0,"key":"Poison Potion"},{"floor":7.0,"key":"Poison Potion"},{"floor":16.0,"key":"GamblersBrew"},{"floor":18.0,"key":"Swift Potion"},{"floor":28.0,"key":"Strength Potion"},{"floor":31.0,"key":"Fire Potion"}],"is_trial":false,"path_per_floor":["M","?","?","M","$","R","M","?","T","M","R","E","R","M","R","B",null,"M","$","M","?","$","R","?","R","T","M","M","M","R","M","R","B",null,"M","M","?","M","$","R","E"],"character_chosen":"THE_SILENT","items_purchased":["Backflip","DollysMirror","GhostInAJar","PreservedInsect","Backstab","PiercingWail"],"campfire_rested":6,"item_purchase_floors":[19,19,22,39,39,39],"current_hp_per_floor":[59,64,69,64,64,64,64,64,64,64,64,34,58,57,81,26,69,39,39,30,30,30,54,54,54,54,35,22,15,39,26,50,12,65,63,54,54,19,19,43,12,0],"gold":34,"neow_bonus":"THREE_RARE_CARDS","is_prod":false,"is_daily":false,"chose_seed":false,"campfire_upgraded":3,"win_rate":0,"timestamp":1538454871,"path_taken":["M","?","?","M","$","R","M","?","T","M","R","E","R","M","R","BOSS","M","$","M","?","$","R","?","R","T","M","?","M","R","M","R","BOSS","M","M","?","?","$","R","E","M"],"build_version":"2018-09-27","purchased_purges":0,"victory":false,"max_hp_per_floor":[66,71,76,76,76,76,76,76,76,76,76,83,83,83,83,83,83,83,83,83,83,83,83,83,83,83,83,83,83,83,83,83,83,83,83,83,83,83,83,83,83,83],"card_choices":[{"not_picked":["Wraith Form v2","Envenom"],"picked":"Malaise","floor":0.0},{"not_picked":["Flying Knee","Tactician"],"picked":"Footwork","floor":1.0},{"not_picked":["Expertise","Bane"],"picked":"Backstab","floor":4.0},{"not_picked":["Underhanded Strike","Concentrate"],"picked":"All Out Attack","floor":7.0},{"not_picked":["Sucker Punch","All Out Attack"],"picked":"Footwork","floor":10.0},{"not_picked":["Burst","PiercingWail"],"picked":"Cloak And Dagger","floor":12.0},{"not_picked":["Underhanded Strike","Bane"],"picked":"Dagger Spray","floor":14.0},{"not_picked":["Night Terror","Unload"],"picked":"Envenom","floor":16.0},{"not_picked":["Poisoned Stab","Terror"],"picked":"Cloak And Dagger","floor":18.0},{"not_picked":["Backstab","Acrobatics"],"picked":"Backflip","floor":20.0},{"not_picked":["Dagger Throw+1","Concentrate","Setup"],"picked":"SKIP","floor":27.0},{"not_picked":["Sucker Punch","Blade Dance","Burst"],"picked":"SKIP","floor":28.0},{"not_picked":["Quick Slash+1","Dagger Throw","Heel Hook"],"picked":"SKIP","floor":29.0},{"not_picked":["Underhanded Strike","Heel Hook","Masterful Stab"],"picked":"SKIP","floor":31.0},{"not_picked":["Tools of the Trade","Venomology"],"picked":"Burst","floor":33.0},{"not_picked":["Catalyst","Deflect"],"picked":"Backflip+1","floor":35.0},{"not_picked":["Quick Slash","Accuracy"],"picked":"Acrobatics+1","floor":36.0},{"not_picked":["Blade Dance+1","Prepared+1"],"picked":"PiercingWail","floor":38.0},{"not_picked":["All Out Attack","Reflex"],"picked":"Backflip","floor":41.0}],"player_experience":647229,"relics_obtained":[{"floor":9.0,"key":"MawBank"},{"floor":12.0,"key":"Strawberry"},{"floor":26.0,"key":"Snake Skull"},{"floor":41.0,"key":"Regal Pillow"}],"event_choices":[{"event_name":"The Lab","player_choice":"Got Potions","floor":2.0,"damage_taken":0.0},{"event_name":"Big Fish","player_choice":"Donut","floor":3.0,"damage_taken":0.0},{"event_name":"Golden Wing","player_choice":"Gained Gold","floor":8.0,"damage_taken":0.0},{"event_name":"Vampires","player_choice":"Ignored","floor":21.0,"damage_taken":0.0},{"event_name":"Golden Shrine","player_choice":"Pray","floor":24.0,"damage_taken":0.0},{"event_name":"Upgrade Shrine","player_choice":"Upgraded","floor":37.0,"damage_taken":0.0}],"is_beta":true,"boss_relics":[{"not_picked":["Ectoplasm","Empty Cage"],"picked":"Pandora\u0027s Box"},{"not_picked":["Runic Dome","Black Star"],"picked":"Sozu"}],"items_purged_floors":[],"is_endless":false,"potions_floor_spawned":[4,7,10,16,18,28,31,38],"killed_by":"Transient","ascension_level":20}