{"gold_per_floor":[111,128,303,40,40,75,75,75,75,85,85,115,128,144,144,247,247,262,280,35,45,45,45,45,45,93,105,123,55,55],"floor_reached":30,"playtime":1895,"items_purged":["Doubt","Strike_B"],"score":317,"play_id":"f1f86115-8560-4e80-bdd6-bed182474825","local_time":"20181218210010","is_ascension_mode":false,"campfire_choices":[{"data":"Apotheosis","floor":7,"key":"SMITH"},{"floor":15,"key":"REST"},{"floor":23,"key":"REST"},{"floor":25,"key":"REST"}],"neow_cost":"NONE","seed_source_timestamp":530005125403054,"circlet_count":0,"master_deck":["Strike_B","Strike_B","Strike_B","Defend_B","Defend_B","Defend_B","Zap","Dualcast","Barrage","Conserve Battery","Apotheosis+1","Redo","Barrage+1","Barrage+1","Sunder+1","Skim","Echo Form","Reprogram","Streamline+1","Skim","Reprogram+1","Streamline+1","Blizzard+1","Blizzard+1"],"relics":["Cracked Core","NeowsBlessing","Molten Egg 2","Unceasing Top","Matryoshka","Lantern","Orrery","Happy Flower","Pen Nib","PreservedInsect"],"potions_floor_usage":[13,16,18,19,28,30],"damage_taken":[{"damage":0,"enemies":"2 Louse","floor":1,"turns":1},{"damage":0,"enemies":"Jaw Worm","floor":2,"turns":1},{"damage":0,"enemies":"Lagavulin","floor":6,"turns":2},{"damage":0,"enemies":"Cultist","floor":10,"turns":3},{"damage":4,"enemies":"Red Slaver","floor":11,"turns":4},{"damage":31,"enemies":"3 Sentries","floor":12,"turns":7},{"damage":0,"enemies":"Large Slime","floor":13,"turns":4},{"damage":0,"enemies":"Exordium Wildlife","floor":14,"turns":3},{"damage":0,"enemies":"Slime Boss","floor":16,"turns":7},{"damage":0,"enemies":"Spheric Guardian","floor":18,"turns":3},{"damage":23,"enemies":"3 Byrds","floor":19,"turns":5},{"damage":44,"enemies":"Shelled Parasite and Fungi","floor":21,"turns":5},{"damage":29,"enemies":"Chosen and Byrds","floor":27,"turns":5},{"damage":17,"enemies":"Centurion and Healer","floor":28,"turns":3},{"damage":15,"enemies":"Shelled Parasite and Fungi","floor":30,"turns":2}],"seed_played":"4927710951616491417","potions_obtained":[{"floor":2,"key":"Energy Potion"},{"floor":12,"key":"EssenceOfSteel"},{"floor":13,"key":"Fruit Juice"},{"floor":14,"key":"Block Potion"},{"floor":18,"key":"SteroidPotion"},{"floor":28,"key":"Swift Potion"}],"is_trial":false,"path_per_floor":["M","M","?","$","?","E","R","?","T","M","M","E","M","M","R","B",null,"M","M","$","M","?","R","$","R","T","M","M","$","M"],"character_chosen":"DEFECT","items_purchased":["Apotheosis","Happy Flower","Blizzard+1"],"campfire_rested":3,"item_purchase_floors":[4,20,29],"current_hp_per_floor":[75,75,75,75,75,75,75,57,57,57,53,22,27,27,51,51,80,80,57,57,13,13,37,37,61,61,32,15,15,0],"gold":55,"neow_bonus":"THREE_ENEMY_KILL","is_prod":false,"is_daily":false,"chose_seed":false,"campfire_upgraded":1,"win_rate":0,"timestamp":1545181210,"path_taken":["M","M","?","$","?","E","R","?","T","M","?","E","M","M","R","BOSS","M","?","?","M","?","R","?","R","T","M","M","$","?"],"build_version":"2018-12-13","purchased_purges":2,"victory":false,"max_hp_per_floor":[75,75,75,75,75,75,75,75,75,75,75,75,80,80,80,80,80,80,80,80,80,80,80,80,80,80,80,80,80,80],"card_choices":[{"not_picked":["Streamline","Scrape"],"picked":"Barrage","floor":1},{"not_picked":["Turbo","Chaos"],"picked":"Conserve Battery","floor":2},{"not_picked":["Storm","Compile Driver"],"picked":"Redo","floor":6},{"not_picked":["Reinforced Body","Cold Snap+1"],"picked":"Barrage+1","floor":10},{"not_picked":["Chaos","Hyperbeam+1"],"picked":"Barrage+1","floor":11},{"not_picked":["Redo","Recycle"],"picked":"Sunder+1","floor":12},{"not_picked":["Compile Driver+1","Steam","FTL+1"],"picked":"SKIP","floor":13},{"not_picked":["Rebound+1","Sweeping Beam+1"],"picked":"Skim","floor":14},{"not_picked":["Hyperbeam+1","Buffer"],"picked":"Echo Form","floor":16},{"not_picked":["Leap","Heatsinks"],"picked":"Reprogram","floor":17},{"not_picked":["Conserve Battery","Compile Driver+1"],"picked":"Streamline+1","floor":17},{"not_picked":["Beam Cell+1","Rebound+1"],"picked":"Skim","floor":17},{"not_picked":["Barrage+1","Ball Lightning+1"],"picked":"Reprogram+1","floor":18},{"not_picked":["Go for the Eyes+1","Aggregate","Beam Cell+1"],"picked":"SKIP","floor":19},{"not_picked":["BootSequence","Leap","Loop"],"picked":"SKIP","floor":21},{"not_picked":["Storm","Steam+1"],"picked":"Streamline+1","floor":27},{"not_picked":["Seek","Coolheaded"],"picked":"Blizzard+1","floor":28}],"player_experience":130703,"relics_obtained":[{"floor":6,"key":"Molten Egg 2"},{"floor":9,"key":"Matryoshka"},{"floor":12,"key":"Lantern"},{"floor":26,"key":"Pen Nib"},{"floor":26,"key":"PreservedInsect"}],"event_choices":[{"damage_healed":0,"gold_gain":175,"player_choice":"AGREE","damage_taken":0,"max_hp_gain":0,"max_hp_loss":0,"event_name":"Liars Game","floor":3,"gold_loss":0,"cards_obtained":["Doubt"]},{"damage_healed":0,"gold_gain":0,"player_choice":"Leave","damage_taken":0,"max_hp_gain":0,"max_hp_loss":0,"event_name":"The Cleric","floor":5,"gold_loss":0},{"damage_healed":0,"gold_gain":0,"player_choice":"Success","damage_taken":18,"relics_obtained":["Unceasing Top"],"max_hp_gain":0,"max_hp_loss":0,"event_name":"Scrap Ooze","floor":8,"gold_loss":0},{"cards_removed":["Defend_B"],"damage_healed":0,"gold_gain":0,"player_choice":"Elegance","damage_taken":0,"max_hp_gain":0,"max_hp_loss":0,"event_name":"Back to Basics","floor":22,"gold_loss":0}],"is_beta":false,"boss_relics":[{"not_picked":["Nuclear Battery","Eternal Feather"],"picked":"Orrery"}],"items_purged_floors":[4,20],"is_endless":false,"potions_floor_spawned":[2,12,13,14,18,28],"killed_by":"Shelled Parasite and Fungi","ascension_level":0}