{"gold_per_floor":[112,127,137,150,300,300,18,43,66,66,66,10,10,33,33,124,124,142,165,165,23,23,23,43,43,98,118,137,137,153,167,167,258,258,272,287,267,280,7,7,40,40,116,139,157,193,193,218,218,218],"floor_reached":51,"playtime":3070,"items_purged":["Doubt"],"score":1232,"play_id":"bb9ac367-3777-4453-b4fc-a0655a569e22","local_time":"20180807000042","is_ascension_mode":true,"campfire_choices":[{"data":"Crippling Poison","floor":6.0,"key":"SMITH"},{"data":"Neutralize","floor":10.0,"key":"SMITH"},{"data":"Well Laid Plans","floor":13.0,"key":"SMITH"},{"data":"Dodge and Roll","floor":15.0,"key":"SMITH"},{"data":"Blade Dance","floor":23.0,"key":"SMITH"},{"data":"Sucker Punch","floor":25.0,"key":"SMITH"},{"data":"Infinite Blades","floor":32.0,"key":"SMITH"},{"data":"Cloak And Dagger","floor":40.0,"key":"SMITH"},{"data":"Cloak And Dagger","floor":42.0,"key":"SMITH"},{"data":"Cloak And Dagger","floor":47.0,"key":"SMITH"},{"data":"Leg Sweep","floor":49,"key":"SMITH"}],"neow_cost":"NONE","seed_source_timestamp":160666341061527,"circlet_count":0,"master_deck":["Defend_G","Defend_G","Defend_G","Defend_G","Defend_G","Survivor","Neutralize+1","AscendersBane","Well Laid Plans+1","Dagger Spray","Endless Agony","Crippling Poison+1","Backstab","Dodge and Roll+1","Backstab","Heel Hook","Blade Dance+1","Bite","Bite","Bite","Bite","Bite","Infinite Blades+1","Deflect","Sucker Punch+1","Dodge and Roll","Finisher","A Thousand Cuts","Cloak And Dagger+1","PiercingWail+1","Cloak And Dagger+1","Leg Sweep+1","Cloak And Dagger+1","Blade Dance+1","Footwork+1"],"special_seed":0,"relics":["Ring of the Serpent","Shuriken","Pen Nib","Potion Belt","Golden Idol","Art of War","Dream Catcher","Coffee Dripper","Oddly Smooth Stone","Juzu Bracelet","Kunai","Mercury Hourglass"],"potions_floor_usage":[50],"damage_taken":[{"damage":0.0,"enemies":"Jaw Worm","floor":1.0,"turns":6.0},{"damage":0.0,"enemies":"2 Louse","floor":2.0,"turns":2.0},{"damage":0.0,"enemies":"Small Slimes","floor":3.0,"turns":3.0},{"damage":2.0,"enemies":"2 Fungi Beasts","floor":4.0,"turns":4.0},{"damage":11.0,"enemies":"Gremlin Nob","floor":8.0,"turns":4.0},{"damage":0.0,"enemies":"Lots of Slimes","floor":14.0,"turns":3.0},{"damage":2.0,"enemies":"Hexaghost","floor":16.0,"turns":9.0},{"damage":0.0,"enemies":"Chosen","floor":18.0,"turns":5.0},{"damage":5.0,"enemies":"Shell Parasite","floor":19.0,"turns":4.0},{"damage":9.0,"enemies":"Centurion and Healer","floor":24.0,"turns":6.0},{"damage":15.0,"enemies":"Slaver and Parasite","floor":27.0,"turns":8.0},{"damage":3.0,"enemies":"Chosen and Byrds","floor":28.0,"turns":4.0},{"damage":2.0,"enemies":"3 Cultists","floor":30.0,"turns":4.0},{"damage":0.0,"enemies":"Cultist and Chosen","floor":31.0,"turns":4.0},{"damage":24.0,"enemies":"Champ","floor":33.0,"turns":9.0},{"damage":11.0,"enemies":"Flame Bruiser 1 Orb","floor":35.0,"turns":7.0},{"damage":11.0,"enemies":"3 Shapes","floor":36.0,"turns":7.0},{"damage":23.0,"enemies":"Sphere and 2 Shapes","floor":38.0,"turns":7.0},{"damage":22.0,"enemies":"Nemesis","floor":41.0,"turns":5.0},{"damage":0.0,"enemies":"4 Shapes","floor":44.0,"turns":1.0},{"damage":0.0,"enemies":"Maw","floor":45.0,"turns":7.0},{"damage":23.0,"enemies":"2 Orb Walkers","floor":46.0,"turns":4.0},{"damage":4,"enemies":"Transient","floor":48,"turns":5},{"damage":25,"enemies":"Donu and Deca","floor":50,"turns":9}],"seed_played":"-3309860107360630196","potions_obtained":[{"floor":3.0,"key":"SkillPotion"},{"floor":4.0,"key":"SkillPotion"},{"floor":14.0,"key":"Swift Potion"},{"floor":16.0,"key":"GhostInAJar"},{"floor":19.0,"key":"Ancient Potion"},{"floor":24.0,"key":"LiquidBronze"},{"floor":27.0,"key":"Swift Potion"},{"floor":30.0,"key":"AttackPotion"},{"floor":35.0,"key":"FearPotion"},{"floor":37.0,"key":"Ancient Potion"},{"floor":38.0,"key":"AttackPotion"},{"floor":41.0,"key":"SkillPotion"},{"floor":46.0,"key":"SteroidPotion"}],"is_trial":false,"path_per_floor":["M","M","M","M","?","R","$","E","T","R","?","?","R","M","R","B",null,"M","M","?","$","?","R","M","R","T","M","M","?","M","M","R","B",null,"M","M","?","M","$","R","E","R","T","M","M","E","R","M","R","B"],"character_chosen":"THE_SILENT","items_purchased":["Shuriken","Dodge and Roll","Infinite Blades","Oddly Smooth Stone","Regen Potion","AttackPotion"],"campfire_rested":0,"item_purchase_floors":[7,7,21,39,39,39],"current_hp_per_floor":[59,59,59,57,57,57,57,46,46,46,23,23,23,23,23,21,55,55,50,46,46,46,46,46,46,46,46,45,45,46,46,46,42,45,46,45,45,35,35,35,37,37,37,39,46,25,25,29,29,18],"gold":218,"neow_bonus":"TRANSFORM_CARD","is_prod":false,"is_daily":false,"chose_seed":false,"campfire_upgraded":11,"win_rate":0,"timestamp":1533614442,"path_taken":["M","M","M","M","?","R","$","E","T","R","?","?","R","M","R","BOSS","M","M","?","$","?","R","M","R","T","?","M","?","M","M","R","BOSS","M","M","?","M","$","R","E","R","T","M","M","E","R","M","R","BOSS"],"build_version":"2018-08-02","purchased_purges":1,"victory":true,"max_hp_per_floor":[66,66,66,66,66,66,66,66,66,66,66,66,66,66,66,66,66,66,66,46,46,46,46,46,46,46,46,46,46,46,46,46,46,46,46,46,46,46,46,46,46,46,46,46,46,46,46,46,46,46],"card_choices":[{"not_picked":["Bane","Dodge and Roll"],"picked":"Dagger Spray","floor":1.0},{"not_picked":["Distraction","Acrobatics"],"picked":"Endless Agony","floor":2.0},{"not_picked":["Backflip","Slice"],"picked":"Crippling Poison","floor":3.0},{"not_picked":["Flechettes","Slice"],"picked":"Backstab","floor":4.0},{"not_picked":["A Thousand Cuts","Well Laid Plans"],"picked":"Backstab","floor":8.0},{"not_picked":["Deflect","Dagger Throw"],"picked":"Heel Hook","floor":14.0},{"not_picked":["Underhanded Strike","Acrobatics","Masterful Stab"],"picked":"SKIP","floor":18.0},{"not_picked":["Bouncing Flask+1","Acrobatics"],"picked":"Blade Dance","floor":19.0},{"not_picked":["Outmaneuver","Night Terror"],"picked":"Sucker Punch","floor":24.0},{"not_picked":["Sucker Punch","Quick Slash","Bane"],"picked":"SKIP","floor":27.0},{"not_picked":["Sucker Punch","Quick Slash","Bane"],"picked":"SKIP","floor":27.0},{"not_picked":["Bane","Prepared"],"picked":"Dodge and Roll","floor":28.0},{"not_picked":["Prepared","Caltrops"],"picked":"Finisher","floor":30.0},{"not_picked":["Terror","Tactician","Unload"],"picked":"SKIP","floor":31.0},{"not_picked":["Grand Finale","Corpse Explosion"],"picked":"A Thousand Cuts","floor":33.0},{"not_picked":["Acrobatics","All Out Attack"],"picked":"Cloak And Dagger","floor":35.0},{"not_picked":["Sucker Punch","Night Terror"],"picked":"PiercingWail+1","floor":36.0},{"not_picked":["Prepared","Dash+1"],"picked":"Cloak And Dagger","floor":38.0},{"not_picked":["Bane","Catalyst"],"picked":"Leg Sweep","floor":41.0},{"not_picked":["Bane+1","Dagger Spray"],"picked":"Cloak And Dagger","floor":44.0},{"not_picked":["Underhanded Strike+1","Masterful Stab"],"picked":"Blade Dance+1","floor":45.0},{"not_picked":["Burst","All Out Attack","Blade Dance"],"picked":"SKIP","floor":46.0},{"not_picked":["Flechettes","Catalyst"],"picked":"Footwork+1","floor":48}],"player_experience":474351,"relics_obtained":[{"floor":8.0,"key":"Pen Nib"},{"floor":9.0,"key":"Potion Belt"},{"floor":26.0,"key":"Dream Catcher"},{"floor":41.0,"key":"Juzu Bracelet"},{"floor":43.0,"key":"Kunai"},{"floor":46.0,"key":"Mercury Hourglass"}],"event_choices":[{"event_name":"Liars Game","player_choice":"agreed","floor":5.0,"damage_taken":0.0},{"event_name":"Golden Idol","player_choice":"Take Damage","floor":11.0,"damage_taken":0.0},{"event_name":"WeMeetAgain","player_choice":"Gold","floor":12.0,"damage_taken":0.0},{"event_name":"Vampires","player_choice":"Became a vampire","floor":20.0,"damage_taken":0.0},{"event_name":"The Library","player_choice":"Read","floor":22.0,"damage_taken":0.0},{"event_name":"The Mausoleum","player_choice":"No","floor":29.0,"damage_taken":0.0},{"event_name":"The Woman in Blue","player_choice":"Bought 1 Potion","floor":37.0,"damage_taken":0.0}],"is_beta":false,"boss_relics":[{"not_picked":["WristBlade","Black Star"],"picked":"Ring of the Serpent"},{"not_picked":["Velvet Choker","Orrery"],"picked":"Coffee Dripper"}],"items_purged_floors":[21],"is_endless":false,"potions_floor_spawned":[3,4,14,16,19,24,27,30,35,38,41,46],"ascension_level":15}