{"gold_per_floor":[111,36,36,36,52,52,77,133,217,231,53,63,93,105,105,205,205,217,47,47,147,161,161,161,161,161,161,196,121,321,63,63,168,168,183,199,199,176,187,187,41,41,41,53,72,97,97,115,115,115],"floor_reached":50,"playtime":3338,"items_purged":["Defend_R","Defend_R","Defend_R"],"score":573,"play_id":"ff962eec-d988-4a99-97ec-56df06edc478","local_time":"20190312175612","is_ascension_mode":true,"campfire_choices":[{"data":"Clothesline","floor":6,"key":"SMITH"},{"data":"Flame Barrier","floor":15,"key":"SMITH"},{"data":"Flex","floor":23,"key":"SMITH"},{"data":"Demon Form","floor":25,"key":"SMITH"},{"data":"Whirlwind","floor":27,"key":"SMITH"},{"floor":32,"key":"REST"},{"data":"Demon Form","floor":40,"key":"SMITH"},{"data":"Double Tap","floor":42,"key":"SMITH"},{"floor":49,"key":"REST"}],"neow_cost":"NONE","seed_source_timestamp":794110224756090,"circlet_count":0,"master_deck":["Strike_R","Strike_R","Strike_R","Defend_R","Bash+1","Flex+1","Clothesline+1","Headbutt","Flex+1","Armaments","Flex+1","Impervious","Flame Barrier+1","Demon Form+1","Whirlwind","Shrug It Off","Whirlwind+1","Dual Wield","Hemokinesis","Brutality","Shrug It Off","Demon Form+1","Armaments","Double Tap+1","Blind"],"relics":["Burning Blood","NeowsBlessing","Matryoshka","Blood Vial","Tiny Chest","Vajra","War Paint","Cursed Key","Sundial","Bottled Flame","Bag of Preparation","ClockworkSouvenir","Busted Crown","Bottled Tornado"],"potions_floor_usage":[13,16,16,46,50,50],"damage_taken":[{"damage":0,"enemies":"2 Louse","floor":1,"turns":1},{"damage":0,"enemies":"Cultist","floor":5,"turns":1},{"damage":0,"enemies":"Gremlin Nob","floor":7,"turns":1},{"damage":27,"enemies":"Gremlin Nob","floor":8,"turns":4},{"damage":12,"enemies":"Small Slimes","floor":10,"turns":3},{"damage":3,"enemies":"Looter","floor":12,"turns":2},{"damage":21,"enemies":"Lagavulin","floor":13,"turns":5},{"damage":0,"enemies":"3 Louse","floor":14,"turns":2},{"damage":58,"enemies":"Slime Boss","floor":16,"turns":12},{"damage":6,"enemies":"3 Byrds","floor":18,"turns":3},{"damage":11,"enemies":"Spheric Guardian","floor":22,"turns":3},{"damage":23,"enemies":"Gremlin Leader","floor":28,"turns":3},{"damage":41,"enemies":"Collector","floor":33,"turns":7},{"damage":11,"enemies":"Orb Walker","floor":35,"turns":2},{"damage":0,"enemies":"3 Shapes","floor":36,"turns":1},{"damage":6,"enemies":"Transient","floor":39,"turns":5},{"damage":23,"enemies":"4 Shapes","floor":44,"turns":2},{"damage":9,"enemies":"Maw","floor":45,"turns":4},{"damage":57,"enemies":"Giant Head","floor":46,"turns":7},{"damage":0,"enemies":"Jaw Worm Horde","floor":48,"turns":1},{"damage":49,"enemies":"Awakened One","floor":50,"turns":6}],"seed_played":"7409616406601241582","potions_obtained":[{"floor":8,"key":"BloodPotion"},{"floor":10,"key":"FearPotion"},{"floor":14,"key":"Weak Potion"},{"floor":22,"key":"SpeedPotion"},{"floor":36,"key":"PowerPotion"},{"floor":39,"key":"Dexterity Potion"},{"floor":45,"key":"Fire Potion"}],"is_trial":false,"path_per_floor":["M","$","?","?","M","R","E","?","T","M","$","M","E","M","R","B",null,"M","$","?","?","M","R","?","R","T","R","E","?","?","$","R","B",null,"M","M","?","$","M","R","$","R","T","M","M","E","?","M","R","B"],"character_chosen":"IRONCLAD","items_purchased":["Armaments","Flex","Shrug It Off","ClockworkSouvenir","Shrug It Off","Armaments","Double Tap"],"campfire_rested":2,"item_purchase_floors":[11,11,19,31,31,38,41],"current_hp_per_floor":[80,80,80,80,80,80,80,59,59,55,55,60,55,63,63,13,80,80,80,80,80,75,75,75,75,75,75,60,60,60,60,80,45,80,75,80,76,76,76,76,76,76,76,59,58,9,9,17,39,0],"gold":115,"neow_bonus":"THREE_ENEMY_KILL","is_prod":false,"is_daily":false,"chose_seed":false,"campfire_upgraded":7,"win_rate":0,"timestamp":1552424172,"path_taken":["M","$","?","?","?","R","E","?","T","M","$","M","E","M","R","BOSS","M","$","?","?","?","R","?","R","T","R","E","?","?","$","R","BOSS","M","?","?","$","M","R","$","R","T","M","M","E","?","M","R","BOSS"],"build_version":"2019-01-23","purchased_purges":3,"victory":false,"max_hp_per_floor":[80,80,80,80,80,80,80,80,80,80,80,80,80,80,80,80,80,80,80,80,80,80,80,80,80,80,80,80,80,80,80,80,80,80,80,80,76,76,76,76,76,76,76,76,76,76,76,76,76,76],"card_choices":[{"not_picked":["Seeing Red","Reckless Charge"],"picked":"Flex","floor":1},{"not_picked":["Headbutt","Armaments"],"picked":"Clothesline","floor":5},{"not_picked":["Clothesline","Rage"],"picked":"Headbutt","floor":7},{"not_picked":["Armaments","Power Through"],"picked":"Flex","floor":10},{"not_picked":["Thunderclap","True Grit","Reckless Charge"],"picked":"SKIP","floor":12},{"not_picked":["Warcry","Headbutt"],"picked":"Impervious","floor":13},{"not_picked":["Armaments","Thunderclap"],"picked":"Flame Barrier","floor":14},{"not_picked":["Dark Embrace","Feed"],"picked":"Demon Form","floor":16},{"not_picked":["Fire Breathing","Spot Weakness"],"picked":"Whirlwind","floor":18},{"not_picked":["Hemokinesis","Headbutt"],"picked":"Dual Wield","floor":22},{"not_picked":["Cleave","Uppercut","Burning Pact"],"picked":"SKIP","floor":28},{"not_picked":["Barricade","Fiend Fire"],"picked":"Demon Form","floor":33},{"not_picked":["Body Slam+1"],"picked":"SKIP","floor":35},{"not_picked":["Rampage+1"],"picked":"SKIP","floor":36},{"not_picked":["Body Slam+1"],"picked":"SKIP","floor":39},{"not_picked":["Iron Wave+1"],"picked":"SKIP","floor":44},{"not_picked":["Power Through+1"],"picked":"SKIP","floor":45},{"not_picked":["Reckless Charge"],"picked":"SKIP","floor":46},{"not_picked":[],"picked":"Blind","floor":47},{"not_picked":["Dropkick"],"picked":"SKIP","floor":48}],"player_experience":171982,"relics_obtained":[{"floor":7,"key":"Matryoshka"},{"floor":9,"key":"Tiny Chest"},{"floor":9,"key":"Vajra"},{"floor":13,"key":"War Paint"},{"floor":26,"key":"Sundial"},{"floor":26,"key":"Bottled Flame"},{"floor":28,"key":"Bag of Preparation"},{"floor":46,"key":"Bottled Tornado"}],"event_choices":[{"damage_healed":0,"gold_gain":0,"player_choice":"Leave","damage_taken":0,"max_hp_gain":0,"max_hp_loss":0,"event_name":"The Cleric","floor":3,"gold_loss":0},{"damage_healed":0,"gold_gain":0,"player_choice":"Upgraded","damage_taken":0,"max_hp_gain":0,"max_hp_loss":0,"event_name":"Upgrade Shrine","floor":4,"gold_loss":0,"cards_upgraded":["Bash"]},{"damage_healed":0,"gold_gain":0,"player_choice":"Searched \u00273\u0027 times","damage_taken":0,"relics_obtained":["Blood Vial"],"max_hp_gain":0,"max_hp_loss":0,"event_name":"Dead Adventurer","floor":8,"gold_loss":0},{"damage_healed":0,"gold_gain":0,"player_choice":"Read","damage_taken":0,"max_hp_gain":0,"max_hp_loss":0,"event_name":"The Library","floor":20,"gold_loss":0,"cards_obtained":["Whirlwind"]},{"damage_healed":0,"gold_gain":100,"player_choice":"Pray","damage_taken":0,"max_hp_gain":0,"max_hp_loss":0,"event_name":"Golden Shrine","floor":21,"gold_loss":0},{"damage_healed":0,"gold_gain":0,"cards_transformed":["Strike_R","Strike_R"],"player_choice":"Became Test Subject","damage_taken":0,"max_hp_gain":0,"max_hp_loss":0,"event_name":"Drug Dealer","floor":24,"gold_loss":0,"cards_obtained":["Hemokinesis","Brutality"]},{"cards_removed":["Shame"],"damage_healed":0,"gold_gain":0,"player_choice":"Gave Gold","damage_taken":0,"max_hp_gain":0,"max_hp_loss":0,"event_name":"Beggar","floor":29,"gold_loss":75},{"damage_healed":0,"gold_gain":200,"player_choice":"Gold","damage_taken":0,"max_hp_gain":0,"max_hp_loss":0,"event_name":"Wheel of Change","floor":30,"gold_loss":0},{"damage_healed":0,"gold_gain":0,"player_choice":"Max HP","damage_taken":0,"max_hp_gain":0,"max_hp_loss":4,"event_name":"Winding Halls","floor":37,"gold_loss":0},{"damage_healed":0,"gold_gain":0,"player_choice":"Memory 1","damage_taken":0,"max_hp_gain":0,"max_hp_loss":0,"event_name":"SensoryStone","floor":47,"gold_loss":0}],"is_beta":false,"boss_relics":[{"not_picked":["Runic Cube","Philosopher\u0027s Stone"],"picked":"Cursed Key"},{"not_picked":["Orrery","Pandora\u0027s Box"],"picked":"Busted Crown"}],"items_purged_floors":[2,11,19],"is_endless":false,"potions_floor_spawned":[8,10,14,22,36,39,45],"killed_by":"Awakened One","ascension_level":2}