{"gold_per_floor":[117,117,117,0,17,17,50,0,0,0,0,0,30,49,49,121,121,141,141,141,141,151,151,151,183,183,183,12,22,22,22,22,94,94,105,116,116,129,144,170,186,186,259,259,259,39,65,78,78,78,78],"floor_reached":52,"playtime":3956,"items_purged":["Strike_G","Defend_G"],"score":1843,"play_id":"354d1a17-1ceb-41b9-aa63-4b0edc21fa00","local_time":"20181023001604","is_ascension_mode":true,"campfire_choices":[{"floor":6.0,"key":"REST"},{"data":"Neutralize","floor":12.0,"key":"SMITH"},{"floor":15.0,"key":"REST"},{"data":"Parasite","floor":23.0,"key":"PURGE"},{"floor":27.0,"key":"REST"},{"floor":32.0,"key":"REST"},{"data":"Bite+1","floor":42.0,"key":"PURGE"},{"data":"Defend_G","floor":44.0,"key":"PURGE"},{"data":"Defend_G","floor":49.0,"key":"PURGE"}],"neow_cost":"NONE","seed_source_timestamp":1038629864363737,"circlet_count":0,"master_deck":["Defend_G","Survivor","Neutralize+1","AscendersBane","Flying Knee+1","Well Laid Plans","Cloak And Dagger","Terror","Backflip","Deflect","Sucker Punch+1","Night Terror","Skewer+1","Bite+1","Bite+1","Bite+1","Bite+1","RitualDagger+1","Noxious Fumes","Dagger Spray+1","Necronomicurse","Dash+1","Dodge and Roll+1","Wraith Form v2","Dash+1","Footwork+1","Sucker Punch+1","Skewer+1","Backflip","Envenom","PiercingWail","Predator+1","Dodge and Roll","PiercingWail","Noxious Fumes","Dodge and Roll"],"special_seed":0,"relics":["Ring of the Snake","Smiling Mask","Matryoshka","Molten Egg 2","Strawberry","Gremlin Horn","Peace Pipe","Fusion Hammer","Necronomicon","FossilizedHelix","Regal Pillow","Bottled Lightning","Snake Skull","Orrery","Lantern","Mummified Hand","Bag of Preparation"],"potions_floor_usage":[],"damage_taken":[{"damage":11.0,"enemies":"Small Slimes","floor":1.0,"turns":5.0},{"damage":1.0,"enemies":"Jaw Worm","floor":5.0,"turns":4.0},{"damage":27.0,"enemies":"Gremlin Nob","floor":7.0,"turns":4.0},{"damage":17.0,"enemies":"3 Sentries","floor":13.0,"turns":14.0},{"damage":0.0,"enemies":"2 Louse","floor":14.0,"turns":3.0},{"damage":38.0,"enemies":"Hexaghost","floor":16.0,"turns":14.0},{"damage":14.0,"enemies":"3 Byrds","floor":18.0,"turns":9.0},{"damage":7.0,"enemies":"2 Thieves","floor":22.0,"turns":4.0},{"damage":13.0,"enemies":"Slavers","floor":25.0,"turns":7.0},{"damage":0.0,"enemies":"Shelled Parasite and Fungi","floor":29.0,"turns":3.0},{"damage":19.0,"enemies":"Automaton","floor":33.0,"turns":9.0},{"damage":0.0,"enemies":"3 Shapes","floor":35.0,"turns":6.0},{"damage":0.0,"enemies":"Orb Walker","floor":36.0,"turns":3.0},{"damage":25.0,"enemies":"Writhing Mass","floor":38.0,"turns":11.0},{"damage":10.0,"enemies":"4 Shapes","floor":39.0,"turns":6.0},{"damage":31.0,"enemies":"Giant Head","floor":40.0,"turns":8.0},{"damage":1.0,"enemies":"3 Darklings","floor":41.0,"turns":8.0},{"damage":0.0,"enemies":"Reptomancer","floor":45.0,"turns":1.0},{"damage":0.0,"enemies":"Writhing Mass","floor":48.0,"turns":7.0},{"damage":41.0,"enemies":"Time Eater","floor":50.0,"turns":14.0},{"damage":38,"enemies":"Donu and Deca","floor":51,"turns":9}],"seed_played":"5533952975231254259","potions_obtained":[{"floor":5.0,"key":"Weak Potion"},{"floor":14.0,"key":"AttackPotion"},{"floor":22.0,"key":"SmokeBomb"},{"floor":25.0,"key":"SteroidPotion"},{"floor":33.0,"key":"SpeedPotion"}],"is_trial":false,"path_per_floor":["M","?","?","$","M","R","E","$","T","?","$","R","E","M","R","B",null,"M","?","?","?","M","R","?","E","T","R","$","M","?","$","R","B",null,"M","M","?","M","M","E","M","R","T","R","E","$","T","M","R","B","B"],"character_chosen":"THE_SILENT","items_purchased":["Well Laid Plans","Cloak And Dagger","Snake Skull","Dodge and Roll","PiercingWail","Noxious Fumes"],"campfire_rested":4,"item_purchase_floors":[4,4,28,46,46,46],"current_hp_per_floor":[48,43,23,23,22,41,14,14,21,39,39,39,22,22,43,5,56,42,42,36,36,44,44,23,28,28,48,48,48,48,48,48,32,44,48,48,48,47,48,23,48,48,48,48,48,48,48,48,48,34,5],"gold":78,"neow_bonus":"RANDOM_COMMON_RELIC","is_prod":false,"is_daily":false,"chose_seed":false,"campfire_upgraded":1,"win_rate":0,"timestamp":1540268164,"path_taken":["M","?","?","$","M","R","E","$","T","?","?","R","E","?","R","BOSS","M","?","?","?","?","R","?","E","T","R","$","?","?","$","R","BOSS","M","M","?","M","M","E","?","R","T","R","E","?","?","M","R","BOSS","BOSS"],"build_version":"2018-10-19","purchased_purges":2,"victory":true,"max_hp_per_floor":[66,66,66,66,66,66,66,66,73,73,73,73,73,73,73,73,73,73,51,51,51,51,48,48,48,48,48,48,48,48,48,48,48,48,48,48,48,48,48,48,48,48,48,48,48,48,48,48,48,48,48],"card_choices":[{"not_picked":["Expertise","Prepared"],"picked":"Flying Knee","floor":1.0},{"not_picked":["Setup","Flying Knee"],"picked":"Terror","floor":5.0},{"not_picked":["Terror","Prepared"],"picked":"Backflip","floor":7.0},{"not_picked":["Dodge and Roll","Terror"],"picked":"Deflect","floor":13.0},{"not_picked":["PiercingWail","Dodge and Roll"],"picked":"Sucker Punch+1","floor":14.0},{"not_picked":["Bullet Time","Venomology"],"picked":"Night Terror","floor":16.0},{"not_picked":["Dagger Throw+1","Finisher+1"],"picked":"Skewer+1","floor":18.0},{"not_picked":["Accuracy","Leg Sweep"],"picked":"Dagger Spray+1","floor":22.0},{"not_picked":["Blade Dance","Storm of Steel"],"picked":"Dash+1","floor":25.0},{"not_picked":["Outmaneuver","Dagger Throw+1"],"picked":"Dodge and Roll+1","floor":29.0},{"not_picked":["Doppelganger","Envenom"],"picked":"Wraith Form v2","floor":33.0},{"not_picked":["Heel Hook+1","Terror"],"picked":"Dash+1","floor":34.0},{"not_picked":["Underhanded Strike+1","Dagger Throw+1"],"picked":"Footwork+1","floor":34.0},{"not_picked":["Tactician","Expertise"],"picked":"Sucker Punch+1","floor":34.0},{"not_picked":["Slice+1","Well Laid Plans"],"picked":"Skewer+1","floor":34.0},{"not_picked":["Slice+1","Reflex"],"picked":"Backflip","floor":35.0},{"not_picked":["Bouncing Flask","Sucker Punch+1","Dodge and Roll+1"],"picked":"SKIP","floor":36.0},{"not_picked":["Dagger Throw+1","All Out Attack+1"],"picked":"Envenom","floor":38.0},{"not_picked":["Quick Slash+1","Riddle With Holes+1","Flying Knee+1"],"picked":"SKIP","floor":39.0},{"not_picked":["Sucker Punch+1","Accuracy+1"],"picked":"PiercingWail","floor":40.0},{"not_picked":["Quick Slash+1","Blade Dance","Predator+1"],"picked":"SKIP","floor":41.0},{"not_picked":["Quick Slash+1","Blade Dance"],"picked":"Predator+1","floor":41.0},{"not_picked":["Dagger Spray+1","Bane+1"],"picked":"Dodge and Roll","floor":48.0}],"player_experience":710605,"relics_obtained":[{"floor":7.0,"key":"Molten Egg 2"},{"floor":9.0,"key":"Strawberry"},{"floor":9.0,"key":"Gremlin Horn"},{"floor":13.0,"key":"Peace Pipe"},{"floor":24.0,"key":"Necronomicon"},{"floor":25.0,"key":"FossilizedHelix"},{"floor":26.0,"key":"Regal Pillow"},{"floor":26.0,"key":"Bottled Lightning"},{"floor":40.0,"key":"Lantern"},{"floor":43.0,"key":"Mummified Hand"},{"floor":47.0,"key":"Bag of Preparation"}],"event_choices":[{"damage_healed":0.0,"max_hp_gain":0.0,"max_hp_loss":0.0,"gold_gain":0.0,"event_name":"Scrap Ooze","player_choice":"Success","floor":2.0,"gold_loss":0.0,"damage_taken":5.0,"relics_obtained":["Matryoshka"]},{"damage_healed":0.0,"max_hp_gain":0.0,"max_hp_loss":0.0,"gold_gain":0.0,"event_name":"Shining Light","player_choice":"Entered Light","floor":3.0,"gold_loss":0.0,"damage_taken":20.0,"cards_upgraded":["Strike_G","Flying Knee"]},{"damage_healed":18.0,"max_hp_gain":0.0,"max_hp_loss":0.0,"gold_gain":0.0,"event_name":"Mushrooms","player_choice":"Healed and dodged fight","floor":10.0,"gold_loss":0.0,"damage_taken":0.0,"cards_obtained":["Parasite"]},{"damage_healed":0.0,"max_hp_gain":0.0,"max_hp_loss":22.0,"gold_gain":0.0,"event_name":"Vampires","player_choice":"Became a vampire","floor":19.0,"gold_loss":0.0,"damage_taken":0.0,"cards_obtained":["Bite","Bite","Bite","Bite","Bite"]},{"damage_healed":0.0,"max_hp_gain":0.0,"max_hp_loss":0.0,"gold_gain":0.0,"event_name":"Nest","player_choice":"Joined the Cult","floor":20.0,"gold_loss":0.0,"damage_taken":6.0,"cards_obtained":["RitualDagger"]},{"damage_healed":0.0,"max_hp_gain":0.0,"max_hp_loss":0.0,"gold_gain":0.0,"event_name":"The Library","player_choice":"Read","floor":21.0,"gold_loss":0.0,"damage_taken":0.0,"cards_obtained":["Noxious Fumes"]},{"damage_healed":0.0,"max_hp_gain":0.0,"max_hp_loss":0.0,"gold_gain":0.0,"event_name":"Cursed Tome","player_choice":"Obtained Book","floor":24.0,"gold_loss":0.0,"damage_taken":21.0},{"damage_healed":0.0,"max_hp_gain":0.0,"max_hp_loss":0.0,"gold_gain":0.0,"event_name":"Beggar","player_choice":"Ignored","floor":30.0,"gold_loss":0.0,"damage_taken":0.0},{"cards_removed":["Defend_G"],"damage_healed":0.0,"max_hp_gain":0.0,"max_hp_loss":0.0,"gold_gain":0.0,"event_name":"Falling","player_choice":"Removed Skill","floor":37.0,"gold_loss":0.0,"damage_taken":0.0}],"is_beta":true,"boss_relics":[{"not_picked":["Runic Dome","Tiny House"],"picked":"Fusion Hammer"},{"not_picked":["Lizard Tail","Philosopher\u0027s Stone"],"picked":"Orrery"}],"items_purged_floors":[8,46],"is_endless":false,"potions_floor_spawned":[5,14,22,25,33,41,45],"ascension_level":20}