{"gold_per_floor":[20,35,49,49,49,49,74,74,125,125,156,156,156,176,176,275,275,298,298,18,34,50,50,68,68,68,68,89,120,132,187,199,211],"floor_reached":33,"playtime":1610,"items_purged":["Strike_G"],"score":586,"play_id":"c93160d2-74d2-41f3-ab54-b58c80c8f3bb","local_time":"20180917214216","is_ascension_mode":true,"campfire_choices":[{"floor":6.0,"key":"REST"},{"data":"Neutralize","floor":8.0,"key":"SMITH"},{"floor":10.0,"key":"REST"},{"floor":12.0,"key":"REST"},{"data":"Deadly Poison","floor":15.0,"key":"SMITH"},{"floor":23.0,"key":"REST"},{"data":"Catalyst","floor":30,"key":"SMITH"},{"floor":32,"key":"REST"}],"neow_cost":"NO_GOLD","seed_source_timestamp":8459645403990,"circlet_count":0,"master_deck":["Defend_G","Defend_G+1","Defend_G+1","Defend_G","Strike_G","Strike_G","Survivor","Neutralize+1","AscendersBane","Deadly Poison+1","Dagger Spray","Dagger Spray","Flying Knee","Unload","Leg Sweep","Backstab","Poisoned Stab","Masterful Stab","Crippling Poison","Slice","Catalyst+1","Night Terror","Deadly Poison+1","Backflip"],"special_seed":0,"relics":["Ring of the Snake","Bronze Scales","Orichalcum","Bottled Flame","Golden Idol","Orrery","Oddly Smooth Stone","Mercury Hourglass","MutagenicStrength","MawBank","Dodecahedron"],"potions_floor_usage":[29,29,33],"damage_taken":[{"damage":4.0,"enemies":"Jaw Worm","floor":1.0,"turns":10.0},{"damage":3.0,"enemies":"2 Louse","floor":2.0,"turns":4.0},{"damage":7.0,"enemies":"Small Slimes","floor":3.0,"turns":5.0},{"damage":37.0,"enemies":"3 Sentries","floor":7.0,"turns":13.0},{"damage":19.0,"enemies":"Lagavulin","floor":11.0,"turns":8.0},{"damage":0.0,"enemies":"Exordium Thugs","floor":14.0,"turns":3.0},{"damage":24.0,"enemies":"Hexaghost","floor":16.0,"turns":9.0},{"damage":13.0,"enemies":"Shell Parasite","floor":18.0,"turns":5.0},{"damage":0.0,"enemies":"Chosen","floor":21.0,"turns":3.0},{"damage":7.0,"enemies":"Centurion and Healer","floor":22.0,"turns":7.0},{"damage":13.0,"enemies":"Sentry and Sphere","floor":24.0,"turns":4.0},{"damage":0,"enemies":"Chosen and Byrds","floor":28,"turns":3},{"damage":2,"enemies":"Slavers","floor":29,"turns":2},{"damage":5,"enemies":"Gremlin Leader","floor":31,"turns":5},{"damage":45,"enemies":"Automaton","floor":33,"turns":6}],"seed_played":"8102841415723972900","potions_obtained":[{"floor":3.0,"key":"EntropicBrew"},{"floor":11.0,"key":"EssenceOfSteel"},{"floor":22.0,"key":"SteroidPotion"},{"floor":24.0,"key":"GamblersBrew"},{"floor":31,"key":"EssenceOfSteel"}],"is_trial":false,"path_per_floor":["M","M","M","?","?","R","E","R","T","R","E","R","?","M","R","B",null,"M","?","$","M","M","R","M","$","T","?","M","E","R","E","R"],"character_chosen":"THE_SILENT","items_purchased":["Oddly Smooth Stone","Slice"],"campfire_rested":5,"item_purchase_floors":[20,20],"current_hp_per_floor":[55,52,45,25,25,44,7,7,7,26,7,26,26,26,26,2,46,33,33,33,33,26,44,31,31,31,31,31,29,29,24,42,0],"gold":211,"neow_bonus":"REMOVE_TWO","is_prod":false,"is_daily":false,"chose_seed":false,"campfire_upgraded":3,"win_rate":0,"timestamp":1537234936,"path_taken":["M","M","M","?","?","R","E","R","T","R","E","R","?","?","R","BOSS","M","?","$","M","M","R","?","$","T","?","?","E","R","E","R","BOSS"],"build_version":"2018-09-12","purchased_purges":1,"victory":false,"max_hp_per_floor":[66,66,66,66,66,66,66,66,66,66,66,66,60,60,60,60,60,60,60,60,60,60,60,60,60,60,60,60,60,60,60,60,60],"card_choices":[{"not_picked":["Deflect","Crippling Poison"],"picked":"Deadly Poison","floor":1.0},{"not_picked":["Concentrate","Expertise","Blade Dance"],"picked":"SKIP","floor":2.0},{"not_picked":["Backflip","Outmaneuver"],"picked":"Dagger Spray","floor":3.0},{"not_picked":["Underhanded Strike","Dodge and Roll"],"picked":"Dagger Spray","floor":7.0},{"not_picked":["Accuracy","Acrobatics","Corpse Explosion"],"picked":"SKIP","floor":11.0},{"not_picked":["Sucker Punch","Prepared"],"picked":"Flying Knee","floor":14.0},{"not_picked":["Grand Finale","Venomology"],"picked":"Unload","floor":16.0},{"not_picked":["Distraction","Sucker Punch"],"picked":"Leg Sweep","floor":17.0},{"not_picked":["PiercingWail","Deflect"],"picked":"Backstab","floor":17.0},{"not_picked":["Quick Slash","Dagger Throw"],"picked":"Poisoned Stab","floor":17.0},{"not_picked":["Eviscerate","Predator"],"picked":"Masterful Stab","floor":17.0},{"not_picked":["Blade Dance+1","Heel Hook"],"picked":"Crippling Poison","floor":18.0},{"not_picked":["Sucker Punch","Dagger Throw+1"],"picked":"Catalyst","floor":21.0},{"not_picked":["Heel Hook","Accuracy","Flying Knee"],"picked":"SKIP","floor":22.0},{"not_picked":["Deflect","Bouncing Flask"],"picked":"Night Terror","floor":24.0},{"not_picked":["Flechettes","Deflect"],"picked":"Deadly Poison+1","floor":28},{"not_picked":["Doppelganger","Die Die Die"],"picked":"Backflip","floor":29},{"not_picked":["Distraction","Acrobatics","Blade Dance"],"picked":"SKIP","floor":31}],"player_experience":568683,"relics_obtained":[{"floor":7.0,"key":"Bronze Scales"},{"floor":9.0,"key":"Orichalcum"},{"floor":11.0,"key":"Bottled Flame"},{"floor":26.0,"key":"Mercury Hourglass"},{"floor":29,"key":"MawBank"},{"floor":31,"key":"Dodecahedron"}],"event_choices":[{"event_name":"Shining Light","player_choice":"Entered Light","floor":4.0,"damage_taken":0.0},{"event_name":"Purifier","player_choice":"One Purge","floor":5.0,"damage_taken":0.0},{"event_name":"Golden Idol","player_choice":"Lose Max HP","floor":13.0,"damage_taken":0.0},{"event_name":"Vampires","player_choice":"Ignored","floor":19.0,"damage_taken":0.0},{"event_name":"Drug Dealer","player_choice":"Inject Mutagens","floor":27.0,"damage_taken":0.0}],"is_beta":true,"boss_relics":[{"not_picked":["Ectoplasm","Runic Pyramid"],"picked":"Orrery"}],"items_purged_floors":[20],"is_endless":false,"potions_floor_spawned":[3,11,22,24,31],"killed_by":"Automaton","ascension_level":20}