{"gold_per_floor":[111,111,111,68,68,68,103,103,103,134,146,156,166,91,91,170,170,189,206,206,226,226,226,242,157,187,47,47,82,82,92,92,168,168,183,14,33,33,48,48,79,79,149,149,163,163,163,182,182,182,182],"floor_reached":52,"playtime":3446,"items_purged":["Strike_G","Strike_G","Defend_G"],"score":1766,"play_id":"be239197-60d1-49e5-9a41-ebeb2310f1fb","local_time":"20181008013256","is_ascension_mode":true,"campfire_choices":[{"data":"Dash","floor":6.0,"key":"SMITH"},{"data":"Footwork","floor":8.0,"key":"SMITH"},{"data":"Deadly Poison","floor":15.0,"key":"SMITH"},{"data":"Wraith Form v2","floor":23.0,"key":"SMITH"},{"data":"Noxious Fumes","floor":28.0,"key":"SMITH"},{"data":"Well Laid Plans","floor":30.0,"key":"SMITH"},{"data":"Ghostly","floor":32.0,"key":"SMITH"},{"data":"Burst","floor":40.0,"key":"SMITH"},{"data":"Crippling Poison","floor":42.0,"key":"SMITH"},{"data":"Ghostly","floor":44.0,"key":"SMITH"},{"data":"Survivor","floor":46.0,"key":"SMITH"},{"floor":49.0,"key":"REST"}],"neow_cost":"TEN_PERCENT_HP_LOSS","seed_source_timestamp":1024335780648796,"circlet_count":0,"master_deck":["Defend_G+1","Defend_G+1","Defend_G+1","Survivor+1","Neutralize+1","AscendersBane","Footwork+1","Well Laid Plans+1","Dagger Throw+1","Dash+1","Calculated Gamble+1","Deadly Poison+1","Poisoned Stab+1","All Out Attack+1","Wraith Form v2+1","Acrobatics+1","Ghostly+1","Ghostly+1","Ghostly+1","Ghostly+1","Ghostly+1","Noxious Fumes+1","Crippling Poison+1","Burst+1","Dash+1"],"special_seed":0,"relics":["Ring of the Snake","Happy Flower","Lantern","PreservedInsect","Busted Crown","Molten Egg 2","Tiny Chest","Regal Pillow","Velvet Choker","Bag of Preparation","Mark of the Bloom"],"potions_floor_usage":[51],"damage_taken":[{"damage":1.0,"enemies":"Jaw Worm","floor":1.0,"turns":4.0},{"damage":12.0,"enemies":"Lagavulin","floor":7.0,"turns":9.0},{"damage":8.0,"enemies":"Gremlin Nob","floor":10.0,"turns":4.0},{"damage":0.0,"enemies":"Small Slimes","floor":11.0,"turns":3.0},{"damage":0.0,"enemies":"Cultist","floor":12.0,"turns":3.0},{"damage":0.0,"enemies":"Large Slime","floor":13.0,"turns":7.0},{"damage":4.0,"enemies":"Hexaghost","floor":16.0,"turns":8.0},{"damage":2.0,"enemies":"2 Thieves","floor":18.0,"turns":4.0},{"damage":0.0,"enemies":"3 Byrds","floor":19.0,"turns":6.0},{"damage":10.0,"enemies":"Snake Plant","floor":21.0,"turns":5.0},{"damage":3.0,"enemies":"Chosen and Byrds","floor":24.0,"turns":10.0},{"damage":5.0,"enemies":"Slavers","floor":29.0,"turns":7.0},{"damage":1.0,"enemies":"Snecko","floor":31.0,"turns":6.0},{"damage":3.0,"enemies":"Automaton","floor":33.0,"turns":11.0},{"damage":0.0,"enemies":"3 Darklings","floor":35.0,"turns":5.0},{"damage":0.0,"enemies":"3 Shapes","floor":37.0,"turns":5.0},{"damage":3.0,"enemies":"Sphere and 2 Shapes","floor":39.0,"turns":5.0},{"damage":3.0,"enemies":"Nemesis","floor":41.0,"turns":7.0},{"damage":0.0,"enemies":"Spire Growth","floor":45.0,"turns":5.0},{"damage":0.0,"enemies":"Transient","floor":48.0,"turns":6.0},{"damage":1.0,"enemies":"Awakened One","floor":50.0,"turns":22.0},{"damage":1,"enemies":"Time Eater","floor":51,"turns":16}],"seed_played":"4182216110237433691","potions_obtained":[{"floor":7.0,"key":"Strength Potion"},{"floor":10.0,"key":"Regen Potion"},{"floor":31.0,"key":"FearPotion"},{"floor":33.0,"key":"Block Potion"},{"floor":35.0,"key":"SkillPotion"},{"floor":38.0,"key":"Dexterity Potion"}],"is_trial":false,"path_per_floor":["M","?","?","$","?","R","E","R","T","E","M","M","M","$","R","B",null,"M","M","?","M","$","R","M","?","T","$","R","E","R","M","R","B",null,"M","$","M","?","M","R","E","R","T","R","M","R","?","M","R","B","B"],"character_chosen":"THE_SILENT","items_purchased":["Dash","Noxious Fumes","Dash+1"],"campfire_rested":1,"item_purchase_floors":[4,27,36],"current_hp_per_floor":[58,58,51,51,51,51,39,39,39,31,31,31,31,31,31,27,52,50,50,30,20,20,20,17,17,17,17,17,27,27,26,26,23,28,28,28,28,28,25,25,22,22,22,22,22,22,22,22,22,21,20],"gold":182,"neow_bonus":"TRANSFORM_TWO_CARDS","is_prod":false,"is_daily":false,"chose_seed":false,"campfire_upgraded":11,"win_rate":0,"timestamp":1538976776,"path_taken":["M","?","?","$","?","R","E","R","T","E","?","?","M","$","R","BOSS","M","M","?","?","$","R","M","?","T","$","R","E","R","M","R","BOSS","M","$","M","?","M","R","E","R","T","R","?","R","?","M","R","BOSS","BOSS"],"build_version":"2018-10-04","purchased_purges":3,"victory":true,"max_hp_per_floor":[60,60,60,60,60,60,60,60,60,60,60,60,60,60,60,60,60,60,60,30,30,30,30,30,30,30,30,30,30,30,30,30,30,30,30,30,30,30,30,30,30,30,30,30,30,30,30,30,30,30,30],"card_choices":[{"not_picked":["Flechettes","Outmaneuver"],"picked":"Dagger Throw","floor":1.0},{"not_picked":["Riddle With Holes","All Out Attack","Heel Hook"],"picked":"SKIP","floor":7.0},{"not_picked":["Phantasmal Killer","Prepared"],"picked":"Deadly Poison","floor":10.0},{"not_picked":["Dagger Throw","Dodge and Roll"],"picked":"Poisoned Stab","floor":11.0},{"not_picked":["Sucker Punch","Blade Dance","Dagger Throw"],"picked":"SKIP","floor":12.0},{"not_picked":["Flying Knee","Choke"],"picked":"All Out Attack","floor":13.0},{"not_picked":["Unload","Burst"],"picked":"Wraith Form v2","floor":16.0},{"not_picked":["Flying Knee"],"picked":"SKIP","floor":18.0},{"not_picked":[],"picked":"Acrobatics","floor":19.0},{"not_picked":["Deflect"],"picked":"SKIP","floor":21.0},{"not_picked":["Slice"],"picked":"SKIP","floor":24.0},{"not_picked":[],"picked":"Crippling Poison","floor":29.0},{"not_picked":["Deflect"],"picked":"SKIP","floor":31.0},{"not_picked":[],"picked":"Burst","floor":33.0},{"not_picked":["Bane+1"],"picked":"SKIP","floor":35.0},{"not_picked":["Quick Slash+1"],"picked":"SKIP","floor":37.0},{"not_picked":["Cloak And Dagger"],"picked":"SKIP","floor":39.0},{"not_picked":["Poisoned Stab+1"],"picked":"SKIP","floor":41.0},{"not_picked":["Heel Hook+1"],"picked":"SKIP","floor":45.0},{"not_picked":["Deflect"],"picked":"SKIP","floor":48.0}],"player_experience":675884,"relics_obtained":[{"floor":7.0,"key":"Happy Flower"},{"floor":9.0,"key":"Lantern"},{"floor":10.0,"key":"PreservedInsect"},{"floor":26.0,"key":"Tiny Chest"},{"floor":29.0,"key":"Regal Pillow"},{"floor":41.0,"key":"Bag of Preparation"}],"event_choices":[{"event_name":"Living Wall","player_choice":"Grow","floor":2.0,"damage_taken":0.0},{"event_name":"Golden Wing","player_choice":"Card Removal","floor":3.0,"damage_taken":0.0},{"event_name":"Transmorgrifier","player_choice":"Transform","floor":5.0,"damage_taken":0.0},{"event_name":"Ghosts","player_choice":"Became a Ghost","floor":20.0,"damage_taken":0.0},{"event_name":"Addict","player_choice":"Obtained Relic","floor":25.0,"damage_taken":0.0},{"event_name":"The Lab","player_choice":"Got Potions","floor":38.0,"damage_taken":0.0},{"event_name":"MindBloom","player_choice":"Upgrade","floor":47.0,"damage_taken":0.0}],"is_beta":true,"boss_relics":[{"not_picked":["WristBlade","Empty Cage"],"picked":"Busted Crown"},{"not_picked":["Fusion Hammer","Astrolabe"],"picked":"Velvet Choker"}],"items_purged_floors":[14,27,36],"is_endless":false,"potions_floor_spawned":[7,10,11,18,19,31,33,35,39],"ascension_level":20}