{"gold_per_floor":[119,137,137,147,72,127,127,138,138,138,36,63,77,77,77,150,150,160,177,188,65,80,41,41,51,51,51,51,66,66,78,78,151,151,167,187,200,200,219,219,219],"floor_reached":41,"playtime":2211,"items_purged":["Strike_G"],"score":695,"play_id":"55867a9e-3c2d-4ad5-9930-9bf44b730d46","local_time":"20180804003914","is_ascension_mode":true,"campfire_choices":[{"data":"Caltrops","floor":7,"key":"SMITH"},{"floor":15,"key":"REST"},{"floor":24,"key":"REST"},{"floor":27,"key":"REST"},{"floor":32,"key":"REST"},{"floor":40,"key":"REST"}],"neow_cost":"NONE","seed_source_timestamp":457525662954177,"circlet_count":0,"master_deck":["Defend_G","Defend_G","Defend_G","Defend_G","Defend_G","Strike_G","Strike_G","Strike_G","Survivor","Neutralize+1","AscendersBane","Quick Slash","Leg Sweep","Dagger Spray","Caltrops+1","Poisoned Stab","Noxious Fumes","Deadly Poison","PiercingWail","Footwork","Bullet Time","Escape Plan","Backflip","Noxious Fumes","Backflip","Backflip","Catalyst","Acrobatics","PiercingWail+1","Malaise+1","Catalyst+1","Bouncing Flask"],"relics":["Ring of the Snake","Tiny Chest","Regal Pillow","Bottled Tornado","Odd Mushroom","Cursed Key","Velvet Choker"],"potions_floor_usage":[16,16,20,33,39,39],"damage_taken":[{"damage":4,"enemies":"Small Slimes","floor":1,"turns":5},{"damage":0,"enemies":"2 Louse","floor":2,"turns":3},{"damage":1,"enemies":"Jaw Worm","floor":4,"turns":5},{"damage":23,"enemies":"3 Sentries","floor":6,"turns":12},{"damage":1,"enemies":"Large Slime","floor":8,"turns":6},{"damage":10,"floor":12,"turns":4},{"damage":4,"enemies":"Blue Slaver","floor":13,"turns":6},{"damage":27,"enemies":"Slime Boss","floor":16,"turns":9},{"damage":0,"enemies":"3 Byrds","floor":18,"turns":2},{"damage":10,"enemies":"Chosen","floor":19,"turns":5},{"damage":28,"enemies":"Sentry and Sphere","floor":20,"turns":6},{"damage":10,"enemies":"Centurion and Healer","floor":22,"turns":9},{"damage":12,"enemies":"Chosen and Byrds","floor":25,"turns":5},{"damage":32,"enemies":"Cultist and Chosen","floor":29,"turns":8},{"damage":16,"enemies":"Snake Plant","floor":31,"turns":5},{"damage":26,"enemies":"Collector","floor":33,"turns":11},{"damage":2,"enemies":"Orb Walker","floor":35,"turns":6},{"damage":14,"enemies":"Flame Bruiser 1 Orb","floor":36,"turns":7},{"damage":38,"enemies":"Transient","floor":37,"turns":5},{"damage":4,"enemies":"Spire Growth","floor":39,"turns":8},{"damage":24,"enemies":"4 Shapes","floor":41,"turns":3}],"seed_played":"-8641472809351585049","potions_obtained":[{"floor":4,"key":"Strength Potion"},{"floor":13,"key":"Strength Potion"},{"floor":18,"key":"SkillPotion"},{"floor":22,"key":"Energy Potion"},{"floor":29,"key":"Strength Potion"},{"floor":31,"key":"GhostInAJar"},{"floor":33,"key":"PowerPotion"}],"is_trial":false,"path_per_floor":["M","M","?","M","?","E","R","M","T","T","$","?","M","?","R","B",null,"M","M","M","$","M","$","R","M","T","R","?","M","T","M","R","B",null,"M","M","M","?","M","R"],"character_chosen":"THE_SILENT","items_purchased":["Noxious Fumes","Deadly Poison","Backflip","Catalyst"],"campfire_rested":5,"item_purchase_floors":[11,11,21,23],"current_hp_per_floor":[55,55,60,59,59,36,36,35,35,35,35,25,21,10,46,19,58,58,48,20,20,10,10,46,34,34,70,70,38,38,22,58,32,61,59,45,7,7,3,39,15],"gold":219,"neow_bonus":"UPGRADE_CARD","is_prod":false,"is_daily":false,"chose_seed":false,"campfire_upgraded":1,"win_rate":0,"timestamp":1533357554,"path_taken":["M","M","?","M","?","E","R","?","T","?","$","?","M","?","R","BOSS","M","?","M","$","M","$","R","M","T","R","?","M","?","M","R","BOSS","M","M","?","?","M","R","M"],"build_version":"2018-08-02","purchased_purges":1,"victory":false,"max_hp_per_floor":[66,66,71,71,71,71,71,71,71,71,71,71,71,71,71,71,71,71,71,71,71,71,71,71,71,71,71,71,71,71,71,71,71,71,71,71,71,71,71,71,71],"card_choices":[{"not_picked":["Blade Dance","Skewer"],"picked":"Quick Slash","floor":1},{"not_picked":["Acrobatics","Dash"],"picked":"Leg Sweep","floor":2},{"not_picked":["Leg Sweep","Deflect"],"picked":"Dagger Spray","floor":4},{"not_picked":["Distraction","Deadly Poison"],"picked":"Caltrops","floor":6},{"not_picked":["PiercingWail","Acrobatics"],"picked":"Poisoned Stab","floor":8},{"not_picked":["Calculated Gamble","Slice"],"picked":"PiercingWail","floor":12},{"not_picked":["Concentrate","Prepared"],"picked":"Footwork","floor":13},{"not_picked":["Grand Finale","Night Terror"],"picked":"Bullet Time","floor":16},{"not_picked":["Calculated Gamble+1","Setup"],"picked":"Escape Plan","floor":18},{"not_picked":["Flying Knee","Dagger Spray"],"picked":"Backflip","floor":19},{"not_picked":["Distraction","Deadly Poison"],"picked":"Noxious Fumes","floor":20},{"not_picked":["Terror","Grand Finale"],"picked":"Backflip","floor":22},{"not_picked":["Bane","Tactician+1","Dagger Spray"],"picked":"SKIP","floor":25},{"not_picked":["Sucker Punch","All Out Attack"],"picked":"Acrobatics","floor":29},{"not_picked":["Backstab","Outmaneuver"],"picked":"PiercingWail+1","floor":31},{"not_picked":["Die Die Die","Adrenaline"],"picked":"Malaise","floor":33},{"not_picked":["Cloak And Dagger+1","Bane+1"],"picked":"Catalyst+1","floor":35},{"not_picked":["All Out Attack","Flying Knee+1","Heel Hook"],"picked":"SKIP","floor":36},{"not_picked":["Backflip","Bane","Dagger Throw"],"picked":"SKIP","floor":37},{"not_picked":["Sucker Punch","Expertise+1"],"picked":"Bouncing Flask","floor":39}],"player_experience":442519,"relics_obtained":[{"floor":6,"key":"Tiny Chest"},{"floor":9,"key":"Regal Pillow"},{"floor":10,"key":"Bottled Tornado"},{"floor":12,"key":"Odd Mushroom"}],"event_choices":[{"event_name":"Big Fish","player_choice":"Donut","floor":3,"damage_taken":0},{"event_name":"The Cleric","player_choice":"Card Removal","floor":5,"damage_taken":0},{"event_name":"Mushrooms","player_choice":"Fought Mushrooms","floor":12,"damage_taken":0},{"event_name":"Scrap Ooze","player_choice":"unsuccessful","floor":14,"damage_taken":11},{"event_name":"Ghosts","player_choice":"Ignored","floor":28,"damage_taken":0},{"event_name":"Upgrade Shrine","player_choice":"Upgraded","floor":38,"damage_taken":0}],"is_beta":false,"boss_relics":[{"not_picked":["Eternal Feather","Empty Cage"],"picked":"Cursed Key"},{"not_picked":["Lizard Tail","White Beast Statue"],"picked":"Velvet Choker"}],"items_purged_floors":[21],"is_endless":false,"potions_floor_spawned":[4,13,18,22,29,31,33,36,37],"killed_by":"4 Shapes","ascension_level":15}