{"gold_per_floor":[109,127,127,143,156,156,182,196,196,214,214,314,314,349,349,349],"floor_reached":16,"playtime":1138,"items_purged":[],"score":140,"play_id":"93a4b03e-b7d2-4a09-96ac-3215bfd0301e","local_time":"20190420141309","is_ascension_mode":true,"campfire_choices":[{"floor":6,"key":"REST"},{"floor":11,"key":"REST"},{"floor":13,"key":"REST"},{"floor":15,"key":"REST"}],"neow_cost":"PERCENT_DAMAGE","seed_source_timestamp":328839401032778,"circlet_count":0,"master_deck":["Strike_R","Strike_R","Defend_R","Defend_R","Defend_R","Defend_R","Bash","Cleave","Spot Weakness","Sword Boomerang","Limit Break","Warcry","Armaments","Whirlwind"],"relics":["Burning Blood","Letter Opener","The Courier","Sundial"],"potions_floor_usage":[7,8,10],"damage_taken":[{"damage":4,"enemies":"Small Slimes","floor":1,"turns":5},{"damage":0,"enemies":"Cultist","floor":2,"turns":4},{"damage":8,"enemies":"Jaw Worm","floor":4,"turns":4},{"damage":26,"enemies":"Lots of Slimes","floor":5,"turns":4},{"damage":60,"enemies":"Gremlin Nob","floor":7,"turns":5},{"damage":3,"enemies":"Blue Slaver","floor":8,"turns":3},{"damage":6,"enemies":"Looter","floor":10,"turns":3},{"damage":46,"enemies":"Lagavulin","floor":14,"turns":9},{"damage":56,"enemies":"The Guardian","floor":16,"turns":7}],"seed_played":"8586563587730119812","potions_obtained":[{"floor":2,"key":"Dexterity Potion"},{"floor":7,"key":"AttackPotion"},{"floor":8,"key":"SkillPotion"}],"is_trial":false,"path_per_floor":["M","M","?","M","M","R","E","M","T","M","R","?","R","E","R","B"],"character_chosen":"IRONCLAD","items_purchased":[],"campfire_rested":4,"item_purchase_floors":[],"current_hp_per_floor":[58,64,64,62,42,66,12,15,15,15,39,39,63,23,47,0],"gold":349,"neow_bonus":"REMOVE_TWO","is_prod":false,"is_daily":false,"chose_seed":false,"campfire_upgraded":0,"win_rate":0,"timestamp":1555780389,"path_taken":["M","M","?","M","M","R","E","?","T","M","R","?","R","E","R","BOSS"],"build_version":"2019-01-23","purchased_purges":0,"victory":false,"max_hp_per_floor":[80,80,80,80,80,80,80,80,80,80,80,80,80,80,80,80],"card_choices":[{"not_picked":["Sword Boomerang","Anger"],"picked":"Cleave","floor":1},{"not_picked":["Headbutt","Pommel Strike"],"picked":"Spot Weakness","floor":2},{"not_picked":["Power Through","True Grit"],"picked":"Sword Boomerang","floor":4},{"not_picked":["Iron Wave","Perfected Strike","Infernal Blade"],"picked":"SKIP","floor":5},{"not_picked":["Metallicize","Inflame"],"picked":"Limit Break","floor":7},{"not_picked":["Sentinel","Havoc"],"picked":"Warcry","floor":8},{"not_picked":["Sword Boomerang","Pummel"],"picked":"Armaments","floor":10},{"not_picked":["Wild Strike","Flex"],"picked":"Whirlwind","floor":14}],"player_experience":305188,"relics_obtained":[{"floor":7,"key":"Letter Opener"},{"floor":9,"key":"The Courier"},{"floor":14,"key":"Sundial"}],"event_choices":[{"cards_removed":["Strike_R"],"damage_healed":0,"gold_gain":0,"player_choice":"Offered Basic","damage_taken":0,"max_hp_gain":0,"max_hp_loss":0,"event_name":"Bonfire Elementals","floor":3,"gold_loss":0},{"damage_healed":0,"gold_gain":100,"player_choice":"Pray","damage_taken":0,"max_hp_gain":0,"max_hp_loss":0,"event_name":"Golden Shrine","floor":12,"gold_loss":0}],"is_beta":false,"boss_relics":[],"items_purged_floors":[],"is_endless":false,"potions_floor_spawned":[2,7,8],"killed_by":"The Guardian","ascension_level":5}