{"gold_per_floor":[112,112,128,145,161,161,191,37,37,53,73,89,89,104,104,205,205,222,206,305,230,230,230,246,246,272,300,315,332,332,206,206,309,309,323,323,103,103,122,122,156,156,235,335,352,352,352,371,371,371],"floor_reached":50,"playtime":4040,"items_purged":["Defend_B","Defend_B"],"score":593,"play_id":"dcbd2362-fd2f-4d15-9a50-c41a84cfa193","local_time":"20190414140823","is_ascension_mode":true,"campfire_choices":[{"data":"Chaos","floor":6,"key":"SMITH"},{"floor":13,"key":"REST"},{"floor":15,"key":"REST"},{"floor":23,"key":"REST"},{"floor":25,"key":"REST"},{"floor":30,"key":"REST"},{"floor":32,"key":"REST"},{"data":"Machine Learning","floor":40,"key":"SMITH"},{"floor":47,"key":"REST"},{"floor":49,"key":"REST"}],"neow_cost":"NONE","seed_source_timestamp":328675607827808,"circlet_count":0,"master_deck":["Strike_B","Strike_B","Defend_B","Defend_B","Zap+1","Dualcast","Chaos+1","Force Field","Conserve Battery","Genetic Algorithm","Multi-Cast","Capacitor","Cold Snap","Cold Snap","Capacitor","Cold Snap","Thunder Strike","Conserve Battery","Conserve Battery+1","Undo+1","Glacier+1","Static Discharge","Ball Lightning","Machine Learning+1","Ball Lightning","Blizzard","Redo+1","Glacier+1","Hologram+1","Compile Driver+1"],"relics":["Cracked Core","NeowsBlessing","Blood Vial","Mummified Hand","Sozu","Torii","Lantern","War Paint","Velvet Choker","DataDisk","Question Card","Pear","Peace Pipe","Art of War"],"potions_floor_usage":[14,16,24],"damage_taken":[{"damage":0,"enemies":"Jaw Worm","floor":1,"turns":1},{"damage":0,"enemies":"Cultist","floor":3,"turns":1},{"damage":0,"enemies":"Small Slimes","floor":4,"turns":1},{"damage":1,"enemies":"Looter","floor":5,"turns":3},{"damage":39,"enemies":"Lagavulin","floor":7,"turns":10},{"damage":14,"enemies":"Large Slime","floor":10,"turns":7},{"damage":0,"enemies":"Exordium Wildlife","floor":11,"turns":3},{"damage":4,"enemies":"Blue Slaver","floor":12,"turns":3},{"damage":18,"enemies":"Lots of Slimes","floor":14,"turns":4},{"damage":22,"enemies":"Hexaghost","floor":16,"turns":8},{"damage":20,"enemies":"Shell Parasite","floor":18,"turns":5},{"damage":25,"enemies":"2 Thieves","floor":19,"turns":4},{"damage":16,"enemies":"Snake Plant","floor":24,"turns":6},{"damage":38,"enemies":"Slavers","floor":27,"turns":6},{"damage":2,"enemies":"Snecko","floor":28,"turns":5},{"damage":6,"enemies":"Shelled Parasite and Fungi","floor":29,"turns":5},{"damage":50,"enemies":"Collector","floor":33,"turns":15},{"damage":1,"enemies":"Orb Walker","floor":35,"turns":3},{"damage":0,"enemies":"3 Shapes","floor":39,"turns":4},{"damage":34,"enemies":"Nemesis","floor":41,"turns":7},{"damage":0,"enemies":"Mind Bloom Boss Battle","floor":44,"turns":7},{"damage":39,"enemies":"3 Darklings","floor":45,"turns":5},{"damage":28,"enemies":"4 Shapes","floor":48,"turns":5},{"damage":42,"enemies":"Awakened One","floor":50,"turns":15}],"seed_played":"7007362482288895856","potions_obtained":[{"floor":1,"key":"Dexterity Potion"},{"floor":4,"key":"FocusPotion"},{"floor":5,"key":"Strength Potion"},{"floor":12,"key":"Energy Potion"}],"is_trial":false,"path_per_floor":["M","?","M","M","M","R","E","$","T","M","M","M","R","M","R","B",null,"M","M","?","?","?","R","M","R","T","E","M","M","R","$","R","B",null,"M","?","$","?","M","R","E","?","T","?","M","T","R","M","R","B"],"character_chosen":"DEFECT","items_purchased":["Capacitor","Ball Lightning","DataDisk","Blizzard"],"campfire_rested":8,"item_purchase_floors":[8,31,37,37],"current_hp_per_floor":[75,75,75,75,74,74,35,35,35,23,25,23,45,29,51,31,75,55,32,32,32,32,54,40,62,62,26,26,22,44,44,66,18,75,74,74,74,74,75,75,41,41,51,53,16,16,41,15,40,0],"gold":371,"neow_bonus":"THREE_ENEMY_KILL","is_prod":false,"is_daily":false,"chose_seed":false,"campfire_upgraded":2,"win_rate":0,"timestamp":1555261703,"path_taken":["M","?","M","M","M","R","E","$","T","M","M","?","R","M","R","BOSS","M","M","?","?","?","R","M","R","T","E","M","M","R","$","R","BOSS","M","?","$","?","M","R","E","?","T","?","?","?","R","M","R","BOSS"],"build_version":"2019-01-23","purchased_purges":2,"victory":false,"max_hp_per_floor":[75,75,75,75,75,75,75,75,75,75,75,75,75,75,75,75,75,75,75,75,75,75,75,75,75,75,75,75,75,75,75,75,75,75,75,75,75,75,75,75,75,75,85,85,85,85,85,85,85,85],"card_choices":[{"not_picked":["Steam","Gash"],"picked":"Chaos","floor":1},{"not_picked":["Streamline","Storm"],"picked":"Conserve Battery","floor":3},{"not_picked":["Compile Driver","Rip and Tear"],"picked":"Genetic Algorithm","floor":4},{"not_picked":["Conserve Battery","Sweeping Beam"],"picked":"Melter","floor":5},{"not_picked":["Coolheaded","Turbo"],"picked":"Multi-Cast","floor":7},{"not_picked":["Ball Lightning","Redo"],"picked":"Cold Snap","floor":10},{"not_picked":["Reinforced Body","Scrape"],"picked":"Cold Snap","floor":11},{"not_picked":["Beam Cell","Blizzard"],"picked":"Capacitor","floor":12},{"not_picked":["Darkness","Compile Driver"],"picked":"Cold Snap","floor":14},{"not_picked":["Machine Learning","Multi-Cast"],"picked":"Thunder Strike","floor":16},{"not_picked":["Gash","Rebound"],"picked":"Conserve Battery","floor":18},{"not_picked":["Auto Shields+1","Compile Driver"],"picked":"Conserve Battery+1","floor":19},{"not_picked":["Melter","Barrage"],"picked":"Undo","floor":24},{"not_picked":["Hyperbeam","Hello World"],"picked":"Glacier+1","floor":27},{"not_picked":["Hello World","Rip and Tear"],"picked":"Static Discharge","floor":28},{"not_picked":["Beam Cell","Heatsinks","Cold Snap"],"picked":"SKIP","floor":29},{"not_picked":["Seek","Multi-Cast"],"picked":"Machine Learning","floor":33},{"not_picked":["Hologram","Scrape+1"],"picked":"Ball Lightning","floor":35},{"not_picked":["Recycle+1","Doom and Gloom"],"picked":"Redo+1","floor":39},{"not_picked":["Redo","Aggregate+1","Skim+1"],"picked":"SKIP","floor":41},{"not_picked":["Turbo","Cold Snap","Melter+1"],"picked":"Glacier+1","floor":44},{"not_picked":["Barrage+1","Chaos","Storm"],"picked":"Hologram+1","floor":45},{"not_picked":["Skim","Beam Cell","Steam+1"],"picked":"Compile Driver+1","floor":48}],"player_experience":271974,"relics_obtained":[{"floor":7,"key":"Blood Vial"},{"floor":9,"key":"Mummified Hand"},{"floor":26,"key":"Lantern"},{"floor":27,"key":"War Paint"},{"floor":41,"key":"Question Card"},{"floor":43,"key":"Pear"},{"floor":44,"key":"Peace Pipe"},{"floor":46,"key":"Art of War"}],"event_choices":[{"damage_healed":0,"gold_gain":0,"cards_transformed":["Strike_B"],"player_choice":"Transformed","damage_taken":0,"max_hp_gain":0,"max_hp_loss":0,"event_name":"Transmorgrifier","floor":2,"gold_loss":0,"cards_obtained":["Force Field"]},{"damage_healed":0,"gold_gain":99,"player_choice":"Stole From Cult","damage_taken":0,"max_hp_gain":0,"max_hp_loss":0,"event_name":"Nest","floor":20,"gold_loss":0},{"cards_removed":["Strike_B"],"damage_healed":0,"gold_gain":0,"player_choice":"Gave Gold","damage_taken":0,"max_hp_gain":0,"max_hp_loss":0,"event_name":"Beggar","floor":21,"gold_loss":75},{"damage_healed":0,"gold_gain":0,"player_choice":"Opened","damage_taken":0,"relics_obtained":["Torii"],"max_hp_gain":0,"max_hp_loss":0,"event_name":"The Mausoleum","floor":22,"gold_loss":0},{"cards_removed":["Melter"],"damage_healed":0,"gold_gain":0,"player_choice":"Removed Attack","damage_taken":0,"max_hp_gain":0,"max_hp_loss":0,"event_name":"Falling","floor":36,"gold_loss":0},{"damage_healed":0,"gold_gain":0,"player_choice":"Ignored","damage_taken":0,"max_hp_gain":0,"max_hp_loss":0,"event_name":"Mysterious Sphere","floor":38,"gold_loss":0},{"damage_healed":0,"gold_gain":0,"player_choice":"Ignored","damage_taken":0,"max_hp_gain":0,"max_hp_loss":0,"event_name":"Tomb of Lord Red Mask","floor":42,"gold_loss":0},{"damage_healed":0,"gold_gain":0,"player_choice":"Fight","damage_taken":0,"max_hp_gain":0,"max_hp_loss":0,"event_name":"MindBloom","floor":44,"gold_loss":0}],"is_beta":false,"boss_relics":[{"not_picked":["Busted Crown","Tiny House"],"picked":"Sozu"},{"not_picked":["Black Star","Fusion Hammer"],"picked":"Velvet Choker"}],"items_purged_floors":[8,31],"is_endless":false,"potions_floor_spawned":[1,4,5,7,12,19,27,29,33,39,41,48],"killed_by":"Awakened One","ascension_level":4}