{"gold_per_floor":[112,112,128,128,28,28,61,61,112,112,112,126,169,190,190,281,281,300,222,272,272,48,48,87,87,87,130,130,155,0,20,20,109,109,127,127,190,190,213,213,234,234,234,234,259,134,170,188,188,188,188],"floor_reached":52,"playtime":2914,"items_purged":["Strike_B","Pain","Gash"],"score":2098,"play_id":"99bc5327-f9aa-42b1-b69e-9e035ab79142","local_time":"20190406205641","is_ascension_mode":true,"campfire_choices":[{"data":"Zap","floor":6,"key":"SMITH"},{"data":"Coolheaded","floor":15,"key":"SMITH"},{"data":"Coolheaded","floor":23,"key":"SMITH"},{"data":"Redo","floor":25,"key":"SMITH"},{"data":"Coolheaded","floor":28,"key":"SMITH"},{"floor":32,"key":"REST"},{"data":"Madness","floor":40,"key":"SMITH"},{"data":"Madness","floor":42,"key":"SMITH"},{"data":"Streamline","floor":44,"key":"SMITH"},{"data":"Force Field","floor":49,"key":"SMITH"}],"neow_cost":"PERCENT_DAMAGE","seed_source_timestamp":1083244867020,"circlet_count":0,"master_deck":["AscendersBane","Zap+1","Dualcast+1","FTL","Rebound","Genetic Algorithm","Conserve Battery","Coolheaded+1","Genetic Algorithm","All For One","Force Field+1","Redo+1","Biased Cognition+1","Self Repair+1","Ball Lightning","Streamline+1","Coolheaded+1","Coolheaded+1","Buffer+1","Madness+1","Madness+1","Loop+1"],"relics":["Cracked Core","Meat on the Bone","Frozen Egg 2","Ancient Tea Set","Golden Idol","WarpedTongs","Bag of Preparation","Pandora\u0027s Box","OrangePellets","PreservedInsect","Matryoshka","Singing Bowl","Nuclear Battery","Torii","Vajra","Bottled Lightning","Smiling Mask"],"potions_floor_usage":[7,13,21,21,37,47,51],"damage_taken":[{"damage":4,"enemies":"2 Louse","floor":1,"turns":2},{"damage":1,"enemies":"Cultist","floor":3,"turns":3},{"damage":30,"enemies":"Gremlin Nob","floor":7,"turns":4},{"damage":9,"enemies":"Small Slimes","floor":12,"turns":3},{"damage":21,"enemies":"Lagavulin","floor":13,"turns":6},{"damage":7,"enemies":"Looter","floor":14,"turns":3},{"damage":19,"enemies":"The Guardian","floor":16,"turns":13},{"damage":4,"enemies":"Chosen","floor":18,"turns":3},{"damage":42,"enemies":"Book of Stabbing","floor":24,"turns":6},{"damage":13,"enemies":"Gremlin Leader","floor":27,"turns":4},{"damage":6,"enemies":"3 Byrds","floor":29,"turns":5},{"damage":24,"enemies":"Snake Plant","floor":31,"turns":6},{"damage":7,"enemies":"Automaton","floor":33,"turns":9},{"damage":0,"enemies":"3 Shapes","floor":35,"turns":4},{"damage":0,"enemies":"2 Orb Walkers","floor":37,"turns":4},{"damage":0,"enemies":"3 Darklings","floor":39,"turns":6},{"damage":0,"enemies":"Writhing Mass","floor":41,"turns":6},{"damage":7,"enemies":"4 Shapes","floor":45,"turns":3},{"damage":0,"enemies":"Nemesis","floor":47,"turns":6},{"damage":0,"enemies":"Jaw Worm Horde","floor":48,"turns":3},{"damage":0,"enemies":"Time Eater","floor":50,"turns":17},{"damage":0,"enemies":"Donu and Deca","floor":51,"turns":11}],"seed_played":"-4516314416125351541","potions_obtained":[{"floor":1,"key":"Ancient Potion"},{"floor":7,"key":"Poison Potion"},{"floor":14,"key":"Ancient Potion"},{"floor":21,"key":"Fruit Juice"},{"floor":21,"key":"Fruit Juice"},{"floor":27,"key":"FearPotion"},{"floor":35,"key":"FocusPotion"},{"floor":37,"key":"Swift Potion"}],"is_trial":false,"path_per_floor":["M","?","M","T","$","R","E","?","T","?","?","M","E","M","R","B",null,"M","$","?","?","$","R","E","R","T","E","R","M","$","M","R","B",null,"M","?","?","?","M","R","M","R","T","R","M","$","E","M","R","B","B",null],"character_chosen":"DEFECT","items_purchased":["Rebound","Gash","Coolheaded","OrangePellets","PowerPotion"],"campfire_rested":1,"item_purchase_floors":[5,19,19,22,30],"current_hp_per_floor":[42,81,80,80,80,80,50,55,55,55,55,46,37,42,42,35,67,73,73,73,83,83,83,63,63,63,62,62,68,68,68,94,94,94,96,79,91,91,98,98,100,100,100,100,102,102,104,106,106,106,106],"gold":188,"neow_bonus":"THREE_RARE_CARDS","is_prod":false,"is_daily":false,"chose_seed":false,"campfire_upgraded":9,"win_rate":0,"timestamp":1554598601,"path_taken":["M","?","?","?","$","R","E","?","T","?","?","M","E","M","R","BOSS","M","?","?","?","$","R","E","R","T","E","R","?","?","M","R","BOSS","M","?","?","?","M","R","M","R","T","R","?","$","E","M","R","BOSS","BOSS"],"build_version":"2019-04-04","purchased_purges":3,"victory":true,"max_hp_per_floor":[71,81,81,81,81,81,81,86,86,78,78,78,78,78,78,78,78,78,78,78,88,88,88,88,88,88,90,90,92,92,94,94,94,94,96,96,98,98,98,98,100,100,100,100,102,102,104,106,106,106,106],"card_choices":[{"not_picked":["Fission","Creative AI"],"picked":"Buffer","floor":0},{"not_picked":["Tempest","Aggregate","Conserve Battery"],"picked":"SKIP","floor":1},{"not_picked":["Coolheaded","Stack"],"picked":"FTL","floor":3},{"not_picked":["Gash","Force Field"],"picked":"Genetic Algorithm","floor":7},{"not_picked":["White Noise","Stack"],"picked":"Conserve Battery","floor":12},{"not_picked":["Genetic Algorithm","Streamline"],"picked":"Coolheaded","floor":13},{"not_picked":["Hyperbeam","Streamline"],"picked":"Genetic Algorithm","floor":14},{"not_picked":["Barrage","Conserve Battery"],"picked":"Coolheaded","floor":18},{"not_picked":["Sweeping Beam","Rebound+1","Reprogram"],"picked":"SKIP","floor":24},{"not_picked":["Compile Driver","Cold Snap+1","Conserve Battery"],"picked":"Singing Bowl","floor":27},{"not_picked":["Coolheaded","Rip and Tear","Sunder"],"picked":"Singing Bowl","floor":29},{"not_picked":["Cold Snap+1","Chill","Steam Power+1"],"picked":"Singing Bowl","floor":31},{"not_picked":["Thunder Strike","Machine Learning+1"],"picked":"Buffer+1","floor":33},{"not_picked":["Beam Cell","Streamline+1","Storm+1"],"picked":"Singing Bowl","floor":35},{"not_picked":["Steam Power","Beam Cell+1","Steam+1"],"picked":"Singing Bowl","floor":37},{"not_picked":["White Noise+1","Reprogram+1"],"picked":"Loop+1","floor":39},{"not_picked":["Genetic Algorithm","Blizzard","Hologram"],"picked":"Singing Bowl","floor":41},{"not_picked":["Streamline+1","Cold Snap","Reinforced Body"],"picked":"Singing Bowl","floor":45},{"not_picked":["Reprogram","Leap","Consume"],"picked":"Singing Bowl","floor":47},{"not_picked":["Redo","Turbo+1","Ball Lightning+1"],"picked":"Singing Bowl","floor":48}],"player_experience":960146,"relics_obtained":[{"floor":4,"key":"Meat on the Bone"},{"floor":7,"key":"Frozen Egg 2"},{"floor":9,"key":"Ancient Tea Set"},{"floor":13,"key":"Bag of Preparation"},{"floor":24,"key":"PreservedInsect"},{"floor":26,"key":"Matryoshka"},{"floor":27,"key":"Singing Bowl"},{"floor":37,"key":"Torii"},{"floor":43,"key":"Vajra"},{"floor":43,"key":"Bottled Lightning"},{"floor":47,"key":"Smiling Mask"}],"event_choices":[{"cards_removed":["Buffer"],"damage_healed":29,"gold_gain":0,"player_choice":"Offered Rare","damage_taken":0,"max_hp_gain":10,"max_hp_loss":0,"event_name":"Bonfire Elementals","floor":2,"gold_loss":0},{"damage_healed":0,"gold_gain":0,"player_choice":"Donut","damage_taken":0,"max_hp_gain":5,"max_hp_loss":0,"event_name":"Big Fish","floor":8,"gold_loss":0},{"damage_healed":0,"gold_gain":0,"player_choice":"Lose Max HP","damage_taken":0,"relics_obtained":["Golden Idol"],"max_hp_gain":0,"max_hp_loss":8,"event_name":"Golden Idol","floor":10,"gold_loss":0},{"damage_healed":0,"gold_gain":0,"player_choice":"Rummage","damage_taken":0,"relics_obtained":["WarpedTongs"],"max_hp_gain":0,"max_hp_loss":0,"event_name":"Accursed Blacksmith","floor":11,"gold_loss":0,"cards_obtained":["Pain"]},{"damage_healed":0,"gold_gain":50,"player_choice":"Stole From Cult","damage_taken":0,"max_hp_gain":0,"max_hp_loss":0,"event_name":"Nest","floor":20,"gold_loss":0},{"damage_healed":0,"gold_gain":0,"player_choice":"Got Potions","damage_taken":0,"max_hp_gain":0,"max_hp_loss":0,"event_name":"Lab","floor":21,"gold_loss":0},{"damage_healed":0,"gold_gain":0,"player_choice":"Embrace Madness","damage_taken":17,"max_hp_gain":0,"max_hp_loss":0,"event_name":"Winding Halls","floor":36,"gold_loss":0,"cards_obtained":["Madness","Madness"]},{"damage_healed":0,"gold_gain":0,"player_choice":"Fight","damage_taken":0,"max_hp_gain":0,"max_hp_loss":0,"event_name":"Mysterious Sphere","floor":37,"gold_loss":0},{"damage_healed":0,"gold_gain":0,"player_choice":"Upgraded","damage_taken":0,"max_hp_gain":0,"max_hp_loss":0,"event_name":"Upgrade Shrine","floor":38,"gold_loss":0,"cards_upgraded":["Dualcast"]}],"is_beta":true,"boss_relics":[{"not_picked":["Tiny House","Snecko Eye"],"picked":"Pandora\u0027s Box"},{"not_picked":["Philosopher\u0027s Stone","Astrolabe"],"picked":"Nuclear Battery"}],"items_purged_floors":[5,30,46],"is_endless":false,"potions_floor_spawned":[1,7,14,27,29,35,37,45],"ascension_level":20}