{"gold_per_floor":[110,110,32,32,43,43,75,75,75,87,119,119,145,155,155,234,234,248,173,173,5,16,49,63,89,89,105,22,48,66,91,91,170,170,187,207,227,279,279,310,310,335,335,335,353,365,398,17,17,17,17],"floor_reached":52,"playtime":2798,"items_purged":["Strike_G","Strike_G"],"score":2476,"play_id":"0edc007d-b292-435b-9aab-b08e32d207df","local_time":"20180922004531","is_ascension_mode":true,"campfire_choices":[{"data":"Noxious Fumes","floor":6.0,"key":"SMITH"},{"floor":8.0,"key":"REST"},{"data":"Footwork","floor":15.0,"key":"SMITH"},{"data":"Infinite Blades","floor":32.0,"key":"SMITH"},{"data":"Adrenaline","floor":41.0,"key":"SMITH"},{"data":"Footwork","floor":44.0,"key":"SMITH"},{"data":"Storm of Steel","floor":49.0,"key":"SMITH"}],"neow_cost":"NONE","seed_source_timestamp":363667082360677,"circlet_count":0,"master_deck":["Defend_G","Defend_G","Defend_G","Defend_G","Defend_G","Strike_G","Survivor","Neutralize","AscendersBane","All Out Attack","Deadly Poison","Noxious Fumes+1","Riddle With Holes+1","Neutralize+1","Quick Slash","Footwork+1","Backflip","Blade Dance","Blade Dance","Adrenaline+1","Necronomicurse","Infinite Blades","Backstab","Endless Agony","Leg Sweep","Concentrate","Die Die Die","Footwork+1","Infinite Blades+1","Dash","Storm of Steel+1","Cloak And Dagger","Backstab+1","Storm of Steel"],"special_seed":0,"relics":["Ring of the Snake","FaceOfCleric","Shuriken","Dead Branch","Ninja Scroll","Pantograph","Sozu","Necronomicon","Sundial","Question Card","Whetstone","Bronze Scales","Mercury Hourglass","Cursed Key","Calipers","Bag of Preparation","Tingsha","Potion Belt","Bottled Lightning"],"potions_floor_usage":[],"damage_taken":[{"damage":1.0,"enemies":"2 Louse","floor":1.0,"turns":3.0},{"damage":4.0,"enemies":"Cultist","floor":5.0,"turns":3.0},{"damage":32.0,"enemies":"Lagavulin","floor":7.0,"turns":7.0},{"damage":1.0,"enemies":"Small Slimes","floor":10.0,"turns":3.0},{"damage":6.0,"enemies":"Gremlin Nob","floor":11.0,"turns":3.0},{"damage":0.0,"enemies":"Lagavulin","floor":13.0,"turns":1.0},{"damage":1.0,"enemies":"3 Louse","floor":14.0,"turns":3.0},{"damage":25.0,"enemies":"Hexaghost","floor":16.0,"turns":9.0},{"damage":0.0,"enemies":"Spheric Guardian","floor":18.0,"turns":1.0},{"damage":0.0,"enemies":"Chosen","floor":22.0,"turns":2.0},{"damage":9.0,"enemies":"Slavers","floor":23.0,"turns":2.0},{"damage":7.0,"enemies":"Snake Plant","floor":24.0,"turns":2.0},{"damage":0.0,"enemies":"Book of Stabbing","floor":25.0,"turns":1.0},{"damage":0.0,"enemies":"Snecko","floor":27.0,"turns":1.0},{"damage":0.0,"enemies":"Gremlin Leader","floor":29.0,"turns":4.0},{"damage":1.0,"enemies":"Centurion and Healer","floor":30.0,"turns":3.0},{"damage":0.0,"enemies":"Slavers","floor":31.0,"turns":2.0},{"damage":0.0,"enemies":"Collector","floor":33.0,"turns":4.0},{"damage":1.0,"enemies":"3 Shapes","floor":35.0,"turns":3.0},{"damage":3.0,"enemies":"3 Darklings","floor":36.0,"turns":2.0},{"damage":5.0,"enemies":"Sphere and 2 Shapes","floor":37.0,"turns":3.0},{"damage":6.0,"enemies":"Mysterious Sphere","floor":38.0,"turns":5.0},{"damage":0.0,"enemies":"Giant Head","floor":40.0,"turns":5.0},{"damage":2.0,"enemies":"2 Orb Walkers","floor":42.0,"turns":3.0},{"damage":0.0,"enemies":"Transient","floor":45.0,"turns":5.0},{"damage":0.0,"enemies":"3 Darklings","floor":46.0,"turns":1.0},{"damage":0.0,"enemies":"Nemesis","floor":47.0,"turns":1.0},{"damage":79.0,"enemies":"Awakened One","floor":50.0,"turns":8.0},{"damage":35,"enemies":"Time Eater","floor":51,"turns":6}],"seed_played":"-625382780623171377","potions_obtained":[{"floor":7.0,"key":"Poison Potion"},{"floor":11.0,"key":"Fire Potion"},{"floor":13.0,"key":"Poison Potion"},{"floor":16.0,"key":"Fire Potion"}],"is_trial":false,"path_per_floor":["M","?","$","?","M","R","E","R","T","M","E","?","E","M","R","B",null,"M","?","?","$","M","E","M","E","T","M","$","E","M","E","R","B",null,"M","M","M","?","?","E","R","E","T","R","M","M","E","$","R","B","B"],"character_chosen":"THE_SILENT","items_purchased":["Noxious Fumes","Infinite Blades","Die Die Die","Bottled Lightning"],"campfire_rested":1,"item_purchase_floors":[3,21,28,48],"current_hp_per_floor":[58,58,58,58,55,55,24,44,44,44,39,44,45,45,45,46,70,71,71,50,50,51,43,37,38,38,39,39,40,40,41,41,67,83,83,81,77,72,72,73,73,72,72,72,73,74,75,75,75,19,10],"gold":17,"neow_bonus":"TRANSFORM_CARD","is_prod":false,"is_daily":false,"chose_seed":false,"campfire_upgraded":6,"win_rate":0,"timestamp":1537591531,"path_taken":["M","?","$","?","M","R","E","R","T","M","E","?","E","M","R","BOSS","M","?","?","$","M","E","?","E","T","?","$","E","M","E","R","BOSS","M","M","M","?","?","E","R","E","T","R","M","M","E","$","R","BOSS","BOSS"],"build_version":"2018-09-20","purchased_purges":2,"victory":true,"max_hp_per_floor":[66,66,66,66,67,67,68,68,68,69,70,75,76,77,77,78,78,79,79,79,79,80,81,82,83,83,84,84,85,86,87,87,88,88,89,90,91,92,92,93,93,94,94,94,95,96,97,97,97,98,99],"card_choices":[{"not_picked":["Prepared","Deflect"],"picked":"Deadly Poison","floor":1.0},{"not_picked":["Choke","Prepared"],"picked":"Quick Slash","floor":5.0},{"not_picked":["Noxious Fumes","Slice"],"picked":"Footwork","floor":7.0},{"not_picked":["Expertise","Bane","Riddle With Holes"],"picked":"SKIP","floor":10.0},{"not_picked":["Sucker Punch","Poisoned Stab"],"picked":"Backflip","floor":11.0},{"not_picked":["Outmaneuver","Escape Plan"],"picked":"Blade Dance","floor":13.0},{"not_picked":["PiercingWail","Quick Slash"],"picked":"Blade Dance","floor":14.0},{"not_picked":["Doppelganger","A Thousand Cuts"],"picked":"Adrenaline","floor":16.0},{"not_picked":["Outmaneuver","Deadly Poison"],"picked":"Well Laid Plans","floor":18.0},{"not_picked":["Distraction","Sucker Punch"],"picked":"Backstab","floor":22.0},{"not_picked":["Skewer","Setup"],"picked":"Endless Agony","floor":23.0},{"not_picked":["Caltrops","Flying Knee"],"picked":"Leg Sweep","floor":24.0},{"not_picked":["Poisoned Stab","Slice"],"picked":"Concentrate","floor":25.0},{"not_picked":["Escape Plan","Dodge and Roll","Backflip","Deadly Poison"],"picked":"SKIP","floor":27.0},{"not_picked":["Bouncing Flask","Backstab","PiercingWail"],"picked":"Footwork","floor":29.0},{"not_picked":["Endless Agony","Caltrops","PiercingWail"],"picked":"Infinite Blades","floor":30.0},{"not_picked":["Corpse Explosion","Eviscerate","Sucker Punch"],"picked":"Dash","floor":31.0},{"not_picked":["Grand Finale","Night Terror","A Thousand Cuts"],"picked":"Storm of Steel","floor":33.0},{"not_picked":["Well Laid Plans","Poisoned Stab","Skewer+1"],"picked":"Cloak And Dagger","floor":35.0},{"not_picked":["Dagger Spray","Underhanded Strike","Tactician","Slice+1"],"picked":"SKIP","floor":36.0},{"not_picked":["Eviscerate","Dagger Spray+1","PiercingWail"],"picked":"Backstab+1","floor":37.0},{"not_picked":["Slice","Deadly Poison","Heel Hook+1"],"picked":"Storm of Steel","floor":40.0},{"not_picked":["Skewer","Underhanded Strike+1","Riddle With Holes+1","Acrobatics"],"picked":"SKIP","floor":42.0},{"not_picked":["Skewer","Underhanded Strike+1","Riddle With Holes+1","Acrobatics"],"picked":"SKIP","floor":42.0},{"not_picked":["Bane","Expertise","Dodge and Roll","Blade Dance"],"picked":"SKIP","floor":45.0},{"not_picked":["Skewer+1","Tactician","Cloak And Dagger","Poisoned Stab"],"picked":"SKIP","floor":46.0},{"not_picked":["Wraith Form v2","Poisoned Stab","Well Laid Plans","Blade Dance"],"picked":"SKIP","floor":47.0}],"player_experience":596446,"relics_obtained":[{"floor":7.0,"key":"Shuriken"},{"floor":9.0,"key":"Dead Branch"},{"floor":11.0,"key":"Ninja Scroll"},{"floor":13.0,"key":"Pantograph"},{"floor":20.0,"key":"Necronomicon"},{"floor":23.0,"key":"Sundial"},{"floor":25.0,"key":"Question Card"},{"floor":26.0,"key":"Whetstone"},{"floor":29.0,"key":"Bronze Scales"},{"floor":31.0,"key":"Mercury Hourglass"},{"floor":38.0,"key":"Calipers"},{"floor":40.0,"key":"Bag of Preparation"},{"floor":42.0,"key":"Tingsha"},{"floor":47.0,"key":"Potion Belt"}],"event_choices":[{"event_name":"FaceTrader","player_choice":"Trade","floor":2.0,"damage_taken":0.0},{"event_name":"Match and Keep!","player_choice":"2 cards matched","floor":4.0,"damage_taken":0.0},{"event_name":"Big Fish","player_choice":"Donut","floor":12.0,"damage_taken":0.0},{"event_name":"Beggar","player_choice":"Gave Gold","floor":19.0,"damage_taken":0.0},{"event_name":"Cursed Tome","player_choice":"Obtained Book","floor":20.0,"damage_taken":0.0},{"event_name":"Mysterious Sphere","player_choice":"Fight","floor":38.0,"damage_taken":0.0},{"event_name":"Falling","player_choice":"Removed Power","floor":39.0,"damage_taken":0.0}],"is_beta":true,"boss_relics":[{"not_picked":["Snecko Eye","Calling Bell"],"picked":"Sozu"},{"not_picked":["Philosopher\u0027s Stone","Tiny House"],"picked":"Cursed Key"}],"items_purged_floors":[21,48],"is_endless":false,"potions_floor_spawned":[7,11,13,16,18,25,27,31,37,42,46,47],"ascension_level":20}