{"gold_per_floor":[111,121,121,11,25,54,54,88,88,88,388,406,406,419,419,522,522,541,554,92,92,16,16,30,30,30,30,46,46,61,74,74,74],"floor_reached":33,"playtime":1726,"items_purged":["Defend_B"],"score":257,"play_id":"01426a94-b848-4dc7-af53-868a88b7c039","local_time":"20181220204740","is_ascension_mode":false,"campfire_choices":[{"floor":7,"key":"REST"},{"floor":10,"key":"REST"},{"floor":13,"key":"REST"},{"floor":15,"key":"DIG"},{"floor":23,"key":"REST"},{"floor":25,"key":"REST"},{"floor":27,"key":"DIG"},{"floor":32,"key":"REST"}],"neow_cost":"NONE","seed_source_timestamp":8533666490928,"circlet_count":0,"master_deck":["Strike_B","Strike_B","Strike_B","Strike_B","Defend_B","Defend_B","Defend_B","Zap","Dualcast","Double Energy","Defragment","Darkness","Barrage","Multi-Cast","Echo Form","Capacitor","Barrage","Machine Learning+1","Fusion","Sunder+1","Glacier","Streamline","Loop","Cold Snap","Coolheaded","Cold Snap","Meteor Strike","Darkness"],"relics":["Cracked Core","NeowsBlessing","Ancient Tea Set","Shovel","Shuriken","Old Coin","Cables","Philosopher\u0027s Stone","Turnip","Prayer Wheel","Girya"],"potions_floor_usage":[14,19,19,24,30],"damage_taken":[{"damage":0,"enemies":"Small Slimes","floor":1,"turns":1},{"damage":0,"enemies":"Cultist","floor":2,"turns":1},{"damage":0,"enemies":"Jaw Worm","floor":5,"turns":1},{"damage":21,"enemies":"Lagavulin","floor":6,"turns":7},{"damage":47,"enemies":"Gremlin Nob","floor":8,"turns":5},{"damage":3,"enemies":"Red Slaver","floor":12,"turns":3},{"damage":0,"enemies":"Looter","floor":14,"turns":1},{"damage":6,"enemies":"Slime Boss","floor":16,"turns":6},{"damage":2,"enemies":"Chosen","floor":18,"turns":4},{"damage":33,"enemies":"2 Thieves","floor":19,"turns":3},{"damage":16,"enemies":"Centurion and Healer","floor":24,"turns":5},{"damage":16,"enemies":"Snecko","floor":28,"turns":3},{"damage":16,"enemies":"Sentry and Sphere","floor":30,"turns":5},{"damage":18,"enemies":"Cultist and Chosen","floor":31,"turns":8},{"damage":42,"enemies":"Champ","floor":33,"turns":3}],"seed_played":"6544565339378239752","potions_obtained":[{"floor":2,"key":"Strength Potion"},{"floor":8,"key":"PowerPotion"},{"floor":12,"key":"AttackPotion"},{"floor":14,"key":"AttackPotion"},{"floor":18,"key":"PowerPotion"},{"floor":28,"key":"Fire Potion"}],"is_trial":false,"path_per_floor":["M","M","?","$","M","E","R","E","T","R","T","M","R","M","R","B",null,"M","M","$","?","$","R","M","R","T","R","M","$","M","M","R","B"],"character_chosen":"DEFECT","items_purchased":["Defragment","Darkness","Glacier","Streamline","Turnip","Loop"],"campfire_rested":6,"item_purchase_floors":[4,4,20,20,20,22],"current_hp_per_floor":[75,75,75,75,75,54,75,28,28,50,50,47,69,69,69,63,75,73,40,40,40,40,62,46,68,68,68,52,52,36,18,40,0],"gold":74,"neow_bonus":"THREE_ENEMY_KILL","is_prod":false,"is_daily":false,"chose_seed":false,"campfire_upgraded":0,"win_rate":0,"timestamp":1545353260,"path_taken":["M","M","?","$","?","E","R","E","T","R","?","?","R","M","R","BOSS","M","M","$","?","$","R","M","R","T","R","M","$","?","M","R","BOSS"],"build_version":"2018-12-20","purchased_purges":1,"victory":false,"max_hp_per_floor":[75,75,75,75,75,75,75,75,75,75,75,75,75,75,75,75,75,75,75,75,75,75,75,75,75,75,75,75,75,75,75,75,75],"card_choices":[{"not_picked":["Steam","Stack"],"picked":"Double Energy","floor":1},{"not_picked":["Steam","Auto Shields","Compile Driver"],"picked":"SKIP","floor":2},{"not_picked":["Conserve Battery","BootSequence"],"picked":"Barrage","floor":5},{"not_picked":["Go for the Eyes","Compile Driver"],"picked":"Multi-Cast","floor":6},{"not_picked":["Capacitor","Ball Lightning"],"picked":"Echo Form","floor":8},{"not_picked":["Compile Driver","Beam Cell"],"picked":"Capacitor","floor":12},{"not_picked":["FTL","Tempest"],"picked":"Barrage","floor":14},{"not_picked":["Seek","Rainbow"],"picked":"Machine Learning","floor":16},{"not_picked":["Barrage","Redo"],"picked":"Fusion","floor":18},{"not_picked":["Turbo","Coolheaded"],"picked":"Sunder+1","floor":19},{"not_picked":["Leap","Conserve Battery","Storm"],"picked":"SKIP","floor":24},{"not_picked":["Self Repair","Rip and Tear"],"picked":"Cold Snap","floor":28},{"not_picked":["Chaos","Steam","Conserve Battery+1"],"picked":"SKIP","floor":28},{"not_picked":["Ball Lightning","Hologram"],"picked":"Coolheaded","floor":30},{"not_picked":["Leap","Chill+1"],"picked":"Cold Snap","floor":30},{"not_picked":["Lockon+1","Recycle"],"picked":"Meteor Strike","floor":31},{"not_picked":["Compile Driver","Static Discharge"],"picked":"Darkness","floor":31}],"player_experience":132629,"relics_obtained":[{"floor":6,"key":"Ancient Tea Set"},{"floor":8,"key":"Shovel"},{"floor":9,"key":"Shuriken"},{"floor":11,"key":"Old Coin"},{"floor":15,"key":"Cables"},{"floor":26,"key":"Prayer Wheel"},{"floor":27,"key":"Girya"}],"event_choices":[{"damage_healed":0,"gold_gain":0,"player_choice":"Bought 0 Potions","damage_taken":0,"max_hp_gain":0,"max_hp_loss":0,"event_name":"The Woman in Blue","floor":3,"gold_loss":0},{"damage_healed":0,"gold_gain":0,"player_choice":"Forge","damage_taken":0,"max_hp_gain":0,"max_hp_loss":0,"event_name":"Accursed Blacksmith","floor":21,"gold_loss":0,"cards_upgraded":["Machine Learning"]}],"is_beta":false,"boss_relics":[{"not_picked":["Busted Crown","Empty Cage"],"picked":"Philosopher\u0027s Stone"}],"items_purged_floors":[20],"is_endless":false,"potions_floor_spawned":[2,8,12,14,16,18,28],"killed_by":"Champ","ascension_level":0}