{"gold_per_floor":[110,121,196,34,51,51,63,80,107,107,120,120,133,13,13,118,118,137,156,32,49,66,66,66,66,135,153,253,253,273,284,284,387,387,400,400,412,412,425,425,176,176,255,355,382,109,109,119,119,119],"floor_reached":50,"playtime":3486,"items_purged":["Strike_B","Pain","Regret"],"score":513,"play_id":"6fc9ab97-eea8-4f9f-8c65-1496be1060d4","local_time":"20181209193354","is_ascension_mode":true,"campfire_choices":[{"data":"Rainbow","floor":6,"key":"SMITH"},{"floor":10,"key":"REST"},{"data":"Consume","floor":12,"key":"SMITH"},{"data":"Dualcast","floor":15,"key":"SMITH"},{"data":"Fission","floor":23,"key":"SMITH"},{"data":"Biased Cognition","floor":25,"key":"SMITH"},{"data":"Capacitor","floor":29,"key":"SMITH"},{"floor":32,"key":"REST"},{"data":"Echo Form","floor":40,"key":"SMITH"},{"data":"Loop","floor":42,"key":"SMITH"},{"floor":49,"key":"REST"}],"neow_cost":"NONE","seed_source_timestamp":597802731207919,"circlet_count":0,"master_deck":["Strike_B","Strike_B","Strike_B","Defend_B","Defend_B","Defend_B","Defend_B","Zap+1","Dualcast+1","Consume+1","Rainbow+1","Cold Snap","Cold Snap","Ball Lightning","Tempest","Redo","Ball Lightning","Fission+1","Capacitor+1","Capacitor+1","Defragment+1","Biased Cognition+1","Tempest","Chill+1","Double Energy+1","Echo Form+1","Blizzard+1","Darkness+1","Writhe","Loop+1","Reinforced Body+1","Barrage","Thunder Strike","Barrage+1"],"relics":["Cracked Core","NeowsBlessing","Orichalcum","Cursed Key","Shuriken","Eternal Feather","Question Card","StoneCalendar","Blood Vial","War Paint"],"potions_floor_usage":[16,22,39,50,50],"damage_taken":[{"damage":0,"enemies":"2 Louse","floor":1,"turns":1},{"damage":0,"enemies":"Cultist","floor":2,"turns":1},{"damage":0,"enemies":"Jaw Worm","floor":5,"turns":1},{"damage":7,"enemies":"Looter","floor":7,"turns":3},{"damage":17,"enemies":"Lots of Slimes","floor":8,"turns":3},{"damage":8,"enemies":"2 Fungi Beasts","floor":11,"turns":3},{"damage":0,"enemies":"Large Slime","floor":13,"turns":4},{"damage":1,"enemies":"Slime Boss","floor":16,"turns":8},{"damage":7,"enemies":"Chosen","floor":18,"turns":3},{"damage":1,"enemies":"Spheric Guardian","floor":19,"turns":3},{"damage":14,"enemies":"Snecko","floor":21,"turns":4},{"damage":2,"enemies":"3 Cultists","floor":22,"turns":4},{"damage":15,"enemies":"Snake Plant","floor":27,"turns":3},{"damage":28,"enemies":"Centurion and Healer","floor":30,"turns":3},{"damage":4,"enemies":"3 Cultists","floor":31,"turns":4},{"damage":18,"enemies":"Champ","floor":33,"turns":6},{"damage":0,"enemies":"Orb Walker","floor":35,"turns":2},{"damage":29,"enemies":"3 Darklings","floor":37,"turns":4},{"damage":20,"enemies":"Maw","floor":39,"turns":5},{"damage":11,"enemies":"Mind Bloom Boss Battle","floor":44,"turns":6},{"damage":12,"enemies":"Reptomancer","floor":45,"turns":6},{"damage":47,"enemies":"Jaw Worm Horde","floor":48,"turns":5},{"damage":81,"enemies":"Time Eater","floor":50,"turns":5}],"seed_played":"8239985462778502211","potions_obtained":[{"floor":1,"key":"FocusPotion"},{"floor":5,"key":"Ancient Potion"},{"floor":8,"key":"Energy Potion"},{"floor":18,"key":"AttackPotion"},{"floor":21,"key":"FairyPotion"},{"floor":22,"key":"Energy Potion"},{"floor":35,"key":"Ancient Potion"},{"floor":39,"key":"GamblersBrew"}],"is_trial":false,"path_per_floor":["M","M","?","$","M","R","M","M","T","R","M","R","M","$","R","B",null,"M","M","$","M","M","R","?","R","T","M","?","R","M","M","R","B",null,"M","?","M","?","M","R","$","R","T","?","E","$","?","M","R","B"],"character_chosen":"DEFECT","items_purchased":["Rainbow","Cold Snap","Ball Lightning","Capacitor","Ball Lightning","Loop","Reinforced Body","War Paint"],"campfire_rested":3,"item_purchase_floors":[4,4,14,20,20,41,41,46],"current_hp_per_floor":[75,75,68,68,68,68,61,44,44,66,58,58,58,58,58,57,75,68,67,67,53,51,51,75,75,75,60,60,60,32,28,50,32,75,75,75,46,65,45,63,63,75,75,64,52,52,52,7,47,0],"gold":119,"neow_bonus":"THREE_ENEMY_KILL","is_prod":false,"is_daily":false,"chose_seed":false,"campfire_upgraded":8,"win_rate":0,"timestamp":1544398434,"path_taken":["M","M","?","$","?","R","M","M","T","R","?","R","?","$","R","BOSS","M","M","$","M","M","R","?","R","T","M","?","R","M","?","R","BOSS","M","?","M","?","M","R","$","R","T","?","E","$","?","M","R","BOSS"],"build_version":"2018-12-06","purchased_purges":3,"victory":false,"max_hp_per_floor":[75,75,75,75,75,75,75,75,75,75,75,75,75,75,75,75,75,75,75,75,75,75,75,75,75,75,75,75,75,75,75,75,75,75,75,75,75,75,75,75,75,75,75,75,75,75,75,75,75,75],"card_choices":[{"not_picked":["Skim","Beam Cell","Turbo"],"picked":"SKIP","floor":1},{"not_picked":["Rebound","Heatsinks"],"picked":"Consume","floor":2},{"not_picked":["Storm","Steam"],"picked":"Cold Snap","floor":5},{"not_picked":["Cold Snap","Double Energy"],"picked":"Ball Lightning","floor":7},{"not_picked":["Compile Driver","Cold Snap"],"picked":"Tempest","floor":8},{"not_picked":["Recycle","Chill","BootSequence"],"picked":"SKIP","floor":11},{"not_picked":["Steam","Rebound"],"picked":"Redo","floor":13},{"not_picked":["Creative AI","Reboot"],"picked":"Fission","floor":16},{"not_picked":["Barrage","Stack","Chill"],"picked":"SKIP","floor":18},{"not_picked":["Defragment+1","Glacier+1"],"picked":"Capacitor+1","floor":19},{"not_picked":["Gash+1","Beam Cell"],"picked":"Defragment+1","floor":21},{"not_picked":["Force Field","Streamline"],"picked":"Biased Cognition","floor":22},{"not_picked":["Sweeping Beam","Hologram+1"],"picked":"Tempest","floor":27},{"not_picked":["Chill+1","Genetic Algorithm","Blizzard"],"picked":"SKIP","floor":30},{"not_picked":["Genetic Algorithm","Blizzard"],"picked":"Chill+1","floor":30},{"not_picked":["Coolheaded+1","Reprogram"],"picked":"Double Energy+1","floor":31},{"not_picked":["Biased Cognition","Seek"],"picked":"Echo Form","floor":33},{"not_picked":["Skim+1","Go for the Eyes"],"picked":"Blizzard+1","floor":35},{"not_picked":["Compile Driver","Stack+1"],"picked":"Darkness+1","floor":37},{"not_picked":["Gash","Hologram","Redo"],"picked":"SKIP","floor":39},{"not_picked":["Doom and Gloom+1","Stack","Steam"],"picked":"Barrage","floor":44},{"not_picked":["Sweeping Beam","Undo","Redo+1"],"picked":"Thunder Strike","floor":45},{"not_picked":["Beam Cell+1","Redo+1","Scrape+1"],"picked":"Barrage+1","floor":48}],"player_experience":97100,"relics_obtained":[{"floor":9,"key":"Orichalcum"},{"floor":26,"key":"Shuriken"},{"floor":43,"key":"Question Card"},{"floor":44,"key":"StoneCalendar"},{"floor":45,"key":"Blood Vial"}],"event_choices":[{"damage_healed":0,"gold_gain":75,"player_choice":"Touch","damage_taken":7,"max_hp_gain":0,"max_hp_loss":0,"event_name":"FaceTrader","floor":3,"gold_loss":0},{"damage_healed":25,"gold_gain":0,"player_choice":"Heal","damage_taken":0,"max_hp_gain":0,"max_hp_loss":0,"event_name":"The Library","floor":24,"gold_loss":0},{"damage_healed":0,"gold_gain":100,"player_choice":"Pray","damage_taken":0,"max_hp_gain":0,"max_hp_loss":0,"event_name":"Golden Shrine","floor":28,"gold_loss":0},{"damage_healed":0,"gold_gain":0,"player_choice":"Memory 1","damage_taken":0,"max_hp_gain":0,"max_hp_loss":0,"event_name":"SensoryStone","floor":36,"gold_loss":0},{"damage_healed":19,"gold_gain":0,"player_choice":"Writhe","damage_taken":0,"max_hp_gain":0,"max_hp_loss":0,"event_name":"Winding Halls","floor":38,"gold_loss":0,"cards_obtained":["Writhe"]},{"damage_healed":0,"gold_gain":0,"player_choice":"Fight","damage_taken":0,"max_hp_gain":0,"max_hp_loss":0,"event_name":"MindBloom","floor":44,"gold_loss":0},{"cards_removed":["Ball Lightning"],"damage_healed":0,"gold_gain":0,"player_choice":"Removed Attack","damage_taken":0,"max_hp_gain":0,"max_hp_loss":0,"event_name":"Falling","floor":47,"gold_loss":0}],"is_beta":false,"boss_relics":[{"not_picked":["Runic Pyramid","FrozenCore"],"picked":"Cursed Key"},{"not_picked":["Tiny House","Sozu"],"picked":"Eternal Feather"}],"items_purged_floors":[14,41,46],"is_endless":false,"potions_floor_spawned":[1,5,8,18,21,22,27,35,39,48],"killed_by":"Time Eater","ascension_level":2}