{"gold_per_floor":[119,119,44,44,65,65,79,79,79,79,93,126,150,185,185,314,314,338,263,287,310,60,94,94,39,65,90,108,129,129,129,129,255,255,270,294,24,24,49,49,49],"floor_reached":41,"playtime":2648,"items_purged":["Strike_B"],"score":653,"play_id":"e58ef57f-0208-46fd-bde6-1af82a16f835","local_time":"20190319223206","is_ascension_mode":true,"campfire_choices":[{"data":"Dualcast","floor":6.0,"key":"SMITH"},{"data":"Biased Cognition","floor":8.0,"key":"SMITH"},{"data":"White Noise","floor":10.0,"key":"SMITH"},{"floor":15.0,"key":"REST"},{"floor":24.0,"key":"REST"},{"floor":30.0,"key":"REST"},{"floor":32.0,"key":"DIG"},{"floor":40,"key":"DIG"}],"neow_cost":"NONE","seed_source_timestamp":0,"circlet_count":0,"master_deck":["Strike_B","Defend_B+1","Defend_B","Defend_B+1","Defend_B","Zap","Dualcast+1","Ball Lightning","Ball Lightning","White Noise+1","Biased Cognition+1","Compile Driver","Buffer","Streamline","Undo","Thunder Strike","Conserve Battery","Cold Snap","Hologram","Capacitor","Ball Lightning","Ball Lightning","Reinforced Body","Conserve Battery+1","Rebound+1","Barrage","Electrodynamics","Cold Snap","Loop","Undo","Biased Cognition+1","Leap+1"],"special_seed":0,"relics":["Cracked Core","Golden Idol","Unceasing Top","Ornamental Fan","The Courier","Fusion Hammer","Bag of Preparation","Bronze Scales","Tiny Chest","Regal Pillow","Shovel","Letter Opener","Cursed Key","DollysMirror","DataDisk"],"potions_floor_usage":[35,41],"damage_taken":[{"damage":7.0,"enemies":"Small Slimes","floor":1.0,"turns":2.0},{"damage":0.0,"enemies":"Jaw Worm","floor":5.0,"turns":2.0},{"damage":0.0,"enemies":"2 Louse","floor":7.0,"turns":2.0},{"damage":10.0,"enemies":"Lots of Slimes","floor":11.0,"turns":3.0},{"damage":0.0,"enemies":"Gremlin Nob","floor":12.0,"turns":2.0},{"damage":12.0,"enemies":"Gremlin Gang","floor":13.0,"turns":3.0},{"damage":0.0,"enemies":"3 Sentries","floor":14.0,"turns":2.0},{"damage":0.0,"enemies":"Slime Boss","floor":16.0,"turns":5.0},{"damage":4.0,"enemies":"Shell Parasite","floor":18.0,"turns":5.0},{"damage":5.0,"enemies":"3 Byrds","floor":20.0,"turns":4.0},{"damage":15.0,"enemies":"Shelled Parasite and Fungi","floor":21.0,"turns":5.0},{"damage":14.0,"enemies":"Gremlin Leader","floor":23.0,"turns":5.0},{"damage":11.0,"enemies":"Snecko","floor":27.0,"turns":4.0},{"damage":0.0,"enemies":"Sentry and Sphere","floor":28.0,"turns":3.0},{"damage":0.0,"enemies":"Snake Plant","floor":29.0,"turns":2.0},{"damage":21.0,"enemies":"Collector","floor":33.0,"turns":7.0},{"damage":7,"enemies":"3 Darklings","floor":35,"turns":4},{"damage":0,"enemies":"3 Shapes","floor":36,"turns":3},{"damage":0,"enemies":"Maw","floor":39,"turns":6},{"damage":62,"enemies":"Writhing Mass","floor":41,"turns":3}],"seed_played":"1247841208719775029","potions_obtained":[{"floor":5.0,"key":"EssenceOfSteel"},{"floor":7.0,"key":"AttackPotion"},{"floor":14.0,"key":"Poison Potion"},{"floor":16.0,"key":"Strength Potion"},{"floor":20.0,"key":"Ancient Potion"},{"floor":21.0,"key":"Explosive Potion"},{"floor":28.0,"key":"AttackPotion"},{"floor":29.0,"key":"Strength Potion"},{"floor":33.0,"key":"Block Potion"},{"floor":36,"key":"Fire Potion"},{"floor":39,"key":"Strength Potion"}],"is_trial":false,"path_per_floor":["M","?","$","?","M","R","M","R","T","R","M","E","M","E","R","B",null,"M","?","M","M","$","E","R","?","T","M","M","M","R","T","R","B",null,"M","M","$","$","M","R","M"],"character_chosen":"DEFECT","items_purchased":["Capacitor","Ball Lightning","Ball Lightning","Bag of Preparation","Loop","Undo","DollysMirror"],"campfire_rested":3,"item_purchase_floors":[22,22,22,22,37,37,37],"current_hp_per_floor":[68,68,68,54,54,54,54,54,54,54,44,44,32,32,52,52,69,65,65,60,45,45,31,51,51,51,40,40,40,69,69,69,48,69,62,62,62,62,62,62,0],"gold":49,"neow_bonus":"TRANSFORM_CARD","is_prod":false,"is_daily":false,"chose_seed":false,"campfire_upgraded":3,"win_rate":0,"timestamp":1553045526,"path_taken":["M","?","$","?","M","R","M","R","T","R","M","E","M","E","R","BOSS","M","?","M","M","$","E","R","?","T","M","M","M","R","?","R","BOSS","M","M","?","$","?","R","M"],"build_version":"2019-01-23","purchased_purges":1,"victory":false,"max_hp_per_floor":[75,69,69,69,69,69,69,69,69,69,69,69,69,69,69,69,69,69,69,69,69,69,69,69,69,69,69,69,69,69,69,69,69,69,69,69,69,69,69,69,69],"card_choices":[{"not_picked":["Coolheaded","Stack"],"picked":"Ball Lightning","floor":1.0},{"not_picked":["Turbo","Streamline"],"picked":"White Noise","floor":5.0},{"not_picked":["Hologram","Blizzard"],"picked":"Biased Cognition","floor":7.0},{"not_picked":["Redo","Chill"],"picked":"Compile Driver","floor":11.0},{"not_picked":["Stack","Streamline"],"picked":"Buffer","floor":12.0},{"not_picked":["Consume","Sunder"],"picked":"Streamline","floor":13.0},{"not_picked":["Go for the Eyes","Hello World"],"picked":"Undo","floor":14.0},{"not_picked":["Amplify","All For One"],"picked":"Thunder Strike","floor":16.0},{"not_picked":["Heatsinks+1","Chaos"],"picked":"Conserve Battery","floor":18.0},{"not_picked":["Beam Cell+1","Doom and Gloom"],"picked":"Cold Snap","floor":20.0},{"not_picked":["Stack+1","Redo"],"picked":"Hologram","floor":21.0},{"not_picked":["Chaos","Rainbow"],"picked":"Reinforced Body","floor":23.0},{"not_picked":["Leap","Sweeping Beam"],"picked":"Conserve Battery+1","floor":27.0},{"not_picked":["Compile Driver","Barrage"],"picked":"Rebound+1","floor":28.0},{"not_picked":["Sweeping Beam","Meteor Strike"],"picked":"Barrage","floor":29.0},{"not_picked":["Reboot","Rainbow"],"picked":"Electrodynamics","floor":33.0},{"not_picked":["Sweeping Beam+1","Chaos+1"],"picked":"Cold Snap","floor":35},{"not_picked":["Compile Driver","Chaos","Force Field+1"],"picked":"SKIP","floor":36},{"not_picked":["Compile Driver","Chaos","Force Field+1"],"picked":"SKIP","floor":36},{"not_picked":["Melter+1","Consume"],"picked":"Leap+1","floor":39}],"player_experience":228719,"relics_obtained":[{"floor":9.0,"key":"Unceasing Top"},{"floor":12.0,"key":"Ornamental Fan"},{"floor":14.0,"key":"The Courier"},{"floor":23.0,"key":"Bronze Scales"},{"floor":26.0,"key":"Regal Pillow"},{"floor":31.0,"key":"Shovel"},{"floor":32.0,"key":"Letter Opener"},{"floor":40,"key":"DataDisk"}],"event_choices":[{"damage_healed":0.0,"max_hp_gain":0.0,"max_hp_loss":6.0,"gold_gain":0.0,"event_name":"Golden Idol","player_choice":"Lose Max HP","floor":2.0,"gold_loss":0.0,"damage_taken":0.0,"relics_obtained":["Golden Idol"]},{"damage_healed":0.0,"max_hp_gain":0.0,"max_hp_loss":0.0,"gold_gain":0.0,"event_name":"Shining Light","player_choice":"Entered Light","floor":4.0,"gold_loss":0.0,"damage_taken":14.0,"cards_upgraded":["Defend_B","Defend_B"]},{"cards_removed":["Strike_B"],"damage_healed":0.0,"max_hp_gain":0.0,"max_hp_loss":0.0,"gold_gain":0.0,"event_name":"Beggar","player_choice":"Gave Gold","floor":19.0,"gold_loss":75.0,"damage_taken":0.0},{"damage_healed":0.0,"max_hp_gain":0.0,"max_hp_loss":0.0,"gold_gain":0.0,"event_name":"Addict","player_choice":"Obtained Relic","floor":25.0,"gold_loss":85.0,"damage_taken":0.0,"relics_obtained":["Tiny Chest"]}],"is_beta":false,"boss_relics":[{"not_picked":["Runic Dome","Coffee Dripper"],"picked":"Fusion Hammer"},{"not_picked":["Pandora\u0027s Box","Eternal Feather"],"picked":"Cursed Key"}],"items_purged_floors":[3],"is_endless":false,"potions_floor_spawned":[5,7,14,16,20,21,28,29,33,36,39],"killed_by":"Writhing Mass","ascension_level":4}