{"gold_per_floor":[15,28,40,10,28,47,47,73,73,100,100,133,151,151,151,225,225,237,251,176,231,247,247,258,258,258,268,286,286],"floor_reached":29,"playtime":1450,"items_purged":[],"score":498,"play_id":"d249ddc5-1e9a-4485-96b0-db63b747aba8","local_time":"20180925004500","is_ascension_mode":true,"campfire_choices":[{"data":"Neutralize","floor":7.0,"key":"SMITH"},{"data":"Caltrops","floor":11.0,"key":"SMITH"},{"floor":15.0,"key":"REST"},{"floor":23.0,"key":"REST"},{"floor":25.0,"key":"REST"}],"neow_cost":"NO_GOLD","seed_source_timestamp":624404002931804,"circlet_count":0,"master_deck":["Defend_G","Defend_G","Defend_G","Defend_G","Defend_G","Strike_G","Strike_G","Strike_G","Strike_G","Survivor+1","Neutralize+1","AscendersBane","Cloak And Dagger","Sucker Punch","Dagger Throw","Dagger Throw","Cloak And Dagger+1","Footwork","Caltrops+1","After Image","Adrenaline","Flying Knee+1","Backflip","Backflip","Footwork","Bouncing Flask","Cloak And Dagger+1","Bouncing Flask"],"special_seed":0,"relics":["Ring of the Snake","Ancient Tea Set","War Paint","Dream Catcher","Darkstone Periapt","Eternal Feather","Happy Flower","Regal Pillow"],"potions_floor_usage":[],"damage_taken":[{"damage":1.0,"enemies":"Jaw Worm","floor":1.0,"turns":6.0},{"damage":0.0,"enemies":"Small Slimes","floor":2.0,"turns":5.0},{"damage":3.0,"enemies":"2 Louse","floor":3.0,"turns":4.0},{"damage":0.0,"enemies":"2 Fungi Beasts","floor":5.0,"turns":4.0},{"damage":0.0,"enemies":"Looter","floor":6.0,"turns":4.0},{"damage":7.0,"enemies":"Gremlin Nob","floor":8.0,"turns":5.0},{"damage":28.0,"enemies":"Lagavulin","floor":10.0,"turns":12.0},{"damage":23.0,"enemies":"Gremlin Nob","floor":12.0,"turns":4.0},{"damage":0.0,"enemies":"Exordium Thugs","floor":13.0,"turns":4.0},{"damage":13.0,"enemies":"The Guardian","floor":16.0,"turns":16.0},{"damage":8.0,"enemies":"Chosen","floor":18.0,"turns":7.0},{"damage":11.0,"enemies":"Spheric Guardian","floor":19.0,"turns":6.0},{"damage":39.0,"enemies":"Snecko","floor":22.0,"turns":9.0},{"damage":6.0,"enemies":"3 Cultists","floor":24.0,"turns":6.0},{"damage":25.0,"enemies":"Cultist and Chosen","floor":27.0,"turns":7.0},{"damage":0,"enemies":"Snecko","floor":28,"turns":1},{"damage":47,"enemies":"Gremlin Leader","floor":29,"turns":10}],"seed_played":"7411960735811420359","potions_obtained":[{"floor":2.0,"key":"PowerPotion"},{"floor":5.0,"key":"Swift Potion"},{"floor":8.0,"key":"Dexterity Potion"},{"floor":12.0,"key":"Ancient Potion"},{"floor":19.0,"key":"Strength Potion"}],"is_trial":false,"path_per_floor":["M","M","M","$","M","M","R","E","T","E","R","E","M","?","R","B",null,"M","M","?","T","M","R","M","R","T","M","M"],"character_chosen":"THE_SILENT","items_purchased":["Dagger Throw"],"campfire_rested":3,"item_purchase_floors":[4],"current_hp_per_floor":[70,70,67,67,67,67,67,60,60,32,32,9,9,9,32,19,63,55,44,44,44,5,40,34,72,72,47,47,0],"gold":286,"neow_bonus":"TWENTY_PERCENT_HP_BONUS","is_prod":false,"is_daily":false,"chose_seed":false,"campfire_upgraded":2,"win_rate":0,"timestamp":1537850700,"path_taken":["M","M","M","$","M","M","R","E","T","E","R","E","M","?","R","BOSS","M","M","?","?","M","R","M","R","T","M","?","E"],"build_version":"2018-09-20","purchased_purges":0,"victory":false,"max_hp_per_floor":[78,78,78,78,78,78,78,78,78,78,78,78,78,78,78,78,78,78,78,78,78,78,78,78,78,78,78,78,78],"card_choices":[{"not_picked":["Acrobatics","Setup"],"picked":"Cloak And Dagger","floor":1.0},{"not_picked":["Underhanded Strike","Expertise"],"picked":"Sucker Punch","floor":2.0},{"not_picked":["Caltrops","PiercingWail"],"picked":"Dagger Throw","floor":3.0},{"not_picked":["Calculated Gamble","Bane"],"picked":"Cloak And Dagger","floor":5.0},{"not_picked":["Dagger Throw","Slice"],"picked":"Footwork","floor":6.0},{"not_picked":["Endless Agony","All Out Attack","Underhanded Strike"],"picked":"SKIP","floor":8.0},{"not_picked":["Heel Hook","Underhanded Strike"],"picked":"Caltrops","floor":10.0},{"not_picked":["Poisoned Stab","Bane"],"picked":"After Image","floor":12.0},{"not_picked":["Slice","Terror","Masterful Stab"],"picked":"SKIP","floor":13.0},{"not_picked":["Grand Finale","Burst"],"picked":"Adrenaline","floor":16.0},{"not_picked":["Outmaneuver+1","Concentrate+1"],"picked":"Flying Knee+1","floor":18.0},{"not_picked":["Outmaneuver+1","Prepared","Sucker Punch"],"picked":"SKIP","floor":19.0},{"not_picked":["Deadly Poison","PiercingWail"],"picked":"Backflip","floor":22.0},{"not_picked":["Calculated Gamble+1","Flying Knee"],"picked":"Backflip","floor":23.0},{"not_picked":["Dagger Throw","Reflex+1"],"picked":"Footwork","floor":24.0},{"not_picked":["Backflip","Finisher"],"picked":"Bouncing Flask","floor":25.0},{"not_picked":["Backflip","Footwork"],"picked":"Cloak And Dagger+1","floor":27.0},{"not_picked":["Underhanded Strike","Backflip"],"picked":"Bouncing Flask","floor":28}],"player_experience":625686,"relics_obtained":[{"floor":8.0,"key":"Ancient Tea Set"},{"floor":9.0,"key":"War Paint"},{"floor":10.0,"key":"Dream Catcher"},{"floor":12.0,"key":"Darkstone Periapt"},{"floor":21.0,"key":"Happy Flower"},{"floor":26.0,"key":"Regal Pillow"}],"event_choices":[{"event_name":"Dead Adventurer","player_choice":"Searched \u00270\u0027 times","floor":14.0,"damage_taken":0.0},{"event_name":"Beggar","player_choice":"Gave Gold","floor":20.0,"damage_taken":0.0}],"is_beta":true,"boss_relics":[{"not_picked":["Runic Pyramid","Black Star"],"picked":"Eternal Feather"}],"items_purged_floors":[],"is_endless":false,"potions_floor_spawned":[2,5,8,12,13,19],"killed_by":"Gremlin Leader","ascension_level":20}