{"gold_per_floor":[119,194,204,174,189,223,239,264,264,23,23,35,51,51,51,145,145,161,182,182,198,198,198,223,223,223,233,233,49,65,65,65,140,140,155,168,168,168,180,180,195,230,230,256,256,17,67,79,79,79,79],"floor_reached":52,"playtime":4356,"items_purged":["Strike_G","Decay"],"score":1773,"play_id":"080f7bb9-da82-4710-9fa2-d9a506ac1651","local_time":"20180917234539","is_ascension_mode":true,"campfire_choices":[{"floor":11.0,"key":"REST"},{"data":"Deadly Poison","floor":15.0,"key":"SMITH"},{"floor":23.0,"key":"REST"},{"data":"All Out Attack","floor":28.0,"key":"SMITH"},{"data":"Footwork","floor":32.0,"key":"SMITH"},{"data":"Wraith Form v2","floor":40.0,"key":"SMITH"},{"data":"Footwork","floor":45,"key":"SMITH"},{"data":"Catalyst","floor":49,"key":"SMITH"}],"neow_cost":"NONE","seed_source_timestamp":12783564197993,"circlet_count":0,"master_deck":["Defend_G+1","Defend_G","Defend_G","Defend_G+1","Survivor","Neutralize+1","AscendersBane","Deadly Poison+1","Poisoned Stab","Dagger Throw","All Out Attack+1","PiercingWail","Bite","Bite","Bite","Bite","Bite","Backflip","PiercingWail","Footwork+1","Wraith Form v2+1","Sucker Punch+1","Bouncing Flask","Good Instincts","Trip","Footwork","Footwork+1","Catalyst+1","Dodge and Roll"],"special_seed":0,"relics":["Ring of the Snake","Bronze Scales","Torii","Calipers","War Paint","Bloody Idol","Cursed Key","Nilry\u0027s Codex","Strawberry","Runic Pyramid","Bird Faced Urn","Regal Pillow","Tingsha"],"potions_floor_usage":[42,50,50],"damage_taken":[{"damage":0.0,"enemies":"Small Slimes","floor":1.0,"turns":6.0},{"damage":2.0,"enemies":"2 Louse","floor":3.0,"turns":5.0},{"damage":6.0,"enemies":"Cultist","floor":5.0,"turns":4.0},{"damage":13.0,"enemies":"Lagavulin","floor":6.0,"turns":6.0},{"damage":13.0,"enemies":"Exordium Wildlife","floor":7.0,"turns":4.0},{"damage":25.0,"enemies":"3 Sentries","floor":8.0,"turns":7.0},{"damage":3.0,"enemies":"Lots of Slimes","floor":12.0,"turns":3.0},{"damage":1.0,"enemies":"Large Slime","floor":13.0,"turns":7.0},{"damage":21.0,"enemies":"The Guardian","floor":16.0,"turns":10.0},{"damage":13.0,"enemies":"Chosen","floor":18.0,"turns":6.0},{"damage":24.0,"enemies":"2 Thieves","floor":19.0,"turns":4.0},{"damage":2.0,"enemies":"Centurion and Healer","floor":21.0,"turns":12.0},{"damage":9.0,"enemies":"Snecko","floor":24.0,"turns":7.0},{"damage":10.0,"enemies":"Snake Plant","floor":27.0,"turns":4.0},{"damage":9.0,"enemies":"Centurion and Healer","floor":30.0,"turns":7.0},{"damage":10.0,"enemies":"Colosseum Slavers","floor":31.0,"turns":5.0},{"damage":64.0,"enemies":"Collector","floor":33.0,"turns":13.0},{"damage":1.0,"enemies":"3 Shapes","floor":35.0,"turns":6.0},{"damage":7.0,"enemies":"3 Darklings","floor":36.0,"turns":2.0},{"damage":1.0,"enemies":"Maw","floor":39.0,"turns":8.0},{"damage":10.0,"enemies":"Transient","floor":41.0,"turns":6.0},{"damage":36,"enemies":"2 Orb Walkers","floor":42,"turns":8},{"damage":28,"enemies":"Giant Head","floor":44,"turns":16},{"damage":40,"enemies":"Mysterious Sphere","floor":47,"turns":13},{"damage":30,"enemies":"Spire Growth","floor":48,"turns":11},{"damage":52,"enemies":"Donu and Deca","floor":50,"turns":17},{"damage":4,"enemies":"Time Eater","floor":51,"turns":15}],"seed_played":"7754474286221701027","potions_obtained":[{"floor":3.0,"key":"Dexterity Potion"},{"floor":4.0,"key":"SteroidPotion"},{"floor":6.0,"key":"Regen Potion"},{"floor":7.0,"key":"Strength Potion"},{"floor":8.0,"key":"Regen Potion"},{"floor":24.0,"key":"SkillPotion"},{"floor":27.0,"key":"Energy Potion"},{"floor":33.0,"key":"Energy Potion"},{"floor":41.0,"key":"Energy Potion"},{"floor":42,"key":"Energy Potion"},{"floor":44,"key":"GhostInAJar"}],"is_trial":false,"path_per_floor":["M","?","M","?","M","E","M","E","T","$","R","M","M","?","R","B",null,"M","M","?","M","?","R","M","?","T","M","R","$","M","?","R","B",null,"M","M","?","?","M","R","M","E","T","E","R","$","?","M","R","B","B"],"character_chosen":"THE_SILENT","items_purchased":["War Paint","GhostInAJar","Catalyst","GhostInAJar","Dodge and Roll"],"campfire_rested":2,"item_purchase_floors":[10,29,46,46,46],"current_hp_per_floor":[59,48,46,46,40,27,26,1,1,1,20,17,16,16,16,10,48,35,11,11,39,18,30,33,33,40,45,45,45,49,44,44,8,39,49,47,47,37,49,49,49,24,24,49,49,49,30,41,41,39,49],"gold":79,"neow_bonus":"UPGRADE_CARD","is_prod":false,"is_daily":false,"chose_seed":false,"campfire_upgraded":6,"win_rate":0,"timestamp":1537242339,"path_taken":["M","?","M","?","?","E","M","E","T","$","R","M","M","?","R","BOSS","M","M","?","M","?","R","M","?","T","M","R","$","M","?","R","BOSS","M","M","?","?","?","R","M","E","T","E","R","$","?","M","R","BOSS","BOSS"],"build_version":"2018-09-12","purchased_purges":2,"victory":true,"max_hp_per_floor":[66,66,66,66,66,66,66,66,66,66,66,66,66,60,60,60,60,60,60,42,42,42,42,42,42,49,49,49,49,49,49,49,49,49,49,49,49,49,49,49,49,49,49,49,49,49,49,49,49,49,49],"card_choices":[{"not_picked":["Underhanded Strike","Skewer"],"picked":"Deadly Poison","floor":1.0},{"not_picked":["Dagger Spray","Blade Dance"],"picked":"Poisoned Stab","floor":3.0},{"not_picked":["Concentrate","Sucker Punch"],"picked":"Dagger Throw","floor":5.0},{"not_picked":["PiercingWail","Sucker Punch"],"picked":"All Out Attack","floor":6.0},{"not_picked":["Prepared","Acrobatics","Tactician"],"picked":"SKIP","floor":7.0},{"not_picked":["Expertise","Acrobatics","Setup"],"picked":"SKIP","floor":8.0},{"not_picked":["Quick Slash","Underhanded Strike","Flechettes"],"picked":"SKIP","floor":12.0},{"not_picked":["Finisher","Cloak And Dagger"],"picked":"PiercingWail","floor":13.0},{"not_picked":["Prepared","Bane","Blade Dance"],"picked":"SKIP","floor":18.0},{"not_picked":["Underhanded Strike","Flying Knee","Outmaneuver"],"picked":"SKIP","floor":19.0},{"not_picked":["Acrobatics","Choke"],"picked":"Backflip","floor":21.0},{"not_picked":["Heel Hook","Eviscerate","Distraction"],"picked":"SKIP","floor":24.0},{"not_picked":["Expertise","Infinite Blades"],"picked":"PiercingWail","floor":27.0},{"not_picked":["Bane","Dagger Spray"],"picked":"Footwork","floor":30.0},{"not_picked":["Doppelganger","Grand Finale"],"picked":"Wraith Form v2","floor":33.0},{"not_picked":["Cloak And Dagger","Acrobatics"],"picked":"Sucker Punch+1","floor":35.0},{"not_picked":["Escape Plan+1","Distraction+1"],"picked":"Bouncing Flask","floor":36.0},{"not_picked":["Panache","Blind"],"picked":"Good Instincts","floor":38.0},{"not_picked":["Panache","Jack Of All Trades"],"picked":"Trip","floor":38.0},{"not_picked":["Expertise","Dagger Throw"],"picked":"Footwork","floor":39.0},{"not_picked":["Concentrate+1","Choke+1"],"picked":"Footwork","floor":41.0},{"not_picked":["Backflip","Blade Dance","Poisoned Stab"],"picked":"SKIP","floor":42},{"not_picked":["Acrobatics","Blade Dance","Setup"],"picked":"SKIP","floor":44},{"not_picked":["Distraction","Dagger Spray","Setup"],"picked":"SKIP","floor":48}],"player_experience":572715,"relics_obtained":[{"floor":6.0,"key":"Bronze Scales"},{"floor":8.0,"key":"Torii"},{"floor":9.0,"key":"Calipers"},{"floor":22.0,"key":"Nilry\u0027s Codex"},{"floor":26.0,"key":"Strawberry"},{"floor":42,"key":"Bird Faced Urn"},{"floor":44,"key":"Regal Pillow"},{"floor":47,"key":"Tingsha"}],"event_choices":[{"event_name":"World of Goop","player_choice":"Gather Gold","floor":2.0,"damage_taken":0.0},{"event_name":"The Woman in Blue","player_choice":"Bought 2 Potions","floor":4.0,"damage_taken":0.0},{"event_name":"Golden Idol","player_choice":"Lose Max HP","floor":14.0,"damage_taken":0.0},{"event_name":"Vampires","player_choice":"Became a vampire","floor":20.0,"damage_taken":0.0},{"event_name":"Cursed Tome","player_choice":"Obtained Book","floor":22.0,"damage_taken":0.0},{"event_name":"Forgotten Altar","player_choice":"Gave Idol","floor":25.0,"damage_taken":0.0},{"event_name":"Colosseum","player_choice":"Fight","floor":31.0,"damage_taken":0.0},{"event_name":"Colosseum","player_choice":"Fled From Nobs","floor":31.0,"damage_taken":0.0},{"event_name":"Falling","player_choice":"Removed Skill","floor":37.0,"damage_taken":0.0},{"event_name":"SensoryStone","player_choice":"Memory 3","floor":38.0,"damage_taken":0.0},{"event_name":"Mysterious Sphere","player_choice":"Fight","floor":47,"damage_taken":0}],"is_beta":true,"boss_relics":[{"not_picked":["Orrery","Philosopher\u0027s Stone"],"picked":"Cursed Key"},{"not_picked":["WristBlade","Velvet Choker"],"picked":"Runic Pyramid"}],"items_purged_floors":[10,29],"is_endless":false,"potions_floor_spawned":[3,6,7,8,24,27,31,33,41,42,44],"ascension_level":20}