{"gold_per_floor":[117,18,18,33,46,82,82,82,82,82,102,133,133,8,8,133,133,147,22,43,61,61,61,61,61,136,136,136,161,177,196,196,196],"floor_reached":33,"playtime":2040,"items_purged":["Strike_R","Strike_R","Strike_R"],"score":293,"play_id":"3f0e7221-c53c-44bb-9d30-ecd511f39249","local_time":"20190316120446","is_ascension_mode":true,"campfire_choices":[{"floor":7,"key":"REST"},{"floor":10,"key":"REST"},{"data":"Rampage","floor":13,"key":"SMITH"},{"data":"Bash","floor":15,"key":"SMITH"},{"data":"Offering","floor":23,"key":"SMITH"},{"data":"Spot Weakness","floor":25,"key":"SMITH"},{"data":"Flex","floor":28,"key":"SMITH"},{"floor":32,"key":"REST"}],"neow_cost":"NONE","seed_source_timestamp":317921035921582,"circlet_count":0,"master_deck":["Strike_R","Defend_R","Defend_R","Defend_R","Defend_R","Bash+1","Rampage+1","Flex+1","Armaments","Headbutt","Shrug It Off","Shrug It Off","Offering+1","Spot Weakness+1","Spot Weakness+1","Warcry","Whirlwind","True Grit+1"],"relics":["Burning Blood","Golden Idol","Frozen Egg 2","Potion Belt","Bag of Preparation","Busted Crown","Blue Candle","Darkstone Periapt"],"potions_floor_usage":[12,12,16,18,29,33,33],"damage_taken":[{"damage":0,"enemies":"Small Slimes","floor":1,"turns":3},{"damage":10,"enemies":"2 Louse","floor":4,"turns":4},{"damage":4,"enemies":"Jaw Worm","floor":5,"turns":4},{"damage":48,"enemies":"Lagavulin","floor":6,"turns":8},{"damage":1,"enemies":"Exordium Thugs","floor":11,"turns":3},{"damage":18,"enemies":"Gremlin Nob","floor":12,"turns":3},{"damage":33,"enemies":"Hexaghost","floor":16,"turns":8},{"damage":21,"enemies":"3 Byrds","floor":18,"turns":5},{"damage":6,"enemies":"Spheric Guardian","floor":20,"turns":3},{"damage":6,"enemies":"3 Cultists","floor":21,"turns":4},{"damage":16,"enemies":"Snake Plant","floor":29,"turns":2},{"damage":8,"enemies":"Chosen and Byrds","floor":30,"turns":4},{"damage":6,"enemies":"Snecko","floor":31,"turns":3},{"damage":85,"enemies":"Automaton","floor":33,"turns":6}],"seed_played":"6975525470276750749","potions_obtained":[{"floor":1,"key":"Swift Potion"},{"floor":5,"key":"GamblersBrew"},{"floor":6,"key":"LiquidBronze"},{"floor":16,"key":"Weak Potion"},{"floor":20,"key":"Strength Potion"},{"floor":21,"key":"Weak Potion"},{"floor":30,"key":"Fire Potion"}],"is_trial":false,"path_per_floor":["M","$","?","M","M","E","R","?","T","R","M","E","R","$","R","B",null,"M","$","M","M","?","R","T","R","T","?","R","M","M","M","R","B"],"character_chosen":"IRONCLAD","items_purchased":["Armaments","Shrug It Off"],"campfire_rested":3,"item_purchase_floors":[2,14],"current_hp_per_floor":[80,80,74,70,72,30,52,45,45,67,72,60,60,60,60,33,74,59,59,59,59,59,59,59,59,59,59,59,49,47,47,69,0],"gold":196,"neow_bonus":"THREE_CARDS","is_prod":false,"is_daily":false,"chose_seed":false,"campfire_upgraded":5,"win_rate":0,"timestamp":1552748686,"path_taken":["M","$","?","M","M","E","R","?","T","R","M","E","R","$","R","BOSS","M","$","M","M","?","R","?","R","T","?","R","M","?","M","R","BOSS"],"build_version":"2019-01-23","purchased_purges":3,"victory":false,"max_hp_per_floor":[80,80,74,74,74,74,74,74,74,74,74,74,74,74,74,74,74,74,74,74,74,74,74,74,74,74,74,74,74,74,74,74,74],"card_choices":[{"not_picked":["Twin Strike","Blood for Blood"],"picked":"Rampage","floor":0},{"not_picked":["Iron Wave","Fire Breathing"],"picked":"Flex","floor":1},{"not_picked":["Iron Wave","Sword Boomerang","Thunderclap"],"picked":"SKIP","floor":4},{"not_picked":["Perfected Strike","Clash","Blood for Blood"],"picked":"SKIP","floor":5},{"not_picked":["Cleave","Pummel"],"picked":"Headbutt","floor":6},{"not_picked":["Dark Embrace+1","Heavy Blade","Twin Strike"],"picked":"SKIP","floor":11},{"not_picked":["Flex","Ghostly Armor"],"picked":"Shrug It Off","floor":12},{"not_picked":["Fiend Fire","Limit Break"],"picked":"Offering","floor":16},{"not_picked":["Twin Strike"],"picked":"SKIP","floor":18},{"not_picked":["Cleave"],"picked":"SKIP","floor":20},{"not_picked":["Combust+1"],"picked":"SKIP","floor":21},{"not_picked":[],"picked":"Warcry","floor":29},{"not_picked":[],"picked":"Whirlwind","floor":30},{"not_picked":[],"picked":"True Grit+1","floor":31}],"player_experience":196595,"relics_obtained":[{"floor":6,"key":"Frozen Egg 2"},{"floor":9,"key":"Potion Belt"},{"floor":12,"key":"Bag of Preparation"},{"floor":24,"key":"Blue Candle"},{"floor":26,"key":"Darkstone Periapt"}],"event_choices":[{"damage_healed":0,"gold_gain":0,"player_choice":"Lose Max HP","damage_taken":0,"relics_obtained":["Golden Idol"],"max_hp_gain":0,"max_hp_loss":6,"event_name":"Golden Idol","floor":3,"gold_loss":0},{"cards_removed":["Strike_R"],"damage_healed":0,"gold_gain":0,"player_choice":"Card Removal","damage_taken":7,"max_hp_gain":0,"max_hp_loss":0,"event_name":"Golden Wing","floor":8,"gold_loss":0},{"damage_healed":0,"gold_gain":0,"player_choice":"Read","damage_taken":0,"max_hp_gain":0,"max_hp_loss":0,"event_name":"The Library","floor":22,"gold_loss":0,"cards_obtained":["Spot Weakness"]},{"damage_healed":0,"gold_gain":0,"player_choice":"Copied","damage_taken":0,"max_hp_gain":0,"max_hp_loss":0,"event_name":"Duplicator","floor":27,"gold_loss":0,"cards_obtained":["Spot Weakness"]}],"is_beta":false,"boss_relics":[{"not_picked":["Cursed Key","Calling Bell"],"picked":"Busted Crown"}],"items_purged_floors":[2,14,19],"is_endless":false,"potions_floor_spawned":[1,5,6,16,20,21,30],"killed_by":"Automaton","ascension_level":3}