{"gold_per_floor":[112,112,112,112,112,137,137,162,185,216,231,248,85,85,85,161,161,175,175,195,10,30,56,74,254,302,302,318,328,328,328,328,405,405,424,424,1423,1423,1261,1261,1274,1308,1308,1319,1332,1332,1346,395,395,395,395],"floor_reached":52,"playtime":3309,"items_purged":["Strike_G","Strike_G","Normality","Defend_G"],"score":1811,"play_id":"b7d2c5d7-1541-47a3-b5cf-d6f12881019b","local_time":"20190424024749","is_ascension_mode":true,"campfire_choices":[{"floor":7.0,"key":"REST"},{"data":"Glass Knife","floor":15.0,"key":"SMITH"},{"floor":27.0,"key":"REST"},{"floor":30.0,"key":"REST"},{"floor":32,"key":"REST"},{"floor":40,"key":"REST"},{"floor":46,"key":"REST"},{"floor":49,"key":"REST"}],"neow_cost":"TEN_PERCENT_HP_LOSS","seed_source_timestamp":99053235420998,"circlet_count":0,"master_deck":["AscendersBane","Defend_G","Defend_G","Defend_G","Survivor","Neutralize+1","Die Die Die","Dash+1","Poisoned Stab+1","Adrenaline","Dodge and Roll","Glass Knife+1","Malaise","PiercingWail+1","Caltrops","Well Laid Plans","Crippling Poison+1","Crippling Poison","After Image","Noxious Fumes","Dagger Spray","Deadly Poison","PiercingWail","Leg Sweep","Bandage Up"],"special_seed":0,"relics":["Ring of the Snake","Shuriken","Whetstone","Omamori","Mango","Dodecahedron","Fusion Hammer","Pocketwatch","Bag of Marbles","Empty Cage","Lantern","Bronze Scales","Chemical X","Strawberry","Vajra"],"potions_floor_usage":[33,50,51],"damage_taken":[{"damage":0.0,"enemies":"Small Slimes","floor":1.0,"turns":3.0},{"damage":9.0,"enemies":"3 Sentries","floor":6.0,"turns":11.0},{"damage":1.0,"enemies":"Gremlin Nob","floor":8.0,"turns":4.0},{"damage":24.0,"enemies":"3 Sentries","floor":10.0,"turns":13.0},{"damage":0.0,"enemies":"2 Louse","floor":11.0,"turns":2.0},{"damage":0.0,"enemies":"Jaw Worm","floor":12.0,"turns":2.0},{"damage":9.0,"enemies":"The Guardian","floor":16.0,"turns":15.0},{"damage":0.0,"enemies":"3 Byrds","floor":18.0,"turns":5.0},{"damage":0.0,"enemies":"Shell Parasite","floor":20.0,"turns":5.0},{"damage":0.0,"enemies":"3 Cultists","floor":22.0,"turns":5.0},{"damage":16.0,"enemies":"Gremlin Leader","floor":23.0,"turns":8.0},{"damage":0.0,"enemies":"Snecko","floor":24.0,"turns":6.0},{"damage":11.0,"enemies":"Shelled Parasite and Fungi","floor":28.0,"turns":4.0},{"damage":0.0,"enemies":"Sentry and Sphere","floor":29.0,"turns":3.0},{"damage":50,"enemies":"Collector","floor":33,"turns":12},{"damage":4,"enemies":"Orb Walker","floor":35,"turns":4},{"damage":2,"enemies":"3 Darklings","floor":41,"turns":5},{"damage":7,"enemies":"Nemesis","floor":42,"turns":9},{"damage":2,"enemies":"Maw","floor":44,"turns":9},{"damage":6,"enemies":"Jaw Worm Horde","floor":45,"turns":3},{"damage":29,"enemies":"Transient","floor":47,"turns":6},{"damage":17,"enemies":"Time Eater","floor":50,"turns":15},{"damage":28,"enemies":"Awakened One","floor":51,"turns":22}],"seed_played":"6353855738465364643","potions_obtained":[{"floor":1.0,"key":"GhostInAJar"},{"floor":6.0,"key":"SteroidPotion"},{"floor":8.0,"key":"Ancient Potion"},{"floor":18.0,"key":"EssenceOfSteel"},{"floor":23.0,"key":"SkillPotion"},{"floor":24.0,"key":"Dexterity Potion"},{"floor":33,"key":"Weak Potion"}],"is_trial":false,"path_per_floor":["M","?","?","?","?","E","R","E","T","E","M","M","$","?","R","B",null,"M","?","M","$","M","E","M","?","T","R","M","M","R","?","R","B",null,"M","?","?","?","$","R","M","E","T","M","M","R","M","$","R","B","B",null],"character_chosen":"THE_SILENT","items_purchased":["Glass Knife","Caltrops","Noxious Fumes","Chemical X","Strawberry","Vajra","Leg Sweep","Bandage Up","EssenceOfSteel"],"campfire_rested":7,"item_purchase_floors":[13,21,39,48,48,48,48,48,48],"current_hp_per_floor":[59,41,34,34,34,25,43,42,42,32,32,32,32,14,14,5,57,57,57,57,57,57,41,41,20,20,42,31,31,53,53,74,24,62,58,58,58,58,58,74,72,65,65,63,57,74,45,52,76,63,39],"gold":395,"neow_bonus":"TRANSFORM_TWO_CARDS","is_prod":false,"is_daily":false,"chose_seed":false,"campfire_upgraded":1,"win_rate":0,"timestamp":1556088469,"path_taken":["M","?","?","?","?","E","R","E","T","E","?","?","$","?","R","BOSS","M","?","M","$","M","E","M","?","T","R","?","M","R","?","R","BOSS","M","?","?","?","$","R","M","E","T","M","?","R","M","$","R","BOSS","BOSS"],"build_version":"2019-04-23","purchased_purges":4,"victory":true,"max_hp_per_floor":[60,60,60,60,60,60,60,60,60,74,74,74,74,74,74,74,74,74,74,74,74,74,74,74,74,74,74,74,74,74,74,74,74,74,74,74,74,74,74,74,74,74,74,74,74,74,74,81,81,81,81],"card_choices":[{"not_picked":["Outmaneuver","Blur"],"picked":"Dash","floor":1.0},{"not_picked":["Prepared","Calculated Gamble"],"picked":"Poisoned Stab","floor":6.0},{"not_picked":["All Out Attack","Distraction","Acrobatics"],"picked":"SKIP","floor":8.0},{"not_picked":["Flechettes","PiercingWail"],"picked":"Adrenaline","floor":10.0},{"not_picked":["Poisoned Stab","Setup","Eviscerate"],"picked":"SKIP","floor":11.0},{"not_picked":["Flying Knee","Slice"],"picked":"Dodge and Roll","floor":12.0},{"not_picked":["Venomology","Unload"],"picked":"Malaise","floor":16.0},{"not_picked":["Predator","Acrobatics"],"picked":"PiercingWail+1","floor":18.0},{"not_picked":["Bane","Poisoned Stab","Dodge and Roll"],"picked":"SKIP","floor":20.0},{"not_picked":["Dagger Throw","Skewer"],"picked":"Well Laid Plans","floor":22.0},{"not_picked":["Backstab+1","Deflect"],"picked":"Crippling Poison+1","floor":23.0},{"not_picked":["Backflip","Dodge and Roll"],"picked":"Crippling Poison","floor":24.0},{"not_picked":["Choke","Escape Plan","Quick Slash"],"picked":"SKIP","floor":28.0},{"not_picked":["Tactician","Flying Knee"],"picked":"After Image","floor":29.0},{"not_picked":["Endless Agony","Dagger Throw+1","Bane"],"picked":"SKIP","floor":35},{"not_picked":["Caltrops","Dodge and Roll+1"],"picked":"Dagger Spray","floor":41},{"not_picked":["Acrobatics","Blade Dance"],"picked":"Deadly Poison","floor":42},{"not_picked":["All Out Attack","Well Laid Plans","Deadly Poison"],"picked":"SKIP","floor":44},{"not_picked":["Terror","Predator+1","Caltrops+1"],"picked":"SKIP","floor":45},{"not_picked":["Backstab","Reflex"],"picked":"PiercingWail","floor":47}],"player_experience":1011531,"relics_obtained":[{"floor":6.0,"key":"Shuriken"},{"floor":8.0,"key":"Whetstone"},{"floor":9.0,"key":"Omamori"},{"floor":10.0,"key":"Mango"},{"floor":23.0,"key":"Pocketwatch"},{"floor":26.0,"key":"Bag of Marbles"},{"floor":42,"key":"Lantern"},{"floor":43,"key":"Bronze Scales"}],"event_choices":[{"damage_healed":0.0,"max_hp_gain":0.0,"max_hp_loss":0.0,"gold_gain":0.0,"event_name":"Shining Light","player_choice":"Entered Light","floor":2.0,"gold_loss":0.0,"damage_taken":18.0,"cards_upgraded":["Neutralize","Expertise"]},{"cards_removed":["Strike_G"],"damage_healed":0.0,"max_hp_gain":0.0,"max_hp_loss":0.0,"gold_gain":0.0,"event_name":"Golden Wing","player_choice":"Card Removal","floor":3.0,"gold_loss":0.0,"damage_taken":7.0},{"damage_healed":0.0,"max_hp_gain":0.0,"max_hp_loss":0.0,"gold_gain":0.0,"event_name":"Liars Game","player_choice":"Ignored","floor":4.0,"gold_loss":0.0,"damage_taken":0.0},{"damage_healed":0.0,"max_hp_gain":0.0,"max_hp_loss":0.0,"gold_gain":0.0,"event_name":"Living Wall","player_choice":"Grow","floor":5.0,"gold_loss":0.0,"damage_taken":0.0,"cards_upgraded":["Dash"]},{"damage_healed":0.0,"max_hp_gain":0.0,"max_hp_loss":0.0,"gold_gain":0.0,"event_name":"Scrap Ooze","player_choice":"Success","floor":14.0,"gold_loss":0.0,"damage_taken":18.0,"relics_obtained":["Dodecahedron"]},{"damage_healed":0.0,"max_hp_gain":0.0,"max_hp_loss":0.0,"gold_gain":0.0,"event_name":"Vampires","player_choice":"Ignored","floor":19.0,"gold_loss":0.0,"damage_taken":0.0},{"damage_healed":0.0,"max_hp_gain":0.0,"max_hp_loss":0.0,"gold_gain":180.0,"event_name":"Knowing Skull","player_choice":"GOLD GOLD ","floor":25.0,"potions_obtained":[],"gold_loss":0.0,"damage_taken":21.0,"cards_obtained":[]},{"damage_healed":0,"gold_gain":0,"player_choice":"Smashed Altar","damage_taken":0,"max_hp_gain":0,"max_hp_loss":0,"event_name":"Forgotten Altar","floor":31,"gold_loss":0,"cards_obtained":["Decay"]},{"damage_healed":0,"gold_gain":0,"player_choice":"Ignored","damage_taken":0,"max_hp_gain":0,"max_hp_loss":0,"event_name":"Tomb of Lord Red Mask","floor":36,"gold_loss":0},{"damage_healed":0,"gold_gain":999,"player_choice":"Gold","damage_taken":0,"max_hp_gain":0,"max_hp_loss":0,"event_name":"MindBloom","floor":37,"gold_loss":0,"cards_obtained":["Normality","Normality"]},{"damage_healed":0,"gold_gain":0,"player_choice":"Ignored","damage_taken":0,"max_hp_gain":0,"max_hp_loss":0,"event_name":"Mysterious Sphere","floor":38,"gold_loss":0}],"is_beta":true,"boss_relics":[{"not_picked":["Busted Crown","WristBlade"],"picked":"Fusion Hammer"},{"not_picked":["Lizard Tail","Ring of the Serpent"],"picked":"Empty Cage"}],"items_purged_floors":[13,21,39,48],"is_endless":false,"potions_floor_spawned":[1,6,8,11,18,23,24,28,33,42,44],"ascension_level":20}