{"gold_per_floor":[13,28,38,38,54,86,100,132,185,185,201,236,236,236,236,314,314,314,314,41,41,41,41,41,41,41,41,41,41,41,41,41,41],"floor_reached":33,"playtime":1572,"items_purged":["Pain"],"score":706,"play_id":"f9a1500f-3fe5-4efd-a86d-d91ca517f97e","local_time":"20181031231616","is_ascension_mode":true,"campfire_choices":[{"floor":10,"key":"REST"},{"data":"Neutralize","floor":13,"key":"SMITH"},{"data":"Deadly Poison","floor":15,"key":"SMITH"},{"floor":25,"key":"RECALL"},{"floor":28,"key":"REST"},{"floor":32,"key":"REST"}],"neow_cost":"NO_GOLD","seed_source_timestamp":594698529143057,"circlet_count":0,"master_deck":["Defend_G+1","Defend_G+1","Defend_G+1","Defend_G+1","Strike_G+1","Strike_G+1","Strike_G+1","Strike_G+1","Survivor","Neutralize+1","AscendersBane","Endless Agony","Backstab","Backflip","Deadly Poison+1","Backflip","Dash","Flying Knee","Backstab","Deadly Poison","Dodge and Roll","Skewer","Malaise","Flying Knee","Blade Dance","Cloak And Dagger","Ghostly","Ghostly","Ghostly","Escape Plan"],"relics":["Ring of the Snake","WarpedTongs","Shuriken","Centennial Puzzle","Mummified Hand","Ectoplasm","Oddly Smooth Stone","Art of War","Bag of Marbles","Happy Flower"],"potions_floor_usage":[6,8,8,12,23,23,33],"damage_taken":[{"damage":4,"enemies":"Cultist","floor":1,"turns":3},{"damage":0,"enemies":"Small Slimes","floor":2,"turns":4},{"damage":2,"enemies":"Jaw Worm","floor":3,"turns":3},{"damage":9,"enemies":"Large Slime","floor":5,"turns":7},{"damage":30,"enemies":"3 Sentries","floor":6,"turns":14},{"damage":4,"enemies":"3 Louse","floor":7,"turns":3},{"damage":9,"enemies":"Lagavulin","floor":8,"turns":7},{"damage":0,"enemies":"Blue Slaver","floor":11,"turns":1},{"damage":1,"enemies":"3 Sentries","floor":12,"turns":6},{"damage":5,"enemies":"Hexaghost","floor":16,"turns":9},{"damage":3,"enemies":"3 Byrds","floor":18,"turns":6},{"damage":7,"enemies":"Spheric Guardian","floor":19,"turns":5},{"damage":0,"enemies":"Slavers","floor":23,"turns":4},{"damage":0,"enemies":"Cultist and Chosen","floor":29,"turns":3},{"damage":24,"enemies":"Gremlin Leader","floor":31,"turns":7},{"damage":39,"enemies":"Automaton","floor":33,"turns":6}],"seed_played":"2762523503001145525","potions_obtained":[{"floor":1,"key":"Block Potion"},{"floor":5,"key":"Swift Potion"},{"floor":6,"key":"AttackPotion"},{"floor":8,"key":"Dexterity Potion"},{"floor":14,"key":"Energy Potion"},{"floor":14,"key":"SteroidPotion"},{"floor":31,"key":"Poison Potion"}],"is_trial":false,"path_per_floor":["M","M","M","?","M","E","M","E","T","R","M","E","R","?","R","B",null,"M","M","$","?","?","E","?","R","T","$","R","M","?","E","R","B"],"character_chosen":"THE_SILENT","items_purchased":["Oddly Smooth Stone","Cloak And Dagger"],"campfire_rested":3,"item_purchase_floors":[20,20],"current_hp_per_floor":[55,55,53,53,44,14,10,1,1,20,20,19,19,19,19,14,53,50,43,43,43,43,43,43,43,43,43,62,62,33,9,18,0],"gold":41,"neow_bonus":"TRANSFORM_TWO_CARDS","is_prod":false,"is_daily":false,"chose_seed":false,"campfire_upgraded":2,"win_rate":0,"timestamp":1541042176,"path_taken":["M","?","M","?","M","E","M","E","T","R","?","E","R","?","R","BOSS","M","M","$","?","?","E","?","R","T","$","R","M","?","E","R","BOSS"],"build_version":"2018-10-30","purchased_purges":1,"victory":false,"max_hp_per_floor":[66,66,66,66,66,66,66,66,66,66,66,66,66,66,66,66,66,66,66,66,66,66,66,66,66,66,66,66,66,33,33,33,33],"card_choices":[{"not_picked":["PiercingWail","Dagger Throw"],"picked":"Backflip","floor":1},{"not_picked":["Heel Hook","Deflect"],"picked":"Deadly Poison","floor":2},{"not_picked":["Flechettes","Deflect"],"picked":"Backflip","floor":3},{"not_picked":["Expertise","Catalyst"],"picked":"Dash","floor":5},{"not_picked":["Quick Slash","Storm of Steel"],"picked":"Flying Knee","floor":6},{"not_picked":["Blade Dance","Poisoned Stab"],"picked":"Backstab","floor":7},{"not_picked":["Eviscerate","Flechettes"],"picked":"Deadly Poison","floor":8},{"not_picked":["Tactician","Outmaneuver"],"picked":"Dodge and Roll","floor":11},{"not_picked":["Deadly Poison","Sucker Punch"],"picked":"Skewer","floor":12},{"not_picked":["Unload","Adrenaline"],"picked":"Malaise","floor":16},{"not_picked":["Catalyst","Sucker Punch"],"picked":"Flying Knee","floor":18},{"not_picked":["Underhanded Strike","Endless Agony"],"picked":"Blade Dance","floor":19},{"not_picked":["Escape Plan","Deadly Poison","Underhanded Strike"],"picked":"SKIP","floor":23},{"not_picked":["Concentrate","Catalyst+1","Skewer"],"picked":"SKIP","floor":29},{"not_picked":["Blade Dance","Skewer"],"picked":"Escape Plan","floor":31}],"player_experience":758720,"relics_obtained":[{"floor":6,"key":"Shuriken"},{"floor":8,"key":"Centennial Puzzle"},{"floor":12,"key":"Mummified Hand"},{"floor":23,"key":"Art of War"},{"floor":26,"key":"Bag of Marbles"},{"floor":31,"key":"Happy Flower"}],"event_choices":[{"damage_healed":0,"gold_gain":0,"player_choice":"Rummage","damage_taken":0,"relics_obtained":["WarpedTongs"],"max_hp_gain":0,"max_hp_loss":0,"event_name":"Accursed Blacksmith","floor":4,"gold_loss":0,"cards_obtained":["Pain"]},{"damage_healed":0,"gold_gain":0,"player_choice":"Got Potions","damage_taken":0,"max_hp_gain":0,"max_hp_loss":0,"event_name":"Lab","floor":14,"gold_loss":0},{"damage_healed":0,"gold_gain":0,"player_choice":"Simplicity","damage_taken":0,"max_hp_gain":0,"max_hp_loss":0,"event_name":"Back to Basics","floor":21,"gold_loss":0,"cards_upgraded":["Defend_G","Defend_G","Defend_G","Defend_G","Strike_G","Strike_G","Strike_G","Strike_G"]},{"damage_healed":0,"gold_gain":0,"player_choice":"Ignored","damage_taken":0,"max_hp_gain":0,"max_hp_loss":0,"event_name":"The Mausoleum","floor":22,"gold_loss":0},{"damage_healed":0,"gold_gain":0,"player_choice":"Ignored","damage_taken":0,"max_hp_gain":0,"max_hp_loss":0,"event_name":"Beggar","floor":24,"gold_loss":0},{"damage_healed":0,"gold_gain":0,"player_choice":"Became a Ghost","damage_taken":0,"max_hp_gain":0,"max_hp_loss":33,"event_name":"Ghosts","floor":30,"gold_loss":0,"cards_obtained":["Ghostly","Ghostly","Ghostly"]}],"is_beta":true,"boss_relics":[{"not_picked":["Orrery","Coffee Dripper"],"picked":"Ectoplasm"}],"items_purged_floors":[20],"is_endless":false,"potions_floor_spawned":[1,5,6,8,18,19,31],"killed_by":"Automaton","ascension_level":20}