{"gold_per_floor":[117,19,29,79,4,30,42,74,74,74,74,101,101,121,121,194,194,205,22,22,35,65,96,96,112,142,142,157,157,167,180,180,258,258,276,276,8,18,18,18,52,69,69,80,80,12,12,12,12,12],"floor_reached":51,"playtime":2943,"items_purged":["Strike_G"],"score":1229,"play_id":"1d987584-f910-4457-96e2-9fb0dac74996","local_time":"20180805141245","is_ascension_mode":true,"campfire_choices":[{"floor":11,"key":"REST"},{"floor":13,"key":"REST"},{"data":"Neutralize","floor":15,"key":"SMITH"},{"data":"Malaise","floor":24,"key":"SMITH"},{"data":"Footwork","floor":27,"key":"SMITH"},{"floor":29,"key":"REST"},{"floor":32,"key":"REST"},{"data":"Catalyst","floor":40,"key":"SMITH"},{"data":"Noxious Fumes","floor":45,"key":"SMITH"},{"data":"Catalyst","floor":47,"key":"SMITH"},{"data":"Bouncing Flask","floor":49,"key":"SMITH"}],"neow_cost":"TEN_PERCENT_HP_LOSS","seed_source_timestamp":39133370591984,"circlet_count":0,"master_deck":["Defend_G","Defend_G","Defend_G","Defend_G","Defend_G","Strike_G","Survivor","Neutralize+1","AscendersBane","Malaise+1","Cloak And Dagger","Slice","Infinite Blades","Dagger Throw","Quick Slash","Bouncing Flask","Dash","Dodge and Roll","Cloak And Dagger","Corpse Explosion","Bouncing Flask+1","Footwork+1","Eviscerate","Crippling Poison","Doppelganger","Dodge and Roll+1","Caltrops","Leg Sweep","Wraith Form v2","Noxious Fumes+1","Catalyst+1","Noxious Fumes+1","Flechettes+1","Catalyst+1"],"relics":["Ring of the Snake","Omamori","Bottled Tornado","Potion Belt","Anchor","Snecko Eye","Red Mask","Matryoshka","Tiny Chest","Bird Faced Urn","Coffee Dripper","Bag of Marbles","TwistedFunnel","Ice Cream","Shuriken","Centennial Puzzle","Lantern","Bottled Lightning"],"potions_floor_usage":[12,16,23,33,33],"damage_taken":[{"damage":0,"enemies":"2 Louse","floor":1,"turns":4},{"damage":1,"enemies":"Cultist","floor":3,"turns":4},{"damage":28,"enemies":"Gremlin Nob","floor":6,"turns":6},{"damage":4,"enemies":"Jaw Worm","floor":7,"turns":4},{"damage":8,"enemies":"Lagavulin","floor":8,"turns":8},{"damage":26,"enemies":"Gremlin Nob","floor":12,"turns":5},{"damage":2,"enemies":"Blue Slaver","floor":14,"turns":3},{"damage":8,"enemies":"Hexaghost","floor":16,"turns":13},{"damage":5,"enemies":"3 Byrds","floor":18,"turns":3},{"damage":0,"enemies":"Spheric Guardian","floor":21,"turns":3},{"damage":2,"floor":22,"turns":2},{"damage":23,"enemies":"Slavers","floor":23,"turns":5},{"damage":3,"enemies":"Snecko","floor":25,"turns":6},{"damage":0,"enemies":"Chosen and Byrds","floor":28,"turns":5},{"damage":0,"enemies":"Centurion and Healer","floor":30,"turns":5},{"damage":0,"enemies":"Cultist and Chosen","floor":31,"turns":4},{"damage":10,"enemies":"Collector","floor":33,"turns":16},{"damage":0,"enemies":"3 Shapes","floor":35,"turns":5},{"damage":3,"enemies":"Orb Walker","floor":38,"turns":5},{"damage":0,"floor":39,"turns":5},{"damage":2,"enemies":"Giant Head","floor":41,"turns":8},{"damage":4,"enemies":"Maw","floor":42,"turns":7},{"damage":4,"enemies":"4 Shapes","floor":44,"turns":4},{"damage":3,"enemies":"Donu and Deca","floor":50,"turns":3}],"seed_played":"53010767855203512","potions_obtained":[{"floor":7,"key":"Swift Potion"},{"floor":12,"key":"LiquidBronze"},{"floor":14,"key":"Dexterity Potion"},{"floor":18,"key":"SpeedPotion"},{"floor":22,"key":"GhostInAJar"},{"floor":25,"key":"PowerPotion"},{"floor":28,"key":"SkillPotion"},{"floor":30,"key":"Ancient Potion"},{"floor":39,"key":"Energy Potion"},{"floor":42,"key":"SteroidPotion"},{"floor":44,"key":"Swift Potion"}],"is_trial":false,"path_per_floor":["M","$","M","?","?","E","M","E","T","?","R","E","R","M","R","B",null,"M","$","?","M","?","E","R","M","T","R","M","R","M","M","R","B",null,"M","?","$","M","?","R","E","M","T","M","R","$","R","T","R","B"],"character_chosen":"THE_SILENT","items_purchased":["Infinite Blades","Dagger Throw","Bouncing Flask","Footwork","Noxious Fumes","TwistedFunnel","Catalyst"],"campfire_rested":4,"item_purchase_floors":[2,2,19,19,37,37,46],"current_hp_per_floor":[59,59,58,58,58,30,26,18,18,18,36,10,28,26,26,18,50,45,45,45,45,43,20,20,17,17,17,21,39,41,43,60,50,58,60,60,60,60,60,60,60,60,60,60,60,60,60,60,60,57],"gold":12,"neow_bonus":"TRANSFORM_TWO_CARDS","is_prod":false,"is_daily":false,"chose_seed":false,"campfire_upgraded":7,"win_rate":0,"timestamp":1533492765,"path_taken":["M","$","M","?","?","E","M","E","T","?","R","E","R","M","R","BOSS","M","$","?","M","?","E","R","?","T","R","M","R","M","M","R","BOSS","M","?","$","M","?","R","E","M","T","M","R","$","R","?","R","BOSS"],"build_version":"2018-08-02","purchased_purges":1,"victory":true,"max_hp_per_floor":[60,60,60,60,60,60,60,60,60,60,60,60,60,60,60,60,60,60,60,60,60,60,60,60,60,60,60,60,60,60,60,60,60,60,60,60,60,60,60,60,60,60,60,60,60,60,60,60,60,60],"card_choices":[{"not_picked":["Quick Slash","Backflip"],"picked":"Slice","floor":1},{"not_picked":["Flying Knee","PiercingWail"],"picked":"Quick Slash","floor":3},{"not_picked":["Blur","Well Laid Plans"],"picked":"Bouncing Flask","floor":6},{"not_picked":["Sucker Punch","Tactician"],"picked":"Dash","floor":7},{"not_picked":["Blade Dance","Riddle With Holes"],"picked":"Dodge and Roll","floor":8},{"not_picked":["Unload","Slice"],"picked":"Cloak And Dagger","floor":12},{"not_picked":["Tactician","Slice","Escape Plan"],"picked":"SKIP","floor":14},{"not_picked":["Tools of the Trade","Night Terror"],"picked":"Corpse Explosion","floor":16},{"not_picked":["Poisoned Stab","Outmaneuver","Accuracy"],"picked":"SKIP","floor":18},{"not_picked":["Prepared","Deflect+1"],"picked":"Eviscerate","floor":21},{"not_picked":["Quick Slash","Dodge and Roll"],"picked":"Crippling Poison","floor":22},{"not_picked":["Reflex","Endless Agony"],"picked":"Doppelganger","floor":23},{"not_picked":["Finisher","Cloak And Dagger","Sucker Punch"],"picked":"SKIP","floor":25},{"not_picked":["Terror","Riddle With Holes"],"picked":"Dodge and Roll+1","floor":28},{"not_picked":["Flechettes","Tactician"],"picked":"Caltrops","floor":30},{"not_picked":["Distraction","Dodge and Roll"],"picked":"Leg Sweep","floor":31},{"not_picked":["Corpse Explosion","Die Die Die"],"picked":"Wraith Form v2","floor":33},{"not_picked":["Distraction","Quick Slash+1","Prepared"],"picked":"SKIP","floor":35},{"not_picked":["Underhanded Strike","Slice"],"picked":"Catalyst","floor":38},{"not_picked":["PiercingWail","Unload"],"picked":"Noxious Fumes+1","floor":41},{"not_picked":["Escape Plan+1","Tactician","Endless Agony"],"picked":"SKIP","floor":42},{"not_picked":["Dodge and Roll","Cloak And Dagger"],"picked":"Flechettes+1","floor":44}],"player_experience":465134,"relics_obtained":[{"floor":6,"key":"Omamori"},{"floor":8,"key":"Bottled Tornado"},{"floor":9,"key":"Potion Belt"},{"floor":12,"key":"Anchor"},{"floor":22,"key":"Red Mask"},{"floor":23,"key":"Matryoshka"},{"floor":26,"key":"Tiny Chest"},{"floor":26,"key":"Bird Faced Urn"},{"floor":39,"key":"Ice Cream"},{"floor":41,"key":"Shuriken"},{"floor":43,"key":"Centennial Puzzle"},{"floor":43,"key":"Lantern"},{"floor":48,"key":"Bottled Lightning"}],"event_choices":[{"event_name":"Golden Shrine","player_choice":"Pray","floor":4,"damage_taken":0},{"event_name":"The Cleric","player_choice":"Card Removal","floor":5,"damage_taken":0},{"event_name":"Shining Light","player_choice":"Ignored","floor":10,"damage_taken":0},{"event_name":"Ghosts","player_choice":"Ignored","floor":20,"damage_taken":0},{"event_name":"Masked Bandits","player_choice":"Fought over 35 gold","floor":22,"damage_taken":0},{"event_name":"WeMeetAgain","player_choice":"Potion","floor":36,"damage_taken":0},{"event_name":"MindBloom","player_choice":"Fight","floor":39,"damage_taken":0}],"is_beta":false,"boss_relics":[{"not_picked":["HoveringKite","Velvet Choker"],"picked":"Snecko Eye"},{"not_picked":["Pandora\u0027s Box","Runic Pyramid"],"picked":"Coffee Dripper"}],"items_purged_floors":[19],"is_endless":false,"potions_floor_spawned":[7,12,14,18,22,25,28,30,39,42,44],"ascension_level":15}