{"gold_per_floor":[113,130,53,73,88,88,123,198,198,233,233,233,244,264,264,359,359,372,372,386,486,486,486,502,502,502,1,0,0,0,17,17,122,122,139,139,139,152,171,171,186,205,205,220,236,236,236,251,251,251],"floor_reached":51,"playtime":4802,"items_purged":["Strike_B"],"score":709,"play_id":"893d614c-ba76-4ef2-b4ee-df51c09f882b","local_time":"20181124200057","is_ascension_mode":false,"campfire_choices":[{"floor":6,"key":"REST"},{"floor":11,"key":"REST"},{"floor":15,"key":"REST"},{"floor":23,"key":"REST"},{"floor":25,"key":"REST"},{"floor":32,"key":"REST"},{"floor":40,"key":"REST"},{"floor":47,"key":"REST"},{"floor":49,"key":"REST"}],"neow_cost":"NONE","seed_source_timestamp":713799781121414,"circlet_count":0,"master_deck":["Defend_B","Defend_B","Defend_B","Defend_B","Zap","Dualcast","Fission+1","Rebound","Compile Driver","Static Discharge","Ball Lightning","Rebound","Barrage","Static Discharge+1","Cold Snap","Buffer+1","Electrodynamics+1","Cold Snap","Lockon","Ball Lightning","Lockon+1","Multi-Cast","Coolheaded","Sweeping Beam","Buffer+1","Biased Cognition+1","Seek","Lockon+1","Madness","Madness","Leap","Steam+1","Streamline+1","Conserve Battery","Leap","Biased Cognition+1","Undo+1"],"relics":["Cracked Core","Lantern","Pear","Frozen Egg 2","Odd Mushroom","Nuclear Battery","Kunai","Bird Faced Urn","Darkstone Periapt","Enchiridion","Mercury Hourglass","Bottled Tornado","Runic Pyramid","Blood Vial"],"potions_floor_usage":[16,21,33,33,33,45,50,50,50],"damage_taken":[{"damage":0,"enemies":"Cultist","floor":1,"turns":4},{"damage":6,"enemies":"Jaw Worm","floor":2,"turns":4},{"damage":0,"enemies":"2 Louse","floor":4,"turns":2},{"damage":10,"enemies":"Exordium Wildlife","floor":5,"turns":2},{"damage":22,"enemies":"Gremlin Nob","floor":7,"turns":4},{"damage":25,"enemies":"3 Sentries","floor":10,"turns":8},{"damage":6,"enemies":"Large Slime","floor":13,"turns":3},{"damage":30,"enemies":"The Mushroom Lair","floor":14,"turns":3},{"damage":7,"enemies":"Slime Boss","floor":16,"turns":9},{"damage":10,"enemies":"Spheric Guardian","floor":18,"turns":3},{"damage":8,"enemies":"2 Thieves","floor":20,"turns":3},{"damage":13,"enemies":"Colosseum Slavers","floor":21,"turns":4},{"damage":27,"enemies":"Colosseum Nobs","floor":21,"turns":5},{"damage":10,"enemies":"Cultist and Chosen","floor":24,"turns":5},{"damage":8,"enemies":"Snecko","floor":31,"turns":4},{"damage":0,"enemies":"Champ","floor":33,"turns":7},{"damage":8,"enemies":"3 Darklings","floor":35,"turns":2},{"damage":15,"enemies":"Orb Walker","floor":38,"turns":2},{"damage":3,"enemies":"Writhing Mass","floor":39,"turns":5},{"damage":0,"enemies":"3 Darklings","floor":41,"turns":1},{"damage":39,"enemies":"Maw","floor":42,"turns":9},{"damage":45,"enemies":"Spire Growth","floor":44,"turns":5},{"damage":20,"enemies":"Writhing Mass","floor":45,"turns":3},{"damage":0,"enemies":"3 Darklings","floor":48,"turns":3},{"damage":34,"enemies":"Donu and Deca","floor":50,"turns":6}],"seed_played":"-811854448813030546","potions_obtained":[{"floor":1,"key":"SpeedPotion"},{"floor":2,"key":"AttackPotion"},{"floor":10,"key":"GamblersBrew"},{"floor":18,"key":"FocusPotion"},{"floor":21,"key":"AttackPotion"},{"floor":31,"key":"Block Potion"},{"floor":33,"key":"Strength Potion"},{"floor":35,"key":"PowerPotion"},{"floor":39,"key":"EssenceOfSteel"},{"floor":48,"key":"Poison Potion"}],"is_trial":false,"path_per_floor":["M","M","$","M","M","R","E","?","T","E","R","?","M","?","R","B",null,"M","?","M","?","?","R","M","R","T","$","?","?","$","M","R","B",null,"M","?","?","M","M","R","M","M","T","M","M","?","R","M","R","B",null],"character_chosen":"DEFECT","items_purchased":["Static Discharge","Bottled Tornado","Multi-Cast","Coolheaded"],"campfire_rested":9,"item_purchase_floors":[3,27,27,27],"current_hp_per_floor":[75,69,69,69,59,75,53,42,52,27,52,45,39,9,34,27,85,75,75,67,27,11,36,34,59,59,59,59,59,59,61,85,85,85,77,66,66,57,68,91,91,60,60,25,15,15,41,53,79,69],"gold":251,"neow_bonus":"ONE_RANDOM_RARE_CARD","is_prod":false,"is_daily":false,"chose_seed":false,"campfire_upgraded":0,"win_rate":0.0,"timestamp":1543104057,"path_taken":["M","M","?","M","M","R","E","?","T","E","R","?","?","?","R","BOSS","M","?","M","?","?","R","M","R","T","$","?","?","$","M","R","BOSS","M","?","?","M","?","R","M","M","T","?","M","?","R","M","R","BOSS"],"build_version":"2018-11-15","purchased_purges":1,"victory":true,"max_hp_per_floor":[75,75,75,75,75,75,75,75,85,85,85,85,85,85,85,85,85,85,85,85,85,85,85,85,85,85,85,85,85,85,85,85,85,85,85,85,85,85,91,91,91,91,91,91,91,88,88,88,88,88],"card_choices":[{"not_picked":["Force Field","Go for the Eyes"],"picked":"Rebound","floor":1},{"not_picked":["Steam","Sweeping Beam"],"picked":"Compile Driver","floor":2},{"not_picked":["Melter","Coolheaded"],"picked":"Ball Lightning","floor":4},{"not_picked":["Storm","Streamline"],"picked":"Rebound","floor":5},{"not_picked":["Compile Driver","Rebound"],"picked":"Barrage","floor":7},{"not_picked":["Streamline","Force Field"],"picked":"Static Discharge","floor":10},{"not_picked":["Chaos","Reprogram"],"picked":"Cold Snap","floor":13},{"not_picked":["Auto Shields","Scrape"],"picked":"Buffer+1","floor":14},{"not_picked":["Machine Learning+1","Thunder Strike"],"picked":"Electrodynamics+1","floor":16},{"not_picked":["Skim","Hologram+1"],"picked":"Cold Snap","floor":18},{"not_picked":["Sweeping Beam","Streamline"],"picked":"Lockon","floor":20},{"not_picked":["Compile Driver","Redo"],"picked":"Ball Lightning","floor":21},{"not_picked":["Hologram","Rebound"],"picked":"Lockon+1","floor":24},{"not_picked":["Stack","Ball Lightning+1"],"picked":"Biased Cognition+1","floor":31},{"not_picked":["Multi-Cast","All For One"],"picked":"Seek","floor":33},{"not_picked":["Loop+1","Rebound"],"picked":"Lockon+1","floor":35},{"not_picked":["Barrage","Redo+1"],"picked":"Leap","floor":38},{"not_picked":["Loop+1","Streamline"],"picked":"Steam+1","floor":39},{"not_picked":["Reprogram","Sweeping Beam+1"],"picked":"Streamline+1","floor":41},{"not_picked":["Sweeping Beam","BootSequence"],"picked":"Conserve Battery","floor":42},{"not_picked":["Compile Driver+1","Melter+1"],"picked":"Leap","floor":44},{"not_picked":["Defragment+1","Redo"],"picked":"Biased Cognition+1","floor":45},{"not_picked":["Genetic Algorithm","Go for the Eyes+1"],"picked":"Undo+1","floor":48}],"player_experience":28247,"relics_obtained":[{"floor":7,"key":"Lantern"},{"floor":9,"key":"Pear"},{"floor":10,"key":"Frozen Egg 2"},{"floor":14,"key":"Odd Mushroom"},{"floor":21,"key":"Bird Faced Urn"},{"floor":21,"key":"Darkstone Periapt"},{"floor":22,"key":"Enchiridion"},{"floor":26,"key":"Mercury Hourglass"},{"floor":43,"key":"Blood Vial"}],"event_choices":[{"damage_healed":0,"gold_gain":75,"player_choice":"Gather Gold","damage_taken":11,"max_hp_gain":0,"max_hp_loss":0,"event_name":"World of Goop","floor":8,"gold_loss":0},{"cards_removed":["Strike_B"],"damage_healed":0,"gold_gain":0,"player_choice":"Card Removal","damage_taken":7,"max_hp_gain":0,"max_hp_loss":0,"event_name":"Golden Wing","floor":12,"gold_loss":0},{"damage_healed":0,"gold_gain":0,"player_choice":"Fought Mushrooms","damage_taken":0,"max_hp_gain":0,"max_hp_loss":0,"event_name":"Mushrooms","floor":14,"gold_loss":0},{"damage_healed":0,"gold_gain":0,"player_choice":"Opened","damage_taken":0,"relics_obtained":["Kunai"],"max_hp_gain":0,"max_hp_loss":0,"event_name":"The Mausoleum","floor":19,"gold_loss":0,"cards_obtained":["Writhe"]},{"damage_healed":0,"gold_gain":0,"player_choice":"Fight","damage_taken":0,"max_hp_gain":0,"max_hp_loss":0,"event_name":"Colosseum","floor":21,"gold_loss":0},{"damage_healed":0,"gold_gain":0,"player_choice":"Fought Nobs","damage_taken":0,"max_hp_gain":0,"max_hp_loss":0,"event_name":"Colosseum","floor":21,"gold_loss":0},{"damage_healed":0,"gold_gain":0,"player_choice":"Obtained Book","damage_taken":16,"max_hp_gain":0,"max_hp_loss":0,"event_name":"Cursed Tome","floor":22,"gold_loss":0},{"damage_healed":0,"gold_gain":0,"player_choice":"Paid Fearfully","damage_taken":0,"max_hp_gain":0,"max_hp_loss":0,"event_name":"Masked Bandits","floor":28,"gold_loss":1},{"damage_healed":0,"gold_gain":0,"cards_transformed":["Strike_B","Strike_B"],"player_choice":"Became Test Subject","damage_taken":0,"max_hp_gain":0,"max_hp_loss":0,"event_name":"Drug Dealer","floor":29,"gold_loss":0,"cards_obtained":["Sweeping Beam","Buffer"]},{"damage_healed":0,"gold_gain":0,"player_choice":"Embrace Madness","damage_taken":11,"max_hp_gain":0,"max_hp_loss":0,"event_name":"Winding Halls","floor":36,"gold_loss":0,"cards_obtained":["Madness","Madness"]},{"damage_healed":0,"gold_gain":0,"player_choice":"Forge","damage_taken":0,"max_hp_gain":0,"max_hp_loss":0,"event_name":"Accursed Blacksmith","floor":37,"gold_loss":0,"cards_upgraded":["Fission"]},{"cards_removed":["Parasite","Writhe"],"damage_healed":0,"gold_gain":0,"player_choice":"Removed Curses","damage_taken":0,"max_hp_gain":0,"max_hp_loss":0,"event_name":"Fountain of Cleansing","floor":46,"gold_loss":0}],"is_beta":false,"boss_relics":[{"not_picked":["Black Star","White Beast Statue"],"picked":"Nuclear Battery"},{"not_picked":["Velvet Choker","Cursed Key"],"picked":"Runic Pyramid"}],"items_purged_floors":[27],"is_endless":false,"potions_floor_spawned":[1,2,10,13,18,21,31,33,35,39,42,48],"ascension_level":0}