{"gold_per_floor":[113,132,132,144,144,176,176,190,190,190,201,218,69,81,81,185,185,199,54,54,8,25,25,41,51,51,51,68,79,79,94,94,197,197,212,312,80,100,100,100],"floor_reached":40,"playtime":2935,"items_purged":["Strike_B"],"score":417,"play_id":"773d3407-9a71-4abd-9ff9-dbbfe4c66996","local_time":"20181125185259","is_ascension_mode":false,"campfire_choices":[{"floor":7.0,"key":"REST"},{"floor":10.0,"key":"REST"},{"floor":15.0,"key":"REST"},{"floor":23.0,"key":"REST"},{"floor":27.0,"key":"REST"},{"floor":30.0,"key":"REST"},{"data":"Static Discharge","floor":32.0,"key":"SMITH"}],"neow_cost":"NONE","seed_source_timestamp":0,"circlet_count":0,"master_deck":["Strike_B","Strike_B","Strike_B+1","Defend_B","Defend_B","Defend_B","Defend_B","Zap","Dualcast","Defragment","Barrage+1","Ball Lightning","Cold Snap","Defragment","Chill","Blizzard+1","Static Discharge+1","Blizzard+1","Capacitor","Thunder Strike+1","Rebound+1","Defragment","Lockon+1","Barrage+1","Defragment","Glacier","Conserve Battery+1","Barrage+1","Ball Lightning+1","Buffer","Rebound+1","Conserve Battery+1","Multi-Cast","Rebound+1"],"special_seed":0,"relics":["Cracked Core","NeowsBlessing","Kunai","Molten Egg 2","Inserter","Orichalcum","Fusion Hammer","Unceasing Top"],"potions_floor_usage":[36,38,38,38,40],"damage_taken":[{"damage":0.0,"enemies":"Cultist","floor":1.0,"turns":1.0},{"damage":0.0,"enemies":"2 Louse","floor":2.0,"turns":1.0},{"damage":0.0,"enemies":"Small Slimes","floor":4.0,"turns":1.0},{"damage":36.0,"enemies":"Lagavulin","floor":6.0,"turns":5.0},{"damage":15.0,"enemies":"Exordium Wildlife","floor":8.0,"turns":3.0},{"damage":11.0,"enemies":"2 Fungi Beasts","floor":11.0,"turns":3.0},{"damage":10.0,"enemies":"Gremlin Gang","floor":12.0,"turns":4.0},{"damage":3.0,"enemies":"3 Louse","floor":14.0,"turns":3.0},{"damage":17.0,"enemies":"The Guardian","floor":16.0,"turns":8.0},{"damage":35.0,"enemies":"2 Thieves","floor":18.0,"turns":3.0},{"damage":3.0,"enemies":"Chosen","floor":22.0,"turns":4.0},{"damage":3.0,"enemies":"Centurion and Healer","floor":24.0,"turns":7.0},{"damage":15.0,"enemies":"Chosen and Byrds","floor":25.0,"turns":5.0},{"damage":10.0,"enemies":"3 Cultists","floor":28.0,"turns":5.0},{"damage":1.0,"enemies":"Cultist and Chosen","floor":29.0,"turns":7.0},{"damage":0.0,"enemies":"Snecko","floor":31.0,"turns":4.0},{"damage":29.0,"enemies":"Champ","floor":33.0,"turns":7.0},{"damage":22,"enemies":"Orb Walker","floor":35,"turns":4},{"damage":18,"enemies":"Mind Bloom Boss Battle","floor":36,"turns":8},{"damage":35,"enemies":"3 Darklings","floor":38,"turns":5},{"damage":13,"enemies":"Writhing Mass","floor":40,"turns":3}],"seed_played":"-2559972940008278347","potions_obtained":[{"floor":1.0,"key":"GamblersBrew"},{"floor":4.0,"key":"AttackPotion"},{"floor":12.0,"key":"Block Potion"},{"floor":14.0,"key":"FocusPotion"},{"floor":16.0,"key":"SpeedPotion"},{"floor":25.0,"key":"SpeedPotion"},{"floor":35,"key":"SteroidPotion"},{"floor":36,"key":"FearPotion"},{"floor":38,"key":"Poison Potion"}],"is_trial":false,"path_per_floor":["M","M","?","M","?","E","R","M","T","R","M","M","$","M","R","B",null,"M","$","?","$","M","R","M","M","T","R","M","M","R","M","R","B",null,"M","?","$","M","?","M"],"character_chosen":"DEFECT","items_purchased":["Static Discharge","Blizzard+1","Defragment","Lockon+1","Barrage+1","Multi-Cast"],"campfire_rested":6,"item_purchase_floors":[13,13,19,19,21,37],"current_hp_per_floor":[75,75,80,80,64,28,52,37,37,61,50,40,40,37,61,44,80,45,45,45,45,42,66,63,48,48,72,62,61,80,80,80,51,80,58,40,40,5,5,0],"gold":100,"neow_bonus":"THREE_ENEMY_KILL","is_prod":false,"is_daily":false,"chose_seed":false,"campfire_upgraded":1,"win_rate":0,"timestamp":1543186379,"path_taken":["M","?","?","M","?","E","R","M","T","R","M","M","$","M","R","BOSS","M","$","?","$","M","R","M","M","T","R","M","M","R","M","R","BOSS","M","?","$","M","?","?"],"build_version":"2018-11-15","purchased_purges":1,"victory":false,"max_hp_per_floor":[75,75,80,80,80,80,80,80,80,80,80,80,80,80,80,80,80,80,80,80,80,80,80,80,80,80,80,80,80,80,80,80,80,80,80,80,80,80,80,80],"card_choices":[{"not_picked":["Go for the Eyes","Auto Shields"],"picked":"Defragment","floor":1.0},{"not_picked":["Compile Driver","Streamline"],"picked":"Barrage","floor":2.0},{"not_picked":["Compile Driver","Rebound"],"picked":"Ball Lightning","floor":4.0},{"not_picked":["Reboot","Heatsinks"],"picked":"Cold Snap","floor":6.0},{"not_picked":["Steam","Storm"],"picked":"Defragment","floor":8.0},{"not_picked":["Gash+1","Hologram"],"picked":"Chill","floor":11.0},{"not_picked":["Chaos","Heatsinks"],"picked":"Blizzard+1","floor":12.0},{"not_picked":["Conserve Battery","Sweeping Beam+1"],"picked":"Capacitor","floor":14.0},{"not_picked":["Multi-Cast","Rainbow"],"picked":"Thunder Strike+1","floor":16.0},{"not_picked":["Turbo","Beam Cell+1"],"picked":"Rebound+1","floor":18.0},{"not_picked":["Cold Snap+1","Redo"],"picked":"Defragment","floor":22.0},{"not_picked":["Sweeping Beam+1","Rip and Tear+1"],"picked":"Glacier","floor":24.0},{"not_picked":["Undo+1","Amplify"],"picked":"Conserve Battery+1","floor":25.0},{"not_picked":["Go for the Eyes+1","Sunder+1","Barrage+1"],"picked":"SKIP","floor":28.0},{"not_picked":["Self Repair","Rip and Tear+1"],"picked":"Barrage+1","floor":29.0},{"not_picked":["Steam","Tempest"],"picked":"Ball Lightning+1","floor":31.0},{"not_picked":["Electrodynamics","Biased Cognition"],"picked":"Buffer","floor":33.0},{"not_picked":["Stack+1","Streamline+1"],"picked":"Rebound+1","floor":35},{"not_picked":["Stack","Undo+1"],"picked":"Conserve Battery+1","floor":36},{"not_picked":["Streamline+1","Genetic Algorithm"],"picked":"Rebound+1","floor":38}],"player_experience":43820,"relics_obtained":[{"floor":6.0,"key":"Kunai"},{"floor":9.0,"key":"Molten Egg 2"},{"floor":26.0,"key":"Orichalcum"},{"floor":36,"key":"Unceasing Top"}],"event_choices":[{"damage_healed":0.0,"max_hp_gain":5.0,"max_hp_loss":0.0,"gold_gain":0.0,"event_name":"Big Fish","player_choice":"Donut","floor":3.0,"gold_loss":0.0,"damage_taken":0.0},{"damage_healed":0.0,"max_hp_gain":0.0,"max_hp_loss":0.0,"gold_gain":0.0,"event_name":"Shining Light","player_choice":"Entered Light","floor":5.0,"gold_loss":0.0,"damage_taken":16.0,"cards_upgraded":["Strike_B","Barrage"]},{"damage_healed":0.0,"max_hp_gain":0.0,"max_hp_loss":0.0,"gold_gain":0.0,"event_name":"Vampires","player_choice":"Ignored","floor":20.0,"gold_loss":0.0,"damage_taken":0.0},{"damage_healed":0,"gold_gain":0,"player_choice":"Fight","damage_taken":0,"max_hp_gain":0,"max_hp_loss":0,"event_name":"MindBloom","floor":36,"gold_loss":0},{"damage_healed":0,"gold_gain":0,"player_choice":"Ignored","damage_taken":0,"max_hp_gain":0,"max_hp_loss":0,"event_name":"NoteForYourself","floor":39,"gold_loss":0}],"is_beta":false,"boss_relics":[{"not_picked":["Nuclear Battery","Busted Crown"],"picked":"Inserter"},{"not_picked":["Tiny House","Orrery"],"picked":"Fusion Hammer"}],"items_purged_floors":[37],"is_endless":false,"potions_floor_spawned":[1,4,12,14,16,25,28,29,31,33,35,36,38],"killed_by":"Writhing Mass","ascension_level":0}