{"gold_per_floor":[112,112,135,156,179,179,203,203,249,249,51,51,226,91,91,215,215,240,261,261,286,306,306,60,81,81,102,116,116],"floor_reached":29,"playtime":2043,"items_purged":["Defend_B","Doubt"],"score":230,"play_id":"c25dde7c-3903-4ac9-b606-ea5c56471343","local_time":"20181204200314","is_ascension_mode":true,"campfire_choices":[{"floor":6,"key":"REST"},{"floor":8,"key":"REST"},{"data":"Capacitor","floor":12,"key":"SMITH"},{"data":"Static Discharge","floor":15,"key":"SMITH"},{"floor":23,"key":"REST"}],"neow_cost":"PERCENT_DAMAGE","seed_source_timestamp":168992334850901,"circlet_count":0,"master_deck":["Strike_B","Strike_B","Strike_B","Strike_B","Defend_B","Defend_B","Defend_B","Zap","Dualcast","Cold Snap","Defragment+1","Barrage","Redo","Multi-Cast","Capacitor+1","Coolheaded","Static Discharge+1","Electrodynamics","Lockon","Rebound+1","Zap","Deep Breath","Ball Lightning+1","Thunder Strike","Apotheosis","Barrage","Leap","Clumsy","Reinforced Body+1","Leap"],"relics":["Cracked Core","Golden Idol","Blood Vial","Cursed Key","FossilizedHelix"],"potions_floor_usage":[19,25,27,27,28],"damage_taken":[{"damage":11,"enemies":"Jaw Worm","floor":1,"turns":3},{"damage":7,"enemies":"Small Slimes","floor":3,"turns":2},{"damage":4,"enemies":"Cultist","floor":4,"turns":3},{"damage":5,"enemies":"Blue Slaver","floor":5,"turns":4},{"damage":10,"enemies":"Red Slaver","floor":7,"turns":4},{"damage":27,"enemies":"Slime Boss","floor":16,"turns":8},{"damage":20,"enemies":"2 Thieves","floor":18,"turns":1},{"damage":7,"enemies":"Spheric Guardian","floor":19,"turns":4},{"damage":32,"enemies":"Centurion and Healer","floor":21,"turns":3},{"damage":21,"enemies":"Snake Plant","floor":22,"turns":3},{"damage":21,"enemies":"Sentry and Sphere","floor":25,"turns":4},{"damage":12,"enemies":"Centurion and Healer","floor":27,"turns":5},{"damage":0,"enemies":"Snecko","floor":28,"turns":3},{"damage":7,"enemies":"Snake Plant","floor":29,"turns":1}],"seed_played":"-8807708524217606836","potions_obtained":[{"floor":3,"key":"SteroidPotion"},{"floor":7,"key":"GamblersBrew"},{"floor":16,"key":"Energy Potion"},{"floor":18,"key":"Block Potion"},{"floor":25,"key":"Block Potion"},{"floor":27,"key":"AttackPotion"},{"floor":28,"key":"FearPotion"}],"is_trial":false,"path_per_floor":["M","?","M","M","M","R","M","R","T","?","$","R","?","$","R","B",null,"M","M","?","M","M","R","$","M","T","M","M","M"],"character_chosen":"DEFECT","items_purchased":["Capacitor","Coolheaded","Static Discharge","Apotheosis","Barrage","Leap"],"campfire_rested":3,"item_purchase_floors":[11,11,14,24,24,24],"current_hp_per_floor":[57,57,50,46,41,65,55,79,79,79,79,79,79,79,79,54,82,62,57,57,27,8,32,32,13,13,3,5,0],"gold":116,"neow_bonus":"TWENTY_PERCENT_HP_BONUS","is_prod":false,"is_daily":false,"chose_seed":false,"campfire_upgraded":2,"win_rate":0,"timestamp":1543968194,"path_taken":["M","?","M","M","M","R","M","R","T","?","$","R","?","$","R","BOSS","M","M","?","M","M","R","$","M","T","M","M","M"],"build_version":"2018-11-15","purchased_purges":2,"victory":false,"max_hp_per_floor":[89,82,82,82,82,82,82,82,82,82,82,82,82,82,82,82,82,82,82,82,82,82,82,82,82,82,82,82,82],"card_choices":[{"not_picked":["Compile Driver","Streamline"],"picked":"Cold Snap","floor":1},{"not_picked":["Redo","Streamline"],"picked":"Defragment","floor":3},{"not_picked":["Compile Driver","Redo"],"picked":"Barrage","floor":4},{"not_picked":["Go for the Eyes","Gash"],"picked":"Redo","floor":5},{"not_picked":["Compile Driver","Gash"],"picked":"Multi-Cast","floor":7},{"not_picked":["Multi-Cast","Machine Learning"],"picked":"Electrodynamics","floor":16},{"not_picked":["Coolheaded","Hologram+1"],"picked":"Lockon","floor":18},{"not_picked":["Compile Driver","Sweeping Beam"],"picked":"Rebound+1","floor":19},{"not_picked":["Static Discharge","Compile Driver"],"picked":"Ball Lightning+1","floor":21},{"not_picked":["FTL","Lockon"],"picked":"Thunder Strike","floor":22},{"not_picked":["Go for the Eyes","Beam Cell","Rip and Tear"],"picked":"SKIP","floor":25},{"not_picked":["Compile Driver+1","Go for the Eyes"],"picked":"Reinforced Body+1","floor":27},{"not_picked":["Heatsinks","Glacier"],"picked":"Leap","floor":28}],"player_experience":62076,"relics_obtained":[{"floor":9,"key":"Blood Vial"},{"floor":26,"key":"FossilizedHelix"}],"event_choices":[{"damage_healed":0,"gold_gain":0,"player_choice":"Lose Max HP","damage_taken":0,"relics_obtained":["Golden Idol"],"max_hp_gain":0,"max_hp_loss":7,"event_name":"Golden Idol","floor":2,"gold_loss":0},{"damage_healed":0,"gold_gain":0,"player_choice":"Grow","damage_taken":0,"max_hp_gain":0,"max_hp_loss":0,"event_name":"Living Wall","floor":10,"gold_loss":0,"cards_upgraded":["Defragment"]},{"damage_healed":0,"gold_gain":175,"player_choice":"AGREE","damage_taken":0,"max_hp_gain":0,"max_hp_loss":0,"event_name":"Liars Game","floor":13,"gold_loss":0,"cards_obtained":["Doubt"]},{"damage_healed":0,"gold_gain":0,"player_choice":"2 cards matched","damage_taken":0,"max_hp_gain":0,"max_hp_loss":0,"event_name":"Match and Keep!","floor":20,"gold_loss":0,"cards_obtained":["Zap","Deep Breath"]}],"is_beta":false,"boss_relics":[{"not_picked":["Empty Cage","Tiny House"],"picked":"Cursed Key"}],"items_purged_floors":[11,14],"is_endless":false,"potions_floor_spawned":[3,7,16,18,25,27,28],"killed_by":"Snake Plant","ascension_level":1}