{"gold_per_floor":[209,272,547,567,577,577,606,625,673,399,399,13,13,13,13,117,117,137,147,327,30,56,56,56,67,67,67,67,82,10,21,21,126,176,195,212,212,212,87,87,100,100,123,123,142,142,152,0,0,0],"floor_reached":51,"playtime":1154,"items_purged":["Regret","Strike_R","Defend_R"],"score":718,"play_id":"881d4a6c-997a-443e-b140-a93a0bf87259","local_time":"20190423011632","is_ascension_mode":false,"campfire_choices":[{"data":"Bash","floor":6,"key":"SMITH"},{"data":"Carnage","floor":11,"key":"SMITH"},{"data":"Uppercut","floor":15,"key":"SMITH"},{"data":"Flex","floor":23,"key":"SMITH"},{"data":"Flex","floor":28,"key":"SMITH"},{"data":"Whirlwind","floor":32,"key":"SMITH"},{"data":"Offering","floor":40,"key":"SMITH"},{"data":"Disarm","floor":44,"key":"SMITH"},{"floor":46,"key":"REST"},{"data":"Twin Strike","floor":49,"key":"SMITH"}],"neow_cost":"NONE","seed_source_timestamp":13298173796451,"circlet_count":0,"master_deck":["Strike_R","Strike_R","Strike_R","Strike_R","Defend_R","Defend_R","Bash+1","Headbutt+1","Battle Trance","Disarm+1","Twin Strike+1","Flex+1","Uppercut+1","Offering+1","Flex+1","Clash","Havoc+1","Whirlwind+1","Pommel Strike","Disarm+1"],"relics":["Burning Blood","Pear","Oddly Smooth Stone","PreservedInsect","Bag of Preparation","Ancient Tea Set","Busted Crown","Champion Belt","Orichalcum","MutagenicStrength","Strawberry","Tiny House","Anchor","Red Mask"],"potions_floor_usage":[33,33,36,50,50,50],"damage_taken":[{"damage":3,"enemies":"2 Louse","floor":1,"turns":4},{"damage":3,"enemies":"Jaw Worm","floor":4,"turns":3},{"damage":0,"enemies":"Cultist","floor":5,"turns":2},{"damage":42,"enemies":"Lagavulin","floor":7,"turns":5},{"damage":0,"enemies":"Large Slime","floor":8,"turns":3},{"damage":39,"enemies":"Hexaghost","floor":16,"turns":11},{"damage":6,"enemies":"Spheric Guardian","floor":18,"turns":1},{"damage":9,"enemies":"2 Thieves","floor":19,"turns":3},{"damage":0,"enemies":"Snake Plant","floor":25,"turns":1},{"damage":7,"enemies":"Centurion and Healer","floor":29,"turns":3},{"damage":6,"enemies":"3 Cultists","floor":31,"turns":2},{"damage":68,"enemies":"Automaton","floor":33,"turns":9},{"damage":21,"enemies":"3 Shapes","floor":35,"turns":4},{"damage":7,"enemies":"3 Darklings","floor":36,"turns":2},{"damage":0,"enemies":"Jaw Worm Horde","floor":41,"turns":1},{"damage":41,"enemies":"4 Shapes","floor":45,"turns":4},{"damage":6,"enemies":"Transient","floor":47,"turns":5},{"damage":54,"enemies":"Awakened One","floor":50,"turns":9}],"seed_played":"6539499700747535009","potions_obtained":[{"floor":5,"key":"Strength Potion"},{"floor":8,"key":"Weak Potion"},{"floor":18,"key":"Dexterity Potion"},{"floor":19,"key":"SteroidPotion"},{"floor":33,"key":"Fruit Juice"},{"floor":34,"key":"Strength Potion"},{"floor":45,"key":"Explosive Potion"}],"is_trial":false,"path_per_floor":["M","?","?","M","M","R","E","M","T","$","R","$","?","?","R","B",null,"M","M","?","$","T","R","?","M","T","$","R","M","$","M","R","B",null,"M","M","?","?","$","R","M","?","T","R","M","R","M","?","R","B",null],"character_chosen":"IRONCLAD","items_purchased":["Twin Strike","PreservedInsect","Flex","Uppercut","Bag of Preparation","Champion Belt","Whirlwind"],"campfire_rested":1,"item_purchase_floors":[10,10,12,12,12,21,30],"current_hp_per_floor":[80,80,80,80,80,80,54,60,60,60,60,60,42,72,72,39,90,90,87,60,60,60,60,60,66,73,73,73,72,72,72,72,15,107,92,91,91,91,91,91,97,97,97,97,62,94,94,94,94,46],"gold":0,"neow_bonus":"HUNDRED_GOLD","is_prod":false,"is_daily":false,"chose_seed":false,"campfire_upgraded":9,"win_rate":0,"timestamp":1556003792,"path_taken":["M","?","?","M","?","R","E","M","T","$","R","$","?","?","R","BOSS","M","M","?","?","?","R","?","M","T","$","R","M","?","M","R","BOSS","M","M","?","?","$","R","M","?","T","R","M","R","?","?","R","BOSS"],"build_version":"2019-01-23","purchased_purges":3,"victory":true,"max_hp_per_floor":[80,80,80,80,80,80,90,90,90,90,90,90,90,90,90,90,90,90,90,90,90,90,90,90,90,97,97,97,97,97,97,97,102,107,107,107,107,107,107,107,107,107,107,107,107,107,107,107,107,107],"card_choices":[{"not_picked":["Havoc","Perfected Strike"],"picked":"Carnage","floor":1},{"not_picked":["Seeing Red","Clothesline"],"picked":"Headbutt","floor":4},{"not_picked":["Headbutt","Fire Breathing"],"picked":"Battle Trance","floor":5},{"not_picked":["Bludgeon","Cleave"],"picked":"Disarm","floor":7},{"not_picked":["Entrench","Fire Breathing","Flex"],"picked":"SKIP","floor":8},{"not_picked":["Fiend Fire","Reaper"],"picked":"Offering","floor":16},{"not_picked":[],"picked":"Flex","floor":18},{"not_picked":[],"picked":"Clash","floor":19},{"not_picked":["Ghostly Armor"],"picked":"SKIP","floor":25},{"not_picked":["Havoc+1"],"picked":"SKIP","floor":29},{"not_picked":[],"picked":"Havoc+1","floor":29},{"not_picked":["Twin Strike"],"picked":"SKIP","floor":31},{"not_picked":["Twin Strike"],"picked":"SKIP","floor":31},{"not_picked":["Pommel Strike+1"],"picked":"SKIP","floor":35},{"not_picked":["Second Wind+1"],"picked":"SKIP","floor":36},{"not_picked":["Dropkick"],"picked":"SKIP","floor":41},{"not_picked":["Warcry"],"picked":"SKIP","floor":45},{"not_picked":[],"picked":"Disarm+1","floor":47}],"player_experience":1285123,"relics_obtained":[{"floor":7,"key":"Pear"},{"floor":9,"key":"Oddly Smooth Stone"},{"floor":22,"key":"Orichalcum"},{"floor":26,"key":"Strawberry"},{"floor":43,"key":"Anchor"}],"event_choices":[{"damage_healed":0,"gold_gain":63,"player_choice":"Gained Gold","damage_taken":0,"max_hp_gain":0,"max_hp_loss":0,"event_name":"Golden Wing","floor":2,"gold_loss":0},{"damage_healed":0,"gold_gain":275,"player_choice":"Desecrate","damage_taken":0,"max_hp_gain":0,"max_hp_loss":0,"event_name":"Golden Shrine","floor":3,"gold_loss":0,"cards_obtained":["Regret"]},{"damage_healed":0,"gold_gain":0,"player_choice":"Success","damage_taken":18,"relics_obtained":["Ancient Tea Set"],"max_hp_gain":0,"max_hp_loss":0,"event_name":"Scrap Ooze","floor":13,"gold_loss":0},{"damage_healed":30,"gold_gain":0,"player_choice":"Banana","damage_taken":0,"max_hp_gain":0,"max_hp_loss":0,"event_name":"Big Fish","floor":14,"gold_loss":0},{"damage_healed":0,"gold_gain":180,"player_choice":"GOLD GOLD ","damage_taken":27,"max_hp_gain":0,"max_hp_loss":0,"event_name":"Knowing Skull","floor":20,"potions_obtained":[],"gold_loss":0,"cards_obtained":[]},{"damage_healed":0,"gold_gain":0,"player_choice":"Inject Mutagens","damage_taken":0,"relics_obtained":["MutagenicStrength"],"max_hp_gain":0,"max_hp_loss":0,"event_name":"Drug Dealer","floor":24,"gold_loss":0},{"cards_removed":["Carnage"],"damage_healed":0,"gold_gain":0,"player_choice":"Removed Attack","damage_taken":0,"max_hp_gain":0,"max_hp_loss":0,"event_name":"Falling","floor":37,"gold_loss":0},{"damage_healed":0,"gold_gain":0,"player_choice":"Ignored","damage_taken":0,"max_hp_gain":0,"max_hp_loss":0,"event_name":"Mysterious Sphere","floor":38,"gold_loss":0},{"damage_healed":0,"gold_gain":0,"cards_transformed":["Defend_R"],"player_choice":"Transformed","damage_taken":0,"max_hp_gain":0,"max_hp_loss":0,"event_name":"Transmorgrifier","floor":42,"gold_loss":0,"cards_obtained":["Pommel Strike"]},{"damage_healed":0,"gold_gain":0,"player_choice":"Paid","damage_taken":0,"relics_obtained":["Red Mask"],"max_hp_gain":0,"max_hp_loss":0,"event_name":"Tomb of Lord Red Mask","floor":48,"gold_loss":152}],"is_beta":false,"boss_relics":[{"not_picked":["Velvet Choker","Astrolabe"],"picked":"Busted Crown"},{"not_picked":["Snecko Eye","Orrery"],"picked":"Tiny House"}],"items_purged_floors":[10,12,39],"is_endless":false,"potions_floor_spawned":[5,8,18,19,33,35,45],"ascension_level":0}