{"gold_per_floor":[112,128,21,21,21,56,70,88,88,88,100,100,129,23,23,94,94,112,112,23,23,23,23,3,3,3,33,33,33,53,70,70,70],"floor_reached":33,"playtime":908,"items_purged":["Strike_B"],"score":742,"play_id":"7d207350-a2cd-4877-8706-414bb36a6deb","local_time":"20190328223803","is_ascension_mode":true,"campfire_choices":[{"data":"Biased Cognition","floor":10.0,"key":"SMITH"},{"floor":12.0,"key":"REST"},{"floor":15.0,"key":"REST"},{"floor":23.0,"key":"REST"},{"floor":29.0,"key":"REST"},{"floor":32.0,"key":"REST"}],"neow_cost":"NONE","seed_source_timestamp":0,"circlet_count":0,"master_deck":["AscendersBane","Strike_B","Defend_B","Defend_B","Defend_B","Defend_B","Zap+1","Dualcast","Conserve Battery","Darkness","Compile Driver","Consume","Rebound","Biased Cognition+1","Ball Lightning","FTL","Conserve Battery","Biased Cognition","Chill","Auto Shields","Coolheaded","Cold Snap","Hologram","Coolheaded","Capacitor"],"special_seed":0,"relics":["Cracked Core","Question Card","The Courier","Letter Opener","Anchor","Busted Crown","Enchiridion","Centennial Puzzle","Peace Pipe","Gremlin Horn"],"potions_floor_usage":[],"damage_taken":[{"damage":4.0,"enemies":"Small Slimes","floor":1.0,"turns":3.0},{"damage":0.0,"enemies":"Cultist","floor":2.0,"turns":3.0},{"damage":40.0,"enemies":"3 Sentries","floor":6.0,"turns":7.0},{"damage":0.0,"enemies":"2 Louse","floor":7.0,"turns":3.0},{"damage":6.0,"enemies":"Looter","floor":8.0,"turns":3.0},{"damage":0.0,"enemies":"Large Slime","floor":11.0,"turns":2.0},{"damage":20.0,"enemies":"Lagavulin","floor":13.0,"turns":6.0},{"damage":23.0,"enemies":"The Guardian","floor":16.0,"turns":8.0},{"damage":4.0,"enemies":"2 Thieves","floor":18.0,"turns":3.0},{"damage":21.0,"enemies":"Gremlin Leader","floor":27.0,"turns":5.0},{"damage":0.0,"enemies":"3 Byrds","floor":30.0,"turns":5.0},{"damage":0.0,"enemies":"Snake Plant","floor":31.0,"turns":3.0},{"damage":0,"enemies":"Collector","floor":33,"turns":1}],"seed_played":"1713226880827536085","potions_obtained":[{"floor":2.0,"key":"Weak Potion"},{"floor":7.0,"key":"FearPotion"},{"floor":11.0,"key":"SteroidPotion"},{"floor":16.0,"key":"Poison Potion"},{"floor":30.0,"key":"Regen Potion"},{"floor":31.0,"key":"SkillPotion"}],"is_trial":false,"path_per_floor":["M","M","$","?","$","E","M","M","T","R","M","R","E","$","R","B",null,"M","?","$","?","?","R","$","?","T","E","T","R","M","M","R","B"],"character_chosen":"DEFECT","items_purchased":["Compile Driver","Consume","Conserve Battery","Coolheaded","Cold Snap","Hologram"],"campfire_rested":5,"item_purchase_floors":[3,3,14,20,20,24],"current_hp_per_floor":[60,60,60,60,60,20,20,14,14,14,14,35,15,15,36,13,57,53,53,53,53,33,55,55,34,34,13,13,35,35,35,57,57],"gold":70,"neow_bonus":"UPGRADE_CARD","is_prod":false,"is_daily":false,"chose_seed":false,"campfire_upgraded":1,"win_rate":0,"timestamp":1553827083,"path_taken":["M","M","$","?","$","E","?","M","T","R","?","R","E","?","R","BOSS","M","?","$","?","?","R","$","?","T","E","?","R","?","M","R","BOSS"],"build_version":"2019-03-15","purchased_purges":1,"victory":false,"max_hp_per_floor":[71,71,71,71,71,71,71,71,71,71,71,71,71,71,71,71,71,71,71,71,71,76,76,76,76,76,76,76,76,76,76,76,76],"card_choices":[{"not_picked":["Reprogram","Stack"],"picked":"Conserve Battery","floor":1.0},{"not_picked":["Barrage","Scrape"],"picked":"Darkness","floor":2.0},{"not_picked":["Steam","Redo","Leap"],"picked":"Rebound","floor":6.0},{"not_picked":["Leap","Loop","Redo"],"picked":"Biased Cognition","floor":7.0},{"not_picked":["Defragment","Self Repair","Undo"],"picked":"Ball Lightning","floor":8.0},{"not_picked":["Lockon","Storm","Conserve Battery"],"picked":"FTL","floor":11.0},{"not_picked":["Compile Driver","Meteor Strike","Redo","Streamline"],"picked":"SKIP","floor":13.0},{"not_picked":["Amplify","Buffer","Rainbow"],"picked":"Biased Cognition","floor":16.0},{"not_picked":["Consume","Barrage"],"picked":"SKIP","floor":18.0},{"not_picked":["Beam Cell"],"picked":"Coolheaded","floor":27.0},{"not_picked":["Sweeping Beam","Beam Cell"],"picked":"SKIP","floor":30.0},{"not_picked":["Conserve Battery"],"picked":"Capacitor","floor":31.0}],"player_experience":945306,"relics_obtained":[{"floor":6.0,"key":"The Courier"},{"floor":9.0,"key":"Letter Opener"},{"floor":13.0,"key":"Anchor"},{"floor":25.0,"key":"Enchiridion"},{"floor":26.0,"key":"Centennial Puzzle"},{"floor":27.0,"key":"Peace Pipe"},{"floor":28.0,"key":"Gremlin Horn"}],"event_choices":[{"damage_healed":0.0,"max_hp_gain":0.0,"max_hp_loss":0.0,"gold_gain":0.0,"event_name":"WeMeetAgain","player_choice":"Gave Potion","floor":4.0,"gold_loss":0.0,"damage_taken":0.0,"relics_obtained":["Question Card"]},{"damage_healed":0.0,"max_hp_gain":0.0,"max_hp_loss":0.0,"gold_gain":0.0,"cards_transformed":["Strike_B","Strike_B"],"event_name":"Drug Dealer","player_choice":"Became Test Subject","floor":19.0,"gold_loss":0.0,"damage_taken":0.0,"cards_obtained":["Chill","Auto Shields"]},{"damage_healed":0.0,"max_hp_gain":0.0,"max_hp_loss":0.0,"gold_gain":0.0,"event_name":"Beggar","player_choice":"Ignored","floor":21.0,"gold_loss":0.0,"damage_taken":0.0},{"damage_healed":0.0,"max_hp_gain":5.0,"max_hp_loss":0.0,"gold_gain":0.0,"event_name":"Forgotten Altar","player_choice":"Shed Blood","floor":22.0,"gold_loss":0.0,"damage_taken":25.0},{"damage_healed":0.0,"max_hp_gain":0.0,"max_hp_loss":0.0,"gold_gain":0.0,"event_name":"Cursed Tome","player_choice":"Obtained Book","floor":25.0,"gold_loss":0.0,"damage_taken":21.0}],"is_beta":true,"boss_relics":[{"not_picked":["White Beast Statue","Fusion Hammer"],"picked":"Busted Crown"}],"items_purged_floors":[14],"is_endless":false,"potions_floor_spawned":[2,7,11,16,30,31],"killed_by":"Collector","ascension_level":20}