{"gold_per_floor":[111,125,125,142,152,152,186,186,213,213,226,40,71,86,86,182,182,198,22,42,55,66,94,94,193,216,241,268,297,297,15,15,111,111,129,145,145,158,158,158,189,207,260,8,8,25,44,44,44,44],"floor_reached":51,"playtime":3968,"items_purged":["Strike_R","Parasite"],"score":836,"play_id":"5e1e7eae-7af9-4af9-b807-5f04b82f7077","local_time":"20190413145118","is_ascension_mode":true,"campfire_choices":[{"data":"Uppercut","floor":6,"key":"SMITH"},{"floor":8,"key":"REST"},{"data":"True Grit","floor":10,"key":"SMITH"},{"data":"Carnage","floor":15,"key":"SMITH"},{"floor":24,"key":"REST"},{"floor":32,"key":"REST"},{"floor":40,"key":"REST"},{"floor":45,"key":"REST"},{"data":"Bludgeon","floor":49,"key":"SMITH"}],"neow_cost":"NONE","seed_source_timestamp":244894192528426,"circlet_count":0,"master_deck":["Strike_R","Strike_R","Strike_R","Defend_R","Defend_R","Defend_R","Defend_R","Bash","Uppercut+1","Shrug It Off","True Grit+1","Whirlwind","Double Tap","Carnage+1","Inflame","Shockwave","Warcry","Bludgeon+1","Cleave","Flex","Disarm+1","Seeing Red","Armaments","Fiend Fire","Bloodletting","Demon Form","Impervious","Bloodletting+1"],"relics":["Burning Blood","NeowsBlessing","Bag of Preparation","Happy Flower","Orichalcum","Runic Pyramid","PreservedInsect","Bronze Scales","Lantern","Vajra","Ancient Tea Set","Art of War","Anchor","Kunai","Busted Crown","Singing Bowl","Dream Catcher","Pen Nib"],"potions_floor_usage":[13,16,27,29,33,33,41,46,50],"damage_taken":[{"damage":0,"enemies":"Jaw Worm","floor":1,"turns":1},{"damage":0,"enemies":"2 Louse","floor":2,"turns":1},{"damage":0,"enemies":"Cultist","floor":4,"turns":1},{"damage":10,"enemies":"3 Louse","floor":5,"turns":4},{"damage":40,"enemies":"Gremlin Nob","floor":7,"turns":5},{"damage":5,"enemies":"Looter","floor":11,"turns":3},{"damage":23,"enemies":"3 Sentries","floor":13,"turns":7},{"damage":7,"enemies":"Gremlin Gang","floor":14,"turns":2},{"damage":21,"enemies":"Slime Boss","floor":16,"turns":8},{"damage":17,"enemies":"Spheric Guardian","floor":18,"turns":5},{"damage":0,"enemies":"Chosen","floor":20,"turns":3},{"damage":0,"enemies":"Centurion and Healer","floor":21,"turns":6},{"damage":0,"enemies":"Snake Plant","floor":22,"turns":2},{"damage":26,"enemies":"Gremlin Leader","floor":23,"turns":6},{"damage":14,"enemies":"Book of Stabbing","floor":27,"turns":3},{"damage":19,"enemies":"Gremlin Leader","floor":29,"turns":4},{"damage":66,"enemies":"Automaton","floor":33,"turns":8},{"damage":24,"enemies":"3 Shapes","floor":35,"turns":4},{"damage":6,"enemies":"Orb Walker","floor":36,"turns":3},{"damage":36,"enemies":"Writhing Mass","floor":38,"turns":4},{"damage":6,"enemies":"Giant Head","floor":41,"turns":5},{"damage":3,"enemies":"Maw","floor":42,"turns":6},{"damage":3,"enemies":"Jaw Worm Horde","floor":46,"turns":2},{"damage":12,"enemies":"3 Darklings","floor":47,"turns":2},{"damage":58,"enemies":"Time Eater","floor":50,"turns":8}],"seed_played":"-5366423209046241428","potions_obtained":[{"floor":2,"key":"Weak Potion"},{"floor":4,"key":"FearPotion"},{"floor":5,"key":"Swift Potion"},{"floor":14,"key":"Weak Potion"},{"floor":20,"key":"LiquidBronze"},{"floor":27,"key":"BloodPotion"},{"floor":33,"key":"GamblersBrew"},{"floor":41,"key":"Explosive Potion"},{"floor":46,"key":"Swift Potion"}],"is_trial":false,"path_per_floor":["M","M","?","M","M","R","E","R","T","R","M","$","E","M","R","B",null,"M","$","M","M","M","E","R","?","T","E","T","E","?","$","R","B",null,"M","M","?","M","?","R","E","M","T","$","R","M","M","?","R","B",null],"character_chosen":"IRONCLAD","items_purchased":["Carnage","Inflame","PreservedInsect","Flex","Kunai","Bloodletting","Pen Nib"],"campfire_rested":5,"item_purchase_floors":[12,12,19,19,31,31,44],"current_hp_per_floor":[80,80,85,85,81,81,47,72,72,72,73,73,56,55,55,40,85,74,74,80,85,85,65,85,85,85,77,77,64,64,64,85,33,85,67,67,67,37,37,62,64,69,69,69,88,90,84,86,86,34],"gold":44,"neow_bonus":"THREE_ENEMY_KILL","is_prod":false,"is_daily":false,"chose_seed":false,"campfire_upgraded":4,"win_rate":0,"timestamp":1555177878,"path_taken":["M","M","?","M","M","R","E","R","T","R","M","$","E","M","R","BOSS","M","$","M","M","M","E","R","?","T","E","?","E","?","$","R","BOSS","M","M","?","M","?","R","E","?","T","$","R","M","M","?","R","BOSS"],"build_version":"2019-01-23","purchased_purges":2,"victory":true,"max_hp_per_floor":[80,80,85,85,85,85,85,85,85,85,85,85,85,85,85,85,85,85,85,85,85,85,85,85,85,85,85,85,85,85,85,85,85,85,85,85,85,85,85,85,87,89,89,86,88,90,90,92,92,92],"card_choices":[{"not_picked":["Perfected Strike","Cleave"],"picked":"Uppercut","floor":1},{"not_picked":["Perfected Strike","Dropkick"],"picked":"Shrug It Off","floor":2},{"not_picked":["Thunderclap","Evolve","Clash"],"picked":"SKIP","floor":4},{"not_picked":["Uppercut","Flex"],"picked":"True Grit","floor":5},{"not_picked":["Perfected Strike","Flex"],"picked":"Whirlwind","floor":7},{"not_picked":["Shrug It Off","Pommel Strike"],"picked":"Double Tap","floor":11},{"not_picked":["True Grit","Thunderclap"],"picked":"Shockwave","floor":13},{"not_picked":["Twin Strike","Rage"],"picked":"Warcry","floor":14},{"not_picked":["Double Tap","Dark Embrace"],"picked":"Bludgeon","floor":16},{"not_picked":["Second Wind","Warcry"],"picked":"Cleave","floor":18},{"not_picked":["Anger+1","Cleave"],"picked":"Disarm+1","floor":20},{"not_picked":["Sword Boomerang","Dropkick+1"],"picked":"Seeing Red","floor":21},{"not_picked":["True Grit","Pummel","Clothesline"],"picked":"SKIP","floor":22},{"not_picked":["Ghostly Armor","Intimidate"],"picked":"Armaments","floor":23},{"not_picked":["Hemokinesis","Whirlwind"],"picked":"Fiend Fire","floor":27},{"not_picked":["Thunderclap+1","Anger","Second Wind"],"picked":"SKIP","floor":29},{"not_picked":["Exhume","Offering"],"picked":"Demon Form","floor":33},{"not_picked":["Iron Wave+1"],"picked":"SKIP","floor":35},{"not_picked":["Cleave+1"],"picked":"SKIP","floor":36},{"not_picked":["Twin Strike"],"picked":"SKIP","floor":38},{"not_picked":["Whirlwind"],"picked":"Singing Bowl","floor":41},{"not_picked":["Rage+1"],"picked":"Singing Bowl","floor":42},{"not_picked":["Thunderclap"],"picked":"Singing Bowl","floor":45},{"not_picked":["Clash+1"],"picked":"Singing Bowl","floor":46},{"not_picked":[],"picked":"Bloodletting+1","floor":47},{"not_picked":["Dark Shackles"],"picked":"Singing Bowl","floor":48}],"player_experience":254007,"relics_obtained":[{"floor":7,"key":"Bag of Preparation"},{"floor":9,"key":"Happy Flower"},{"floor":13,"key":"Orichalcum"},{"floor":23,"key":"Bronze Scales"},{"floor":26,"key":"Lantern"},{"floor":27,"key":"Vajra"},{"floor":28,"key":"Ancient Tea Set"},{"floor":29,"key":"Art of War"},{"floor":41,"key":"Singing Bowl"},{"floor":43,"key":"Dream Catcher"}],"event_choices":[{"damage_healed":0,"gold_gain":0,"player_choice":"Donut","damage_taken":0,"max_hp_gain":5,"max_hp_loss":0,"event_name":"Big Fish","floor":3,"gold_loss":0},{"damage_healed":0,"gold_gain":99,"player_choice":"Stole From Cult","damage_taken":0,"max_hp_gain":0,"max_hp_loss":0,"event_name":"Nest","floor":25,"gold_loss":0},{"damage_healed":0,"gold_gain":0,"player_choice":"Opened","damage_taken":0,"relics_obtained":["Anchor"],"max_hp_gain":0,"max_hp_loss":0,"event_name":"The Mausoleum","floor":30,"gold_loss":0},{"damage_healed":0,"gold_gain":0,"player_choice":"Ignored","damage_taken":0,"max_hp_gain":0,"max_hp_loss":0,"event_name":"Tomb of Lord Red Mask","floor":37,"gold_loss":0},{"damage_healed":0,"gold_gain":0,"cards_transformed":["Strike_R"],"player_choice":"Transformed","damage_taken":0,"max_hp_gain":0,"max_hp_loss":0,"event_name":"Transmorgrifier","floor":39,"gold_loss":0,"cards_obtained":["Impervious"]},{"damage_healed":0,"gold_gain":0,"player_choice":"Memory 1","damage_taken":0,"max_hp_gain":0,"max_hp_loss":0,"event_name":"SensoryStone","floor":48,"gold_loss":0}],"is_beta":false,"boss_relics":[{"not_picked":["Fusion Hammer","Snecko Eye"],"picked":"Runic Pyramid"},{"not_picked":["Pandora\u0027s Box","Lizard Tail"],"picked":"Busted Crown"}],"items_purged_floors":[12,44],"is_endless":false,"potions_floor_spawned":[2,4,5,11,14,20,27,33,41,46],"ascension_level":4}