{"gold_per_floor":[116,127,143,160,110,110,136,136,136,136,136,152,0,0,0,98,98,112,112,112,123,172,172,200,200,280,294,311,311,327,33,33,131,131,148,160,35,135,154,154,171,171,220,220,267,280,315,331,331,331],"floor_reached":51,"playtime":6590,"items_purged":["Strike_G","Defend_G","Endless Agony"],"score":1374,"play_id":"e0aeb478-caa3-45d1-920a-1fd7ac755413","local_time":"20190424135727","is_ascension_mode":true,"campfire_choices":[{"data":"Flying Knee","floor":6.0,"key":"SMITH"},{"data":"Tactician","floor":8.0,"key":"SMITH"},{"data":"Strike_G","floor":10.0,"key":"PURGE"},{"data":"Noxious Fumes","floor":15.0,"key":"SMITH"},{"data":"Defend_G","floor":23.0,"key":"PURGE"},{"data":"Strike_G","floor":25.0,"key":"PURGE"},{"data":"Acrobatics","floor":29.0,"key":"SMITH"},{"data":"Neutralize","floor":32.0,"key":"SMITH"},{"data":"Defend_G","floor":40.0,"key":"PURGE"},{"data":"Survivor","floor":42,"key":"PURGE"},{"data":"Flying Knee+1","floor":44,"key":"PURGE"},{"data":"Flechettes","floor":49,"key":"SMITH"}],"neow_cost":"NONE","seed_source_timestamp":0,"circlet_count":0,"master_deck":["AscendersBane","Neutralize+1","Blur","Tactician+1","Backflip","Noxious Fumes+1","Acrobatics+1","Flechettes+1","Deflect+1","Tools of the Trade","After Image","Escape Plan+1","Concentrate+1","Envenom"],"special_seed":0,"relics":["Ring of the Snake","Potion Belt","Paper Crane","Peace Pipe","Busted Crown","Snake Skull","Turnip","Question Card","TheAbacus","Sozu","Oddly Smooth Stone","StoneCalendar","Pen Nib"],"potions_floor_usage":[],"damage_taken":[{"damage":2.0,"enemies":"Cultist","floor":1.0,"turns":4.0},{"damage":6.0,"enemies":"Jaw Worm","floor":2.0,"turns":6.0},{"damage":2.0,"enemies":"Small Slimes","floor":3.0,"turns":5.0},{"damage":4.0,"enemies":"Blue Slaver","floor":4.0,"turns":7.0},{"damage":19.0,"enemies":"3 Sentries","floor":7.0,"turns":16.0},{"damage":1.0,"enemies":"Red Slaver","floor":12.0,"turns":5.0},{"damage":0.0,"enemies":"Looter","floor":14.0,"turns":4.0},{"damage":2.0,"enemies":"The Guardian","floor":16.0,"turns":12.0},{"damage":0.0,"enemies":"Chosen","floor":18.0,"turns":7.0},{"damage":0.0,"enemies":"3 Byrds","floor":21.0,"turns":4.0},{"damage":1.0,"enemies":"Book of Stabbing","floor":24.0,"turns":6.0},{"damage":0.0,"enemies":"Centurion and Healer","floor":27.0,"turns":5.0},{"damage":0.0,"enemies":"Snecko","floor":28.0,"turns":5.0},{"damage":0.0,"enemies":"Snake Plant","floor":30.0,"turns":5.0},{"damage":0.0,"enemies":"Collector","floor":33.0,"turns":10.0},{"damage":2.0,"enemies":"Orb Walker","floor":35.0,"turns":6.0},{"damage":0.0,"enemies":"3 Shapes","floor":36.0,"turns":7.0},{"damage":0.0,"enemies":"Transient","floor":39.0,"turns":5.0},{"damage":0.0,"enemies":"Jaw Worm Horde","floor":41.0,"turns":5.0},{"damage":0,"enemies":"2 Orb Walkers","floor":45,"turns":9},{"damage":0,"enemies":"Maw","floor":46,"turns":4},{"damage":0,"enemies":"Nemesis","floor":47,"turns":1},{"damage":0,"enemies":"Sphere and 2 Shapes","floor":48,"turns":2},{"damage":0,"enemies":"Awakened One","floor":50,"turns":3}],"seed_played":"282313345435174747","potions_obtained":[{"floor":1.0,"key":"GamblersBrew"},{"floor":4.0,"key":"Weak Potion"},{"floor":12.0,"key":"Swift Potion"},{"floor":16.0,"key":"GhostInAJar"},{"floor":18.0,"key":"Ancient Potion"},{"floor":27.0,"key":"GhostInAJar"},{"floor":30.0,"key":"Explosive Potion"}],"is_trial":false,"path_per_floor":["M","M","M","M","?","R","E","R","T","R","?","M","$","M","R","B",null,"M","?","?","M","T","R","E","R","T","M","M","R","M","$","R","B",null,"M","M","$","?","M","R","M","R","T","R","?","M","E","M","R","B",null],"character_chosen":"THE_SILENT","items_purchased":["GhostInAJar","TheAbacus"],"campfire_rested":0,"item_purchase_floors":[13,31],"current_hp_per_floor":[61,55,53,49,49,49,30,30,30,30,23,22,22,22,22,20,58,58,58,58,58,58,58,57,57,57,57,57,57,57,57,57,57,67,65,65,65,65,65,65,65,65,65,65,65,65,65,65,65,65],"gold":331,"neow_bonus":"RANDOM_COMMON_RELIC","is_prod":false,"is_daily":false,"chose_seed":false,"campfire_upgraded":6,"win_rate":0,"timestamp":1556081847,"path_taken":["M","M","?","M","?","R","E","R","T","R","?","M","?","M","R","BOSS","BOSS","M","?","?","M","?","R","E","R","T","M","M","R","M","$","R","BOSS","M","M","$","?","?","R","M","R","T","R","?","M","E","M","R","BOSS"],"build_version":"2019-01-23","purchased_purges":3,"victory":true,"max_hp_per_floor":[70,70,70,70,70,70,70,70,70,70,70,70,70,70,70,70,70,70,70,70,70,70,70,70,70,70,70,70,70,70,70,70,70,70,70,70,70,70,70,70,70,70,70,70,70,70,70,70,70,70],"card_choices":[{"not_picked":["Deflect","Flying Knee"],"picked":"Blur","floor":1.0},{"not_picked":["Caltrops","Deflect"],"picked":"Flying Knee","floor":2.0},{"not_picked":["Prepared","Deflect"],"picked":"Tactician","floor":3.0},{"not_picked":["Blade Dance","Finisher","Wraith Form v2"],"picked":"SKIP","floor":4.0},{"not_picked":["Poisoned Stab","Blade Dance"],"picked":"Backflip","floor":7.0},{"not_picked":["Bane","Slice"],"picked":"Noxious Fumes","floor":12.0},{"not_picked":["Blade Dance","PiercingWail"],"picked":"Acrobatics","floor":14.0},{"not_picked":["Slice"],"picked":"SKIP","floor":18.0},{"not_picked":[],"picked":"Deflect+1","floor":21.0},{"not_picked":[],"picked":"Tools of the Trade","floor":24.0},{"not_picked":["PiercingWail","Flying Knee+1"],"picked":"SKIP","floor":27.0},{"not_picked":["Slice","Sucker Punch+1"],"picked":"SKIP","floor":28.0},{"not_picked":["Sucker Punch","Bane"],"picked":"SKIP","floor":30.0},{"not_picked":["Wraith Form v2"],"picked":"After Image","floor":33.0},{"not_picked":["Accuracy","Skewer"],"picked":"SKIP","floor":35.0},{"not_picked":["Quick Slash","Masterful Stab"],"picked":"SKIP","floor":36.0},{"not_picked":["Expertise+1"],"picked":"Escape Plan+1","floor":39.0},{"not_picked":["Well Laid Plans"],"picked":"Concentrate+1","floor":41},{"not_picked":["Backflip+1","Endless Agony"],"picked":"SKIP","floor":46},{"not_picked":["Deflect"],"picked":"Envenom","floor":47},{"not_picked":["Underhanded Strike","Blur+1"],"picked":"SKIP","floor":48}],"player_experience":680631,"relics_obtained":[{"floor":7.0,"key":"Paper Crane"},{"floor":9.0,"key":"Peace Pipe"},{"floor":22.0,"key":"Snake Skull"},{"floor":24.0,"key":"Turnip"},{"floor":26.0,"key":"Question Card"},{"floor":43,"key":"Oddly Smooth Stone"},{"floor":45,"key":"StoneCalendar"},{"floor":47,"key":"Pen Nib"}],"event_choices":[{"cards_removed":["Strike_G"],"damage_healed":0.0,"max_hp_gain":0.0,"max_hp_loss":0.0,"gold_gain":0.0,"event_name":"The Cleric","player_choice":"Card Removal","floor":5.0,"gold_loss":50.0,"damage_taken":0.0},{"cards_removed":["Defend_G"],"damage_healed":0.0,"max_hp_gain":0.0,"max_hp_loss":0.0,"gold_gain":0.0,"event_name":"Golden Wing","player_choice":"Card Removal","floor":11.0,"gold_loss":0.0,"damage_taken":7.0},{"damage_healed":0.0,"max_hp_gain":0.0,"max_hp_loss":0.0,"gold_gain":0.0,"event_name":"Vampires","player_choice":"Ignored","floor":19.0,"gold_loss":0.0,"damage_taken":0.0},{"damage_healed":0.0,"max_hp_gain":0.0,"max_hp_loss":0.0,"gold_gain":0.0,"cards_transformed":["Strike_G","Defend_G"],"event_name":"Drug Dealer","player_choice":"Became Test Subject","floor":20.0,"gold_loss":0.0,"damage_taken":0.0,"cards_obtained":["Flechettes","Endless Agony"]},{"damage_healed":0.0,"max_hp_gain":0.0,"max_hp_loss":0.0,"gold_gain":100.0,"event_name":"Golden Shrine","player_choice":"Pray","floor":38.0,"gold_loss":0.0,"damage_taken":0.0},{"damage_healed":0,"gold_gain":0,"player_choice":"Fight","damage_taken":0,"max_hp_gain":0,"max_hp_loss":0,"event_name":"Mysterious Sphere","floor":45,"gold_loss":0}],"is_beta":false,"boss_relics":[{"not_picked":["Fusion Hammer","Tiny House"],"picked":"Busted Crown"},{"not_picked":["Eternal Feather","Black Star"],"picked":"Sozu"}],"items_purged_floors":[13,31,37],"is_endless":false,"potions_floor_spawned":[1,4,12,16,18,27,30,41,45,46,48],"ascension_level":11}