{"gold_per_floor":[109,123,141,159,173,173,196,196],"floor_reached":8,"playtime":719,"items_purged":[],"score":60,"play_id":"4f910372-2d37-4934-b8cb-451f5b789ef1","local_time":"20190316165013","is_ascension_mode":true,"campfire_choices":[{"floor":6,"key":"REST"}],"neow_cost":"TEN_PERCENT_HP_LOSS","seed_source_timestamp":336370675859054,"circlet_count":0,"master_deck":["Strike_R","Strike_R","Strike_R","Defend_R","Defend_R","Defend_R","Defend_R","Bash","Metallicize","Whirlwind","Inflame","Sword Boomerang","Heavy Blade"],"relics":["Burning Blood","Odd Mushroom"],"potions_floor_usage":[7,8,8,8],"damage_taken":[{"damage":12,"enemies":"Small Slimes","floor":1,"turns":5},{"damage":0,"enemies":"2 Louse","floor":2,"turns":4},{"damage":12,"enemies":"Jaw Worm","floor":3,"turns":3},{"damage":26,"enemies":"Gremlin Gang","floor":4,"turns":4},{"damage":26,"enemies":"Exordium Thugs","floor":5,"turns":4},{"damage":28,"enemies":"The Mushroom Lair","floor":7,"turns":4},{"damage":42,"enemies":"Lagavulin","floor":8,"turns":7}],"seed_played":"-335450537076471156","potions_obtained":[{"floor":1,"key":"Regen Potion"},{"floor":4,"key":"SneckoOil"},{"floor":5,"key":"Fire Potion"},{"floor":7,"key":"Swift Potion"}],"is_trial":false,"path_per_floor":["M","M","M","M","M","R","?","E"],"character_chosen":"IRONCLAD","items_purchased":[],"campfire_rested":1,"item_purchase_floors":[],"current_hp_per_floor":[66,72,66,46,26,47,25,0],"gold":196,"neow_bonus":"REMOVE_TWO","is_prod":false,"is_daily":false,"chose_seed":false,"campfire_upgraded":0,"win_rate":0,"timestamp":1552765813,"path_taken":["M","M","M","M","M","R","?","E"],"build_version":"2019-01-23","purchased_purges":0,"victory":false,"max_hp_per_floor":[72,72,72,72,72,72,72,72],"card_choices":[{"not_picked":["Clash","Entrench"],"picked":"Metallicize","floor":1},{"not_picked":["Rampage","True Grit"],"picked":"Whirlwind","floor":2},{"not_picked":["Pummel","Cleave"],"picked":"Inflame","floor":3},{"not_picked":["Cleave","Bloodletting"],"picked":"Sword Boomerang","floor":4},{"not_picked":["Anger","Clash"],"picked":"Heavy Blade","floor":5}],"player_experience":202250,"relics_obtained":[{"floor":7,"key":"Odd Mushroom"}],"event_choices":[{"damage_healed":0,"gold_gain":0,"player_choice":"Fought Mushrooms","damage_taken":0,"max_hp_gain":0,"max_hp_loss":0,"event_name":"Mushrooms","floor":7,"gold_loss":0}],"is_beta":false,"boss_relics":[],"items_purged_floors":[],"is_endless":false,"potions_floor_spawned":[1,4,5,7],"killed_by":"Lagavulin","ascension_level":4}