{"gold_per_floor":[112,66,84,102,116,172,172,172,195,195,209,227,252,266,266,371,371,341,353,18,18,18,18],"floor_reached":23,"playtime":1985,"items_purged":[],"score":254,"play_id":"7ce12070-6dfb-4d2f-b572-655bf6a6ce55","local_time":"20190420224745","is_ascension_mode":true,"campfire_choices":[{"data":"Uppercut","floor":8,"key":"SMITH"},{"data":"Bash","floor":10,"key":"SMITH"},{"data":"True Grit","floor":15,"key":"SMITH"}],"neow_cost":"NONE","seed_source_timestamp":358868084843174,"circlet_count":0,"master_deck":["Strike_R","Strike_R","Strike_R","Strike_R","Strike_R","Defend_R","Defend_R","Defend_R","Defend_R","Bash+1","Headbutt","Shrug It Off","Uppercut+1","Inflame","Pommel Strike","Uppercut","Shrug It Off","Demon Form","True Grit+1","Limit Break","Clothesline+1","Cleave","Shrug It Off","Decay"],"relics":["Burning Blood","NeowsBlessing","Tiny Chest","Centennial Puzzle","Juzu Bracelet","Eternal Feather","Ice Cream"],"potions_floor_usage":[5,13,23,23],"damage_taken":[{"damage":0,"enemies":"2 Louse","floor":1,"turns":1},{"damage":0,"enemies":"Cultist","floor":3,"turns":1},{"damage":0,"enemies":"Small Slimes","floor":4,"turns":1},{"damage":13,"enemies":"Blue Slaver","floor":5,"turns":2},{"damage":31,"enemies":"3 Sentries","floor":6,"turns":10},{"damage":2,"enemies":"2 Fungi Beasts","floor":11,"turns":3},{"damage":1,"enemies":"Red Slaver","floor":12,"turns":4},{"damage":6,"enemies":"Gremlin Nob","floor":13,"turns":3},{"damage":5,"enemies":"3 Louse","floor":14,"turns":5},{"damage":47,"enemies":"Slime Boss","floor":16,"turns":11},{"damage":26,"enemies":"2 Thieves","floor":18,"turns":5},{"damage":11,"enemies":"Chosen","floor":19,"turns":8},{"damage":66,"enemies":"Book of Stabbing","floor":23,"turns":6}],"seed_played":"-2745726918953517015","potions_obtained":[{"floor":1,"key":"SpeedPotion"},{"floor":4,"key":"Regen Potion"},{"floor":11,"key":"Explosive Potion"},{"floor":12,"key":"Swift Potion"},{"floor":13,"key":"LiquidBronze"}],"is_trial":false,"path_per_floor":["M","$","M","M","M","E","?","R","T","R","M","M","E","M","R","B",null,"M","M","$","?","?","E"],"character_chosen":"IRONCLAD","items_purchased":["Shrug It Off","Ice Cream","Shrug It Off"],"campfire_rested":0,"item_purchase_floors":[2,20,20],"current_hp_per_floor":[80,80,80,80,73,48,68,68,68,68,72,77,77,78,78,37,69,49,44,44,44,44,0],"gold":18,"neow_bonus":"THREE_ENEMY_KILL","is_prod":false,"is_daily":false,"chose_seed":false,"campfire_upgraded":3,"win_rate":0,"timestamp":1555811265,"path_taken":["M","$","M","M","M","E","?","R","T","R","M","M","E","M","R","BOSS","M","M","$","?","?","E"],"build_version":"2019-01-23","purchased_purges":0,"victory":false,"max_hp_per_floor":[80,80,80,80,80,80,80,80,80,80,80,80,80,80,80,80,80,80,80,80,77,77,77],"card_choices":[{"not_picked":["Entrench","Warcry"],"picked":"Headbutt","floor":1},{"not_picked":["Heavy Blade","Dropkick"],"picked":"Uppercut","floor":3},{"not_picked":["Sword Boomerang","Headbutt"],"picked":"Inflame","floor":4},{"not_picked":["Wild Strike","Combust","Havoc"],"picked":"SKIP","floor":5},{"not_picked":["Flex","Second Wind"],"picked":"Pommel Strike","floor":6},{"not_picked":["Infernal Blade","Thunderclap"],"picked":"Uppercut","floor":11},{"not_picked":["Sword Boomerang","Fire Breathing"],"picked":"Shrug It Off","floor":12},{"not_picked":["Pummel","Wild Strike"],"picked":"Demon Form","floor":13},{"not_picked":["Ghostly Armor","Shrug It Off"],"picked":"True Grit","floor":14},{"not_picked":["Impervious","Bludgeon"],"picked":"Limit Break","floor":16},{"not_picked":["Reckless Charge","Body Slam"],"picked":"Clothesline+1","floor":18},{"not_picked":["Iron Wave","Havoc+1"],"picked":"Cleave","floor":19}],"player_experience":316332,"relics_obtained":[{"floor":6,"key":"Tiny Chest"},{"floor":9,"key":"Centennial Puzzle"},{"floor":13,"key":"Juzu Bracelet"}],"event_choices":[{"damage_healed":20,"gold_gain":0,"player_choice":"Healed and dodged fight","damage_taken":0,"max_hp_gain":0,"max_hp_loss":0,"event_name":"Mushrooms","floor":7,"gold_loss":0,"cards_obtained":["Parasite"]},{"cards_removed":["Parasite"],"damage_healed":0,"gold_gain":0,"player_choice":"Removed Curses","damage_taken":0,"max_hp_gain":0,"max_hp_loss":0,"event_name":"Fountain of Cleansing","floor":21,"gold_loss":0},{"damage_healed":0,"gold_gain":0,"player_choice":"Smashed Altar","damage_taken":0,"max_hp_gain":0,"max_hp_loss":0,"event_name":"Forgotten Altar","floor":22,"gold_loss":0,"cards_obtained":["Decay"]}],"is_beta":false,"boss_relics":[{"not_picked":["Empty Cage","Orrery"],"picked":"Eternal Feather"}],"items_purged_floors":[],"is_endless":false,"potions_floor_spawned":[1,4,11,12,13,19],"killed_by":"Book of Stabbing","ascension_level":5}