{"gold_per_floor":[213,232,232,232,31,31,48,48,48,60,72,107,165,178,178,280,280,297,222,251,251,268,268,297,297,344,163,163,189,64,64,64,167,167,184,184,184,195,195,195,45,45,45,64,64,64,80,80,80,80],"floor_reached":50,"playtime":671,"items_purged":["Defend_R","Defend_R","Defend_R","Defend_R"],"score":524,"play_id":"68065039-8297-4269-b581-ea55b4ff9681","local_time":"20190423033914","is_ascension_mode":false,"campfire_choices":[{"data":"Flex","floor":6.0,"key":"SMITH"},{"data":"Heavy Blade","floor":8.0,"key":"SMITH"},{"data":"Whirlwind","floor":15.0,"key":"SMITH"},{"data":"Flex","floor":23,"key":"SMITH"},{"data":"Heavy Blade","floor":25,"key":"SMITH"},{"data":"Heavy Blade","floor":28,"key":"SMITH"},{"data":"Offering","floor":32,"key":"SMITH"},{"data":"Clash","floor":40,"key":"SMITH"},{"data":"Twin Strike","floor":42,"key":"SMITH"},{"data":"Clash","floor":49,"key":"SMITH"}],"neow_cost":"NONE","seed_source_timestamp":22337116622746,"circlet_count":0,"master_deck":["Strike_R+1","Strike_R","Strike_R","Strike_R","Bash+1","Uppercut+1","Heavy Blade+1","Flex+1","Flex+1","Clash+1","Heavy Blade+1","Twin Strike+1","Whirlwind+1","Heavy Blade+1","Clash+1","Battle Trance","Offering+1","Dark Shackles"],"special_seed":0,"relics":["Burning Blood","Bag of Marbles","Letter Opener","Juzu Bracelet","Frozen Egg 2","Coffee Dripper","Red Mask","Whetstone","Happy Flower","Boot","Busted Crown","Ornamental Fan","Dodecahedron","Vajra"],"potions_floor_usage":[20,33,50,50,50],"damage_taken":[{"damage":2.0,"enemies":"2 Louse","floor":1.0,"turns":3.0},{"damage":10.0,"enemies":"Small Slimes","floor":2.0,"turns":3.0},{"damage":0.0,"enemies":"Cultist","floor":7.0,"turns":2.0},{"damage":0.0,"enemies":"2 Fungi Beasts","floor":10.0,"turns":2.0},{"damage":0.0,"enemies":"Red Slaver","floor":11.0,"turns":1.0},{"damage":22.0,"enemies":"Gremlin Nob","floor":12.0,"turns":4.0},{"damage":0.0,"enemies":"Gremlin Nob","floor":13.0,"turns":2.0},{"damage":5.0,"enemies":"Exordium Thugs","floor":14.0,"turns":3.0},{"damage":0,"enemies":"Slime Boss","floor":16,"turns":5},{"damage":0,"enemies":"3 Byrds","floor":18,"turns":3},{"damage":9,"enemies":"Masked Bandits","floor":20,"turns":3},{"damage":6,"enemies":"Chosen","floor":22,"turns":2},{"damage":5,"enemies":"Slavers","floor":24,"turns":2},{"damage":18,"enemies":"Book of Stabbing","floor":29,"turns":3},{"damage":20,"enemies":"Automaton","floor":33,"turns":3},{"damage":11,"enemies":"Orb Walker","floor":35,"turns":2},{"damage":9,"enemies":"3 Shapes","floor":38,"turns":1},{"damage":0,"enemies":"3 Darklings","floor":44,"turns":1},{"damage":14,"enemies":"Maw","floor":47,"turns":3},{"damage":82,"enemies":"Awakened One","floor":50,"turns":5}],"seed_played":"7202031719660465512","potions_obtained":[{"floor":1.0,"key":"SmokeBomb"},{"floor":11.0,"key":"Swift Potion"},{"floor":12.0,"key":"Energy Potion"},{"floor":13.0,"key":"Ancient Potion"},{"floor":16,"key":"Weak Potion"},{"floor":24,"key":"Dexterity Potion"},{"floor":33,"key":"Regen Potion"},{"floor":38,"key":"SpeedPotion"}],"is_trial":false,"path_per_floor":["M","M","$","?","$","R","M","R","T","M","M","E","?","M","R","B",null,"M","$","?","?","M","R","E","R","T","$","R","E","$","?","R","B",null,"M","?","?","M","T","R","$","R","T","M","?","$","M","?","R","B"],"character_chosen":"IRONCLAD","items_purchased":["Flex","Bag of Marbles","Battle Trance"],"campfire_rested":0,"item_purchase_floors":[5,5,27],"current_hp_per_floor":[80,76,76,76,76,76,80,80,80,80,80,64,70,71,71,77,80,80,80,77,77,77,77,78,78,78,78,78,66,66,66,66,52,80,75,75,75,72,72,72,72,72,72,78,68,68,60,60,60,0],"gold":80,"neow_bonus":"HUNDRED_GOLD","is_prod":false,"is_daily":false,"chose_seed":false,"campfire_upgraded":10,"win_rate":0,"timestamp":1556012354,"path_taken":["M","M","$","?","$","R","M","R","T","M","M","E","?","M","R","BOSS","M","$","?","?","M","R","E","R","T","$","R","E","$","?","R","BOSS","M","?","?","M","?","R","$","R","T","M","?","$","M","?","R","BOSS"],"build_version":"2019-01-23","purchased_purges":4,"victory":false,"max_hp_per_floor":[80,80,80,80,80,80,80,80,80,80,80,80,80,80,80,80,80,80,80,80,80,80,80,80,80,80,80,80,80,80,80,80,80,80,80,80,80,80,80,80,80,80,80,80,80,80,80,80,80,80],"card_choices":[{"not_picked":["Dropkick","Havoc"],"picked":"Uppercut","floor":1.0},{"not_picked":["True Grit","Entrench"],"picked":"Heavy Blade","floor":2.0},{"not_picked":["Reckless Charge","Hemokinesis"],"picked":"Flex","floor":7.0},{"not_picked":["Wild Strike","Sentinel"],"picked":"Clash","floor":10.0},{"not_picked":["Clothesline","Wild Strike","Intimidate"],"picked":"SKIP","floor":11.0},{"not_picked":["Ghostly Armor","Sentinel"],"picked":"Heavy Blade","floor":12.0},{"not_picked":["Sword Boomerang","True Grit"],"picked":"Twin Strike","floor":13.0},{"not_picked":["Flex","Perfected Strike"],"picked":"Whirlwind","floor":14.0},{"not_picked":["Flex","Seeing Red"],"picked":"Heavy Blade","floor":18},{"not_picked":["Warcry","Sword Boomerang+1","Havoc"],"picked":"SKIP","floor":22},{"not_picked":["Disarm+1","Bludgeon"],"picked":"Clash","floor":24},{"not_picked":["Pummel","Cleave"],"picked":"Offering","floor":29},{"not_picked":["Fire Breathing+1"],"picked":"SKIP","floor":35},{"not_picked":["Feel No Pain+1"],"picked":"SKIP","floor":38},{"not_picked":["Sword Boomerang"],"picked":"SKIP","floor":44},{"not_picked":[],"picked":"Dark Shackles","floor":45},{"not_picked":["Shrug It Off"],"picked":"SKIP","floor":47}],"player_experience":1292991,"relics_obtained":[{"floor":9.0,"key":"Letter Opener"},{"floor":12.0,"key":"Juzu Bracelet"},{"floor":13.0,"key":"Frozen Egg 2"},{"floor":20,"key":"Red Mask"},{"floor":24,"key":"Whetstone"},{"floor":26,"key":"Happy Flower"},{"floor":29,"key":"Boot"},{"floor":39,"key":"Dodecahedron"},{"floor":43,"key":"Vajra"}],"event_choices":[{"damage_healed":0.0,"max_hp_gain":0.0,"max_hp_loss":0.0,"gold_gain":0.0,"event_name":"Living Wall","player_choice":"Grow","floor":4.0,"gold_loss":0.0,"damage_taken":0.0,"cards_upgraded":["Uppercut"]},{"damage_healed":0.0,"max_hp_gain":0.0,"max_hp_loss":0.0,"gold_gain":30.0,"event_name":"Dead Adventurer","player_choice":"Searched \u00273\u0027 times","floor":13.0,"gold_loss":0.0,"damage_taken":0.0},{"damage_healed":0,"gold_gain":0,"player_choice":"Fought Bandits","damage_taken":0,"max_hp_gain":0,"max_hp_loss":0,"event_name":"Masked Bandits","floor":20,"gold_loss":0},{"damage_healed":0,"gold_gain":0,"player_choice":"0 cards matched","damage_taken":0,"max_hp_gain":0,"max_hp_loss":0,"event_name":"Match and Keep!","floor":21,"gold_loss":0,"cards_obtained":[]},{"damage_healed":0,"gold_gain":0,"player_choice":"Bought 0 Potions","damage_taken":0,"max_hp_gain":0,"max_hp_loss":0,"event_name":"The Woman in Blue","floor":36,"gold_loss":0},{"damage_healed":0,"gold_gain":0,"player_choice":"Gave Potion","damage_taken":0,"relics_obtained":["Ornamental Fan"],"max_hp_gain":0,"max_hp_loss":0,"event_name":"WeMeetAgain","floor":37,"gold_loss":0},{"damage_healed":0,"gold_gain":0,"player_choice":"Memory 3","damage_taken":10,"max_hp_gain":0,"max_hp_loss":0,"event_name":"SensoryStone","floor":45,"gold_loss":0},{"cards_removed":["Strike_R"],"damage_healed":0,"gold_gain":0,"player_choice":"Card Removal","damage_taken":0,"max_hp_gain":0,"max_hp_loss":0,"event_name":"Wheel of Change","floor":48,"gold_loss":0}],"is_beta":false,"boss_relics":[{"not_picked":["Astrolabe","Runic Cube"],"picked":"Coffee Dripper"},{"not_picked":["Empty Cage","Sozu"],"picked":"Busted Crown"}],"items_purged_floors":[19,27,30,41],"is_endless":false,"potions_floor_spawned":[1,11,12,13,16,18,24,33,38,44],"killed_by":"Awakened One","ascension_level":0}