{"gold_per_floor":[118,118,128,8,23,57,71,71,71,21,33,60,60,71,71,171,171,189,189,200,200,213,213,231,231,231,156,189,204,204,28,28,28],"floor_reached":33,"playtime":17425,"items_purged":["Strike_B","Strike_B"],"score":362,"play_id":"c44ae293-35f0-4243-b241-b809759bda8d","local_time":"20190320214430","is_ascension_mode":true,"campfire_choices":[{"data":"Darkness","floor":8,"key":"SMITH"},{"floor":13,"key":"REST"},{"data":"Darkness","floor":15,"key":"SMITH"},{"floor":23,"key":"REST"},{"floor":25,"key":"REST"},{"floor":32,"key":"REST"}],"neow_cost":"NONE","seed_source_timestamp":233253100524,"circlet_count":0,"master_deck":["Defend_B+1","Defend_B+1","Defend_B","Zap","Dualcast","Darkness+1","Cold Snap","Capacitor","Leap","Rebound","Glacier","Undo","Ball Lightning","Consume","Leap","Darkness+1","Rainbow","Ball Lightning","Ball Lightning","Conserve Battery","Doom and Gloom","Loop+1","White Noise","Barrage","Gash","Leap+1","Hologram","Discovery","Cold Snap+1","Capacitor+1","Glacier","Loop+1"],"relics":["Runic Dome","War Paint","Frozen Egg 2","Matryoshka","Orrery","Singing Bowl","Emotion Chip","Incense Burner","Strawberry"],"potions_floor_usage":[6,12,16,20,24],"damage_taken":[{"damage":4,"enemies":"Small Slimes","floor":1,"turns":3},{"damage":0,"enemies":"Cultist","floor":3,"turns":3},{"damage":0,"enemies":"2 Louse","floor":5,"turns":2},{"damage":8,"enemies":"3 Sentries","floor":6,"turns":6},{"damage":2,"enemies":"Looter","floor":7,"turns":4},{"damage":19,"enemies":"Exordium Thugs","floor":11,"turns":5},{"damage":24,"enemies":"Gremlin Nob","floor":12,"turns":4},{"damage":0,"enemies":"2 Fungi Beasts","floor":14,"turns":3},{"damage":8,"enemies":"Slime Boss","floor":16,"turns":6},{"damage":18,"enemies":"3 Byrds","floor":18,"turns":3},{"damage":0,"enemies":"Chosen","floor":20,"turns":4},{"damage":34,"enemies":"3 Cultists","floor":22,"turns":5},{"damage":20,"enemies":"Shelled Parasite and Fungi","floor":24,"turns":4},{"damage":42,"enemies":"Slavers","floor":28,"turns":7},{"damage":0,"enemies":"Cultist and Chosen","floor":29,"turns":5},{"damage":48,"enemies":"Collector","floor":33,"turns":5}],"seed_played":"-4612380796908756533","potions_obtained":[{"floor":5,"key":"Fire Potion"},{"floor":11,"key":"FocusPotion"},{"floor":12,"key":"EssenceOfSteel"},{"floor":18,"key":"Weak Potion"},{"floor":22,"key":"Explosive Potion"}],"is_trial":false,"path_per_floor":["M","?","M","$","M","E","M","R","T","$","M","E","R","M","R","B",null,"M","?","M","?","M","R","M","R","T","$","E","M","?","$","R","B"],"character_chosen":"DEFECT","items_purchased":["Capacitor","Leap","Ball Lightning","Loop+1"],"campfire_rested":4,"item_purchase_floors":[4,4,10,31],"current_hp_per_floor":[71,71,71,71,71,63,61,61,61,61,42,18,40,40,40,32,75,57,57,57,57,23,45,25,47,47,47,5,5,12,12,36,0],"gold":28,"neow_bonus":"BOSS_RELIC","is_prod":false,"is_daily":false,"chose_seed":false,"campfire_upgraded":2,"win_rate":0,"timestamp":1553129070,"path_taken":["M","?","M","$","M","E","M","R","T","$","?","E","R","M","R","BOSS","M","?","M","?","M","R","?","R","T","$","E","M","?","$","R","BOSS"],"build_version":"2019-01-23","purchased_purges":2,"victory":false,"max_hp_per_floor":[75,75,75,75,75,75,75,75,75,75,75,75,75,75,75,75,75,75,75,75,75,75,75,75,75,75,75,75,75,82,82,82,82],"card_choices":[{"not_picked":["Leap","Gash"],"picked":"Darkness","floor":1},{"not_picked":["Blizzard","Go for the Eyes"],"picked":"Cold Snap","floor":3},{"not_picked":["Force Field","Reinforced Body"],"picked":"Rebound","floor":5},{"not_picked":["Hologram","Core Surge"],"picked":"Glacier","floor":6},{"not_picked":["Sweeping Beam","Coolheaded"],"picked":"Undo","floor":7},{"not_picked":["Aggregate","Tempest"],"picked":"Consume","floor":11},{"not_picked":["Scrape","Hello World+1"],"picked":"Leap","floor":12},{"not_picked":["Storm+1","FTL"],"picked":"Darkness","floor":14},{"not_picked":["Amplify","Hyperbeam"],"picked":"Rainbow","floor":16},{"not_picked":["Turbo","Stack"],"picked":"Ball Lightning","floor":17},{"not_picked":["Compile Driver","Redo"],"picked":"Ball Lightning","floor":17},{"not_picked":["Gash","Go for the Eyes"],"picked":"Conserve Battery","floor":17},{"not_picked":["Sweeping Beam","Leap"],"picked":"Doom and Gloom","floor":17},{"not_picked":["Barrage","Auto Shields"],"picked":"Loop+1","floor":17},{"not_picked":["Rebound","Reprogram+1"],"picked":"White Noise","floor":18},{"not_picked":["Compile Driver","Darkness"],"picked":"Leap+1","floor":20},{"not_picked":["Lockon","Gash","Consume"],"picked":"SKIP","floor":22},{"not_picked":["Sweeping Beam+1","Amplify"],"picked":"Cold Snap+1","floor":24},{"not_picked":["Coolheaded","Recycle"],"picked":"Capacitor+1","floor":28},{"not_picked":["Compile Driver","Turbo"],"picked":"Glacier","floor":29}],"player_experience":231367,"relics_obtained":[{"floor":6,"key":"War Paint"},{"floor":9,"key":"Frozen Egg 2"},{"floor":12,"key":"Matryoshka"},{"floor":26,"key":"Singing Bowl"},{"floor":26,"key":"Emotion Chip"},{"floor":28,"key":"Incense Burner"}],"event_choices":[{"cards_removed":["Strike_B"],"damage_healed":0,"gold_gain":0,"player_choice":"Purged","damage_taken":0,"max_hp_gain":0,"max_hp_loss":0,"event_name":"Purifier","floor":2,"gold_loss":0},{"damage_healed":0,"gold_gain":0,"cards_transformed":["Strike_B","Defend_B"],"player_choice":"Became Test Subject","damage_taken":0,"max_hp_gain":0,"max_hp_loss":0,"event_name":"Drug Dealer","floor":19,"gold_loss":0,"cards_obtained":["Barrage","Gash"]},{"damage_healed":0,"gold_gain":0,"player_choice":"2 cards matched","damage_taken":0,"max_hp_gain":0,"max_hp_loss":0,"event_name":"Match and Keep!","floor":21,"gold_loss":0,"cards_obtained":["Hologram","Discovery"]},{"damage_healed":0,"gold_gain":0,"player_choice":"Opened","damage_taken":0,"relics_obtained":["Strawberry"],"max_hp_gain":0,"max_hp_loss":0,"event_name":"The Mausoleum","floor":30,"gold_loss":0}],"is_beta":false,"boss_relics":[{"not_picked":["Eternal Feather","Fusion Hammer"],"picked":"Orrery"}],"items_purged_floors":[27,31],"is_endless":false,"potions_floor_spawned":[5,11,12,18,22],"killed_by":"Collector","ascension_level":4}