{"gold_per_floor":[109,109,127,127,29,29,58,58,109,137,137,165,175,175,175,273,273,289,289,289,52,52,52,62,62,88,107,119,154,154,229,229,333,333,346,346,243,261,280,280,299,317,317,349,380,29,98,118,118,118],"floor_reached":51,"playtime":5752,"items_purged":["Strike_R","Strike_R","Strike_R","Strike_R"],"score":927,"play_id":"53022d5f-c9fb-420f-ab13-2da247ec7f11","local_time":"20190423231537","is_ascension_mode":true,"campfire_choices":[{"data":"Bash","floor":6.0,"key":"SMITH"},{"data":"Twin Strike","floor":8.0,"key":"SMITH"},{"data":"Heavy Blade","floor":11.0,"key":"SMITH"},{"floor":15.0,"key":"REST"},{"data":"Metallicize","floor":23.0,"key":"SMITH"},{"floor":25.0,"key":"REST"},{"floor":32.0,"key":"REST"},{"data":"Armaments","floor":40.0,"key":"SMITH"},{"data":"Offering","floor":49,"key":"SMITH"}],"neow_cost":"NONE","seed_source_timestamp":615340454018692,"circlet_count":0,"master_deck":["Defend_R","Defend_R","Defend_R","Defend_R","Bash+1","Heavy Blade+1","Spot Weakness","Twin Strike+1","Feel No Pain","Metallicize+1","Dual Wield","Metallicize+1","Reaper","Inflame+1","Twin Strike","Exhume","Pommel Strike","Armaments+1","Pummel+1","Clothesline+1","Offering+1","Armaments","Headbutt+1"],"special_seed":0,"relics":["Burning Blood","NeowsBlessing","Nunchaku","Smiling Mask","Ancient Tea Set","Pen Nib","Meat on the Bone","Busted Crown","Pear","Enchiridion","PreservedInsect","Regal Pillow","Bag of Preparation","Happy Flower","Lizard Tail","Thread and Needle","MawBank","Molten Egg 2"],"potions_floor_usage":[50,50,50],"damage_taken":[{"damage":0.0,"enemies":"Cultist","floor":1.0,"turns":1.0},{"damage":0.0,"enemies":"Small Slimes","floor":3.0,"turns":1.0},{"damage":0.0,"enemies":"Lagavulin","floor":7.0,"turns":2.0},{"damage":17.0,"enemies":"3 Sentries","floor":10.0,"turns":9.0},{"damage":5.0,"enemies":"Gremlin Nob","floor":12.0,"turns":3.0},{"damage":6.0,"enemies":"2 Louse","floor":13.0,"turns":3.0},{"damage":34.0,"enemies":"The Guardian","floor":16.0,"turns":9.0},{"damage":13.0,"enemies":"Spheric Guardian","floor":18.0,"turns":5.0},{"damage":7.0,"enemies":"Chosen","floor":24.0,"turns":5.0},{"damage":10.0,"enemies":"Snecko","floor":27.0,"turns":4.0},{"damage":6.0,"enemies":"3 Cultists","floor":28.0,"turns":6.0},{"damage":43.0,"enemies":"Slavers","floor":29.0,"turns":24.0},{"damage":97.0,"enemies":"Automaton","floor":33.0,"turns":10.0},{"damage":14.0,"enemies":"3 Darklings","floor":35.0,"turns":6.0},{"damage":19.0,"enemies":"3 Shapes","floor":38.0,"turns":7.0},{"damage":36.0,"enemies":"Jaw Worm Horde","floor":39.0,"turns":4.0},{"damage":22.0,"enemies":"Maw","floor":41.0,"turns":6.0},{"damage":47.0,"enemies":"Writhing Mass","floor":42.0,"turns":5.0},{"damage":116.0,"enemies":"Nemesis","floor":44.0,"turns":10.0},{"damage":16.0,"enemies":"Spire Growth","floor":45.0,"turns":6.0},{"damage":6,"enemies":"Maw","floor":48,"turns":6},{"damage":59,"enemies":"Time Eater","floor":50,"turns":8}],"seed_played":"6442119187806188960","potions_obtained":[{"floor":12.0,"key":"Swift Potion"},{"floor":13.0,"key":"BloodPotion"},{"floor":18.0,"key":"AttackPotion"},{"floor":28.0,"key":"FairyPotion"},{"floor":29.0,"key":"Explosive Potion"},{"floor":33.0,"key":"Swift Potion"},{"floor":35.0,"key":"FairyPotion"},{"floor":39.0,"key":"Weak Potion"},{"floor":41.0,"key":"SpeedPotion"},{"floor":44.0,"key":"FearPotion"},{"floor":48,"key":"Swift Potion"}],"is_trial":false,"path_per_floor":["M","?","M","?","$","R","E","R","T","E","R","E","M","?","R","B",null,"M","?","?","$","?","R","M","R","T","M","M","E","T","?","R","B",null,"M","?","$","M","M","R","M","M","T","E","M","$","T","M","R","B",null],"character_chosen":"IRONCLAD","items_purchased":["Twin Strike","PreservedInsect","Inflame","Pommel Strike","Offering","Energy Potion","SkillPotion","Armaments"],"campfire_rested":3,"item_purchase_floors":[5,21,21,37,46,46,46,46],"current_hp_per_floor":[78,78,80,68,68,68,74,74,74,63,63,64,64,57,80,60,75,68,78,62,62,62,62,65,90,90,90,90,59,59,50,90,29,75,73,73,73,84,70,70,85,56,56,21,49,49,49,90,90,63],"gold":118,"neow_bonus":"THREE_ENEMY_KILL","is_prod":false,"is_daily":false,"chose_seed":false,"campfire_upgraded":6,"win_rate":0,"timestamp":1556072137,"path_taken":["M","?","M","?","$","R","E","R","T","E","R","E","M","?","R","BOSS","M","?","?","$","?","R","M","R","T","?","M","E","?","?","R","BOSS","M","?","$","M","M","R","M","M","T","E","M","$","?","M","R","BOSS"],"build_version":"2019-01-23","purchased_purges":4,"victory":true,"max_hp_per_floor":[80,80,80,80,80,80,80,80,80,80,80,80,80,80,80,80,80,80,90,90,90,90,90,90,90,90,90,90,90,90,90,90,90,90,90,90,90,90,90,90,90,90,90,90,90,90,90,90,90,90],"card_choices":[{"not_picked":["Perfected Strike","Dual Wield"],"picked":"Heavy Blade","floor":1.0},{"not_picked":["Heavy Blade","Battle Trance"],"picked":"Spot Weakness","floor":3.0},{"not_picked":["True Grit","Warcry"],"picked":"Feel No Pain","floor":7.0},{"not_picked":["Rupture","Infernal Blade"],"picked":"Metallicize","floor":10.0},{"not_picked":["Infernal Blade","Anger"],"picked":"Dual Wield","floor":12.0},{"not_picked":["Thunderclap","Twin Strike"],"picked":"Metallicize","floor":13.0},{"not_picked":["Offering","Brutality"],"picked":"Reaper","floor":16.0},{"not_picked":["Clash"],"picked":"SKIP","floor":18.0},{"not_picked":[],"picked":"Twin Strike","floor":24.0},{"not_picked":["Havoc+1"],"picked":"SKIP","floor":27.0},{"not_picked":["Twin Strike"],"picked":"SKIP","floor":28.0},{"not_picked":["Flex"],"picked":"SKIP","floor":29.0},{"not_picked":[],"picked":"Exhume","floor":33.0},{"not_picked":["Anger+1"],"picked":"SKIP","floor":35.0},{"not_picked":["Heavy Blade"],"picked":"SKIP","floor":38.0},{"not_picked":[],"picked":"Armaments","floor":39.0},{"not_picked":[],"picked":"Pummel+1","floor":41.0},{"not_picked":["Sentinel"],"picked":"SKIP","floor":42.0},{"not_picked":["Havoc+1"],"picked":"SKIP","floor":44.0},{"not_picked":[],"picked":"Clothesline+1","floor":45.0},{"not_picked":[],"picked":"Headbutt+1","floor":48}],"player_experience":332320,"relics_obtained":[{"floor":7.0,"key":"Smiling Mask"},{"floor":9.0,"key":"Ancient Tea Set"},{"floor":10.0,"key":"Pen Nib"},{"floor":12.0,"key":"Meat on the Bone"},{"floor":20.0,"key":"Enchiridion"},{"floor":26.0,"key":"Regal Pillow"},{"floor":29.0,"key":"Bag of Preparation"},{"floor":30.0,"key":"Happy Flower"},{"floor":43.0,"key":"Thread and Needle"},{"floor":44.0,"key":"MawBank"},{"floor":47.0,"key":"Molten Egg 2"}],"event_choices":[{"damage_healed":0.0,"max_hp_gain":0.0,"max_hp_loss":0.0,"gold_gain":0.0,"event_name":"Liars Game","player_choice":"Ignored","floor":2.0,"gold_loss":0.0,"damage_taken":0.0},{"damage_healed":0.0,"max_hp_gain":0.0,"max_hp_loss":0.0,"gold_gain":0.0,"event_name":"Scrap Ooze","player_choice":"Success","floor":4.0,"gold_loss":0.0,"damage_taken":12.0,"relics_obtained":["Nunchaku"]},{"cards_removed":["Strike_R"],"damage_healed":0.0,"max_hp_gain":0.0,"max_hp_loss":0.0,"gold_gain":0.0,"event_name":"Golden Wing","player_choice":"Card Removal","floor":14.0,"gold_loss":0.0,"damage_taken":7.0},{"damage_healed":0.0,"max_hp_gain":0.0,"max_hp_loss":0.0,"gold_gain":0.0,"event_name":"The Mausoleum","player_choice":"Opened","floor":19.0,"gold_loss":0.0,"damage_taken":0.0,"relics_obtained":["Pear"]},{"damage_healed":0.0,"max_hp_gain":0.0,"max_hp_loss":0.0,"gold_gain":0.0,"event_name":"Cursed Tome","player_choice":"Obtained Book","floor":20.0,"gold_loss":0.0,"damage_taken":16.0},{"damage_healed":0.0,"max_hp_gain":0.0,"max_hp_loss":0.0,"gold_gain":0.0,"event_name":"Upgrade Shrine","player_choice":"Upgraded","floor":22.0,"gold_loss":0.0,"damage_taken":0.0,"cards_upgraded":["Metallicize"]},{"damage_healed":0.0,"max_hp_gain":0.0,"max_hp_loss":0.0,"gold_gain":75.0,"event_name":"FaceTrader","player_choice":"Touch","floor":31.0,"gold_loss":0.0,"damage_taken":9.0},{"damage_healed":0.0,"max_hp_gain":0.0,"max_hp_loss":0.0,"gold_gain":0.0,"event_name":"Accursed Blacksmith","player_choice":"Forge","floor":36.0,"gold_loss":0.0,"damage_taken":0.0,"cards_upgraded":["Inflame"]}],"is_beta":false,"boss_relics":[{"not_picked":["Snecko Eye","Pandora\u0027s Box"],"picked":"Busted Crown"},{"not_picked":["Black Star","Philosopher\u0027s Stone"],"picked":"Lizard Tail"}],"items_purged_floors":[5,21,37,46],"is_endless":false,"potions_floor_spawned":[12,13,18,28,29,33,35,39,41,44,48],"ascension_level":6}