{"gold_per_floor":[111,125,137,26,26,60,72,106,106,106,106,123,149,203,203,275,275,290,307,334,349,3,3,35,35,83,93,93,93,23,34,34,113,113,129,351,351,601,615,615,540,551,551,551,563,563,578,109,109,109],"floor_reached":51,"playtime":2937,"items_purged":["Regret","Parasite"],"score":1186,"play_id":"34b3002e-2629-465b-becf-8c8c2eff7992","local_time":"20180806021726","is_ascension_mode":true,"campfire_choices":[{"floor":11.0,"key":"REST"},{"data":"Neutralize","floor":15.0,"key":"SMITH"},{"floor":23.0,"key":"REST"},{"floor":32.0,"key":"REST"},{"data":"Footwork","floor":40,"key":"SMITH"},{"data":"Noxious Fumes","floor":44,"key":"SMITH"},{"data":"Footwork","floor":46,"key":"SMITH"},{"floor":49,"key":"REST"}],"neow_cost":"","seed_source_timestamp":82390930732486,"circlet_count":0,"master_deck":["Defend_G+1","Defend_G+1","Defend_G+1","Defend_G+1","Defend_G+1","Strike_G+1","Strike_G+1","Strike_G+1","Strike_G+1","Survivor","Neutralize+1","AscendersBane","Dagger Spray","Footwork+1","Backstab","Well Laid Plans","Phantasmal Killer","Infinite Blades","PiercingWail+1","Noxious Fumes+1","Cloak And Dagger","Die Die Die","Backflip","Noxious Fumes","PiercingWail","Footwork+1","Leg Sweep","Predator","Wraith Form v2","Acrobatics","Thinking Ahead","Cloak And Dagger+1","Acrobatics","After Image","Backflip","Noxious Fumes"],"special_seed":0,"relics":["Ring of the Snake","Bag of Preparation","Regal Pillow","Darkstone Periapt","Mummified Hand","War Paint","Sozu","Red Mask","DollysMirror","Anchor","Juzu Bracelet","Bag of Marbles","Pen Nib","Cursed Key","The Courier","Toolbox","Boot"],"potions_floor_usage":[],"damage_taken":[{"damage":2.0,"enemies":"Jaw Worm","floor":1.0,"turns":5.0},{"damage":1.0,"enemies":"Cultist","floor":2.0,"turns":4.0},{"damage":2.0,"enemies":"2 Louse","floor":3.0,"turns":3.0},{"damage":2.0,"enemies":"Gremlin Nob","floor":6.0,"turns":3.0},{"damage":0.0,"enemies":"2 Fungi Beasts","floor":7.0,"turns":3.0},{"damage":11.0,"enemies":"Lagavulin","floor":8.0,"turns":7.0},{"damage":0.0,"enemies":"Looter","floor":12.0,"turns":3.0},{"damage":15.0,"enemies":"3 Sentries","floor":13.0,"turns":6.0},{"damage":22.0,"enemies":"Hexaghost","floor":16.0,"turns":13.0},{"damage":1.0,"enemies":"2 Thieves","floor":18.0,"turns":4.0},{"damage":0.0,"enemies":"3 Byrds","floor":19.0,"turns":4.0},{"damage":12.0,"floor":20.0,"turns":4.0},{"damage":23.0,"enemies":"Snecko","floor":21.0,"turns":7.0},{"damage":24.0,"enemies":"Slavers","floor":24.0,"turns":6.0},{"damage":0.0,"enemies":"Sentry and Sphere","floor":27.0,"turns":6.0},{"damage":14.0,"enemies":"Snake Plant","floor":31.0,"turns":5.0},{"damage":42,"enemies":"Champ","floor":33,"turns":18},{"damage":0,"enemies":"3 Shapes","floor":35,"turns":6},{"damage":17,"enemies":"3 Darklings","floor":39,"turns":6},{"damage":0,"enemies":"Flame Bruiser 2 Orb","floor":42,"turns":4},{"damage":1,"enemies":"Maw","floor":45,"turns":8},{"damage":0,"enemies":"3 Darklings","floor":47,"turns":4},{"damage":22,"enemies":"Time Eater","floor":50,"turns":18}],"seed_played":"2239033694262878127","potions_obtained":[{"floor":1.0,"key":"Strength Potion"},{"floor":3.0,"key":"Strength Potion"},{"floor":7.0,"key":"EssenceOfSteel"},{"floor":13.0,"key":"FearPotion"}],"is_trial":false,"path_per_floor":["M","M","M","$","?","E","M","E","T","?","R","M","E","?","R","B",null,"M","M","?","M","$","R","E","?","T","M","?","?","$","M","R","B",null,"M","?","?","?","M","R","$","M","T","R","M","R","M","$","R","B"],"character_chosen":"THE_SILENT","items_purchased":["Backstab","Well Laid Plans","DollysMirror","Anchor","Predator","Backflip","Toolbox","Noxious Fumes","Boot"],"campfire_rested":4,"item_purchase_floors":[4,4,22,22,30,48,48,48,48],"current_hp_per_floor":[57,56,54,54,54,52,52,41,41,15,49,49,34,34,34,12,53,52,52,40,17,17,51,27,27,27,27,27,27,27,13,47,5,51,51,51,51,57,40,40,40,40,46,46,45,45,45,45,75,53],"gold":109,"neow_bonus":"","is_prod":false,"is_daily":false,"chose_seed":false,"campfire_upgraded":4,"win_rate":0,"timestamp":1533536246,"path_taken":["M","M","M","$","?","E","M","E","T","?","R","?","E","?","R","BOSS","M","M","?","M","$","R","E","?","T","M","?","?","$","M","R","BOSS","M","?","?","?","M","R","$","M","T","R","M","R","M","$","R","BOSS"],"build_version":"2018-08-02","purchased_purges":2,"victory":true,"max_hp_per_floor":[66,66,66,66,66,66,66,66,66,66,66,66,66,66,66,66,66,66,66,66,66,66,66,66,66,66,66,66,66,66,66,66,66,66,66,66,66,72,72,72,72,72,78,78,78,78,78,75,75,75],"card_choices":[{"not_picked":["Expertise","Flying Knee"],"picked":"Dagger Spray","floor":1.0},{"not_picked":["Choke","Deadly Poison"],"picked":"Dagger Spray","floor":2.0},{"not_picked":["Heel Hook","Outmaneuver"],"picked":"Footwork","floor":3.0},{"not_picked":["Deadly Poison","Riddle With Holes"],"picked":"Infinite Blades","floor":6.0},{"not_picked":["Underhanded Strike","Slice"],"picked":"PiercingWail","floor":7.0},{"not_picked":["Tactician","Prepared","Quick Slash"],"picked":"SKIP","floor":8.0},{"not_picked":["A Thousand Cuts","Prepared"],"picked":"Noxious Fumes","floor":12.0},{"not_picked":["Endless Agony","Crippling Poison"],"picked":"Cloak And Dagger","floor":13.0},{"not_picked":["Burst","Venomology"],"picked":"Die Die Die","floor":16.0},{"not_picked":["Tactician","Slice"],"picked":"Backflip","floor":18.0},{"not_picked":["Prepared+1","Outmaneuver","Quick Slash"],"picked":"SKIP","floor":19.0},{"not_picked":["Deadly Poison","Poisoned Stab+1"],"picked":"Noxious Fumes","floor":20.0},{"not_picked":["Dagger Spray+1","Cloak And Dagger"],"picked":"PiercingWail","floor":21.0},{"not_picked":["Blade Dance","Reflex","Poisoned Stab"],"picked":"SKIP","floor":24.0},{"not_picked":["Dagger Throw","Cloak And Dagger"],"picked":"Leg Sweep","floor":27.0},{"not_picked":["All Out Attack","Die Die Die","Backstab"],"picked":"SKIP","floor":31.0},{"not_picked":["Envenom","Doppelganger"],"picked":"Wraith Form v2","floor":33},{"not_picked":["Prepared","Distraction"],"picked":"Acrobatics","floor":35},{"not_picked":["Secret Weapon","Trip"],"picked":"Thinking Ahead","floor":37},{"not_picked":["Riddle With Holes","Prepared+1"],"picked":"Cloak And Dagger+1","floor":39},{"not_picked":["Prepared+1","Deflect"],"picked":"Acrobatics","floor":42},{"not_picked":["Finisher","Flying Knee","Slice"],"picked":"SKIP","floor":45},{"not_picked":["Backflip","Infinite Blades+1"],"picked":"After Image","floor":47}],"player_experience":471414,"relics_obtained":[{"floor":6.0,"key":"Bag of Preparation"},{"floor":8.0,"key":"Regal Pillow"},{"floor":9.0,"key":"Darkstone Periapt"},{"floor":13.0,"key":"War Paint"},{"floor":20.0,"key":"Red Mask"},{"floor":24.0,"key":"Juzu Bracelet"},{"floor":26.0,"key":"Bag of Marbles"},{"floor":43,"key":"The Courier"}],"event_choices":[{"event_name":"Transmorgrifier","player_choice":"Transform","floor":5.0,"damage_taken":0.0},{"event_name":"Scrap Ooze","player_choice":"success","floor":10.0,"damage_taken":26.0},{"event_name":"Golden Wing","player_choice":"Gained Gold","floor":14.0,"damage_taken":0.0},{"event_name":"Masked Bandits","player_choice":"Fought over 307 gold","floor":20.0,"damage_taken":0.0},{"event_name":"Addict","player_choice":"Ignored","floor":25.0,"damage_taken":0.0},{"event_name":"WeMeetAgain","player_choice":"Card","floor":28.0,"damage_taken":0.0},{"event_name":"Back to Basics","player_choice":"Simplicity","floor":29.0,"damage_taken":0.0},{"event_name":"Tomb of Lord Red Mask","player_choice":"Wore Mask","floor":36,"damage_taken":0},{"event_name":"SensoryStone","player_choice":"Memory 1","floor":37,"damage_taken":0},{"event_name":"Golden Shrine","player_choice":"Desecrate","floor":38,"damage_taken":0}],"is_beta":false,"boss_relics":[{"not_picked":["Philosopher\u0027s Stone","WristBlade"],"picked":"Sozu"},{"not_picked":["Coffee Dripper","Runic Dome"],"picked":"Cursed Key"}],"items_purged_floors":[41,48],"is_endless":false,"potions_floor_spawned":[1,3,7,13,19,21,24,42,47],"ascension_level":15}