{"gold_per_floor":[109,109,126,138,138,138,169,182,229,229,252,270,291,304,304,427,427,443,458,458,102,102],"floor_reached":22,"playtime":1491,"items_purged":["Strike_R"],"score":180,"play_id":"498c97ee-799c-475f-9226-ffa4a62f7d40","local_time":"20181126180732","is_ascension_mode":false,"campfire_choices":[{"floor":6,"key":"REST"},{"floor":10,"key":"REST"},{"floor":15,"key":"REST"}],"neow_cost":"PERCENT_DAMAGE","seed_source_timestamp":883135639685333,"circlet_count":0,"master_deck":["Strike_R","Strike_R","Strike_R","Defend_R","Defend_R","Defend_R","Bash","Rampage","Sword Boomerang","Sword Boomerang","Injury","Shrug It Off","Inflame","Dual Wield","Flex","Limit Break","Sword Boomerang+1","Cleave+1","Double Tap","Rampage","Bandage Up"],"relics":["Burning Blood","Bag of Marbles","Golden Idol","Odd Mushroom","Boot","Black Star"],"potions_floor_usage":[16,16,16,22],"damage_taken":[{"damage":5,"enemies":"Small Slimes","floor":1,"turns":3},{"damage":6,"enemies":"Jaw Worm","floor":3,"turns":3},{"damage":0,"enemies":"2 Louse","floor":4,"turns":1},{"damage":28,"enemies":"The Mushroom Lair","floor":7,"turns":4},{"damage":23,"enemies":"Exordium Wildlife","floor":8,"turns":6},{"damage":3,"enemies":"Large Slime","floor":11,"turns":4},{"damage":2,"enemies":"2 Fungi Beasts","floor":12,"turns":3},{"damage":27,"enemies":"Exordium Thugs","floor":13,"turns":4},{"damage":7,"enemies":"Blue Slaver","floor":14,"turns":3},{"damage":37,"enemies":"The Guardian","floor":16,"turns":8},{"damage":38,"enemies":"Shell Parasite","floor":18,"turns":5},{"damage":25,"enemies":"Spheric Guardian","floor":19,"turns":4},{"damage":30,"enemies":"Colosseum Slavers","floor":22,"turns":4},{"damage":38,"enemies":"Colosseum Nobs","floor":22,"turns":3}],"seed_played":"-2379129394588536967","potions_obtained":[{"floor":1,"key":"SpeedPotion"},{"floor":7,"key":"FearPotion"},{"floor":11,"key":"Block Potion"},{"floor":16,"key":"Dexterity Potion"}],"is_trial":false,"path_per_floor":["M","?","M","M","?","R","?","M","T","R","M","M","M","M","R","B",null,"M","M","?","$","?"],"character_chosen":"IRONCLAD","items_purchased":["Double Tap","Rampage","Bandage Up"],"campfire_rested":3,"item_purchase_floors":[21,21,21],"current_hp_per_floor":[57,32,32,38,38,62,40,23,23,47,50,54,33,32,56,25,80,48,29,55,55,0],"gold":102,"neow_bonus":"REMOVE_TWO","is_prod":false,"is_daily":false,"chose_seed":false,"campfire_upgraded":0,"win_rate":0,"timestamp":1543270052,"path_taken":["M","?","M","M","?","R","?","M","T","R","M","M","M","M","R","BOSS","M","M","?","$","?"],"build_version":"2018-11-15","purchased_purges":1,"victory":false,"max_hp_per_floor":[80,80,80,80,80,80,80,80,80,80,80,80,80,80,80,80,80,80,80,80,80,80],"card_choices":[{"not_picked":["Second Wind","True Grit"],"picked":"Rampage","floor":1},{"not_picked":["Armaments","Seeing Red"],"picked":"Sword Boomerang","floor":3},{"not_picked":["Infernal Blade","True Grit"],"picked":"Sword Boomerang","floor":4},{"not_picked":["Wild Strike","Rupture"],"picked":"Shrug It Off","floor":7},{"not_picked":["Corruption","Ghostly Armor"],"picked":"Inflame","floor":8},{"not_picked":["Entrench","Body Slam","Reckless Charge"],"picked":"SKIP","floor":11},{"not_picked":["Havoc","Clash"],"picked":"Dual Wield","floor":12},{"not_picked":["Reckless Charge","Armaments","Feel No Pain"],"picked":"SKIP","floor":13},{"not_picked":["Pummel","Sever Soul"],"picked":"Flex","floor":14},{"not_picked":["Impervious","Immolate"],"picked":"Limit Break","floor":16},{"not_picked":["Clash","Whirlwind"],"picked":"Sword Boomerang+1","floor":18},{"not_picked":["Havoc+1","Perfected Strike"],"picked":"Cleave+1","floor":19}],"player_experience":51667,"relics_obtained":[{"floor":7,"key":"Odd Mushroom"},{"floor":9,"key":"Boot"}],"event_choices":[{"damage_healed":0,"gold_gain":0,"player_choice":"Success","damage_taken":25,"relics_obtained":["Bag of Marbles"],"max_hp_gain":0,"max_hp_loss":0,"event_name":"Scrap Ooze","floor":2,"gold_loss":0},{"damage_healed":0,"gold_gain":0,"player_choice":"Take Wound","damage_taken":0,"relics_obtained":["Golden Idol"],"max_hp_gain":0,"max_hp_loss":0,"event_name":"Golden Idol","floor":5,"gold_loss":0,"cards_obtained":["Injury"]},{"damage_healed":0,"gold_gain":0,"player_choice":"Fought Mushrooms","damage_taken":0,"max_hp_gain":0,"max_hp_loss":0,"event_name":"Mushrooms","floor":7,"gold_loss":0},{"damage_healed":26,"gold_gain":0,"player_choice":"Heal","damage_taken":0,"max_hp_gain":0,"max_hp_loss":0,"event_name":"The Library","floor":20,"gold_loss":0},{"damage_healed":0,"gold_gain":0,"player_choice":"Fight","damage_taken":0,"max_hp_gain":0,"max_hp_loss":0,"event_name":"Colosseum","floor":22,"gold_loss":0},{"damage_healed":0,"gold_gain":0,"player_choice":"Fought Nobs","damage_taken":0,"max_hp_gain":0,"max_hp_loss":0,"event_name":"Colosseum","floor":22,"gold_loss":0}],"is_beta":false,"boss_relics":[{"not_picked":["Coffee Dripper","Calling Bell"],"picked":"Black Star"}],"items_purged_floors":[21],"is_endless":false,"potions_floor_spawned":[1,7,11,13,16,22],"killed_by":"Colosseum Nobs","ascension_level":0}