{"gold_per_floor":[117,137,137,212,387,387,387,403,403,418,418,449,449,463,463,568,568,580,580,594,368,368,397,465,476,476,505,521,771,797,816,816,914,914,930,478,498,563,576,636,655,723,749,43,43,78,93,443,443,443],"floor_reached":51,"playtime":2637,"items_purged":["Strike_R","Strike_R","Strike_R+1"],"score":845,"play_id":"1c56bdfb-0c9a-44e1-9625-236eef642644","local_time":"20190415215910","is_ascension_mode":false,"campfire_choices":[{"data":"Inflame","floor":6,"key":"SMITH"},{"data":"Bash","floor":15,"key":"SMITH"},{"floor":32,"key":"REST"},{"floor":45,"key":"REST"},{"floor":49,"key":"REST"}],"neow_cost":"NONE","seed_source_timestamp":26993164662304,"circlet_count":0,"master_deck":["Defend_R","Defend_R","Defend_R","Bash+1","Metallicize+1","Inflame+1","Headbutt","Cleave+1","Bludgeon+1","Intimidate","Corruption","Offering","True Grit+1","Twin Strike+1","Pommel Strike+1","Intimidate+1","Shockwave+1","Offering+1","Infernal Blade+1","Flex+1","Infernal Blade+1","Heavy Blade+1","Clothesline+1","Flame Barrier+1","Battle Trance+1","Panacea+1","Inflame","The Bomb+1","Exhume+1","True Grit+1"],"relics":["Burning Blood","NeowsBlessing","Spirit Poop","Thread and Needle","Centennial Puzzle","Blood Vial","Fusion Hammer","Anchor","SsserpentHead","Singing Bowl","Toxic Egg 2","Paper Frog","Orichalcum","Sozu","Membership Card","Happy Flower","Bronze Scales","Tiny Chest","Whetstone","Bottled Tornado","FossilizedHelix","Cauldron","Vajra"],"potions_floor_usage":[33,37,50,50],"damage_taken":[{"damage":0,"enemies":"Cultist","floor":1,"turns":1},{"damage":0,"enemies":"Jaw Worm","floor":2,"turns":1},{"damage":0,"enemies":"2 Louse","floor":8,"turns":2},{"damage":0,"enemies":"Large Slime","floor":10,"turns":6},{"damage":17,"enemies":"Lagavulin","floor":12,"turns":8},{"damage":5,"enemies":"Gremlin Gang","floor":14,"turns":3},{"damage":38,"enemies":"The Guardian","floor":16,"turns":14},{"damage":2,"enemies":"Spheric Guardian","floor":18,"turns":3},{"damage":6,"enemies":"Shell Parasite","floor":20,"turns":3},{"damage":16,"enemies":"Slavers","floor":23,"turns":5},{"damage":12,"enemies":"3 Cultists","floor":24,"turns":4},{"damage":9,"enemies":"Shelled Parasite and Fungi","floor":25,"turns":3},{"damage":26,"enemies":"Book of Stabbing","floor":27,"turns":4},{"damage":8,"enemies":"Snecko","floor":28,"turns":3},{"damage":11,"enemies":"Gremlin Leader","floor":30,"turns":5},{"damage":6,"enemies":"Snake Plant","floor":31,"turns":3},{"damage":53,"enemies":"Champ","floor":33,"turns":8},{"damage":6,"enemies":"Orb Walker","floor":35,"turns":2},{"damage":6,"enemies":"3 Darklings","floor":37,"turns":3},{"damage":20,"enemies":"Spire Growth","floor":38,"turns":3},{"damage":12,"enemies":"Transient","floor":39,"turns":5},{"damage":12,"enemies":"Giant Head","floor":40,"turns":3},{"damage":6,"enemies":"Sphere and 2 Shapes","floor":41,"turns":2},{"damage":6,"enemies":"3 Darklings","floor":42,"turns":3},{"damage":9,"enemies":"Reptomancer","floor":46,"turns":4},{"damage":7,"enemies":"Maw","floor":47,"turns":5},{"damage":20,"enemies":"Time Eater","floor":50,"turns":5}],"seed_played":"8944923031207568638","potions_obtained":[{"floor":8,"key":"Regen Potion"},{"floor":10,"key":"Dexterity Potion"},{"floor":12,"key":"SteroidPotion"},{"floor":23,"key":"PowerPotion"},{"floor":33,"key":"AttackPotion"}],"is_trial":false,"path_per_floor":["M","M","?","?","?","R","?","M","T","M","?","E","?","M","R","B",null,"M","?","M","$","?","E","M","M","T","E","M","?","E","M","R","B",null,"M","$","M","M","M","E","M","M","T","$","R","E","M","?","R","B",null],"character_chosen":"IRONCLAD","items_purchased":["Anchor","Membership Card","Happy Flower","Bronze Scales","Flex+1","Infernal Blade+1","Bottled Tornado","FossilizedHelix","Cauldron","Panacea+1","Inflame","The Bomb+1","Exhume+1","True Grit+1"],"campfire_rested":3,"item_purchase_floors":[21,36,36,36,36,36,44,44,44,44,44,44,44,44],"current_hp_per_floor":[80,80,64,53,53,53,53,59,59,65,65,54,47,50,50,20,80,80,80,80,80,80,72,68,69,69,53,53,53,50,52,77,32,86,86,86,86,74,72,68,70,72,72,72,90,89,92,92,94,89],"gold":443,"neow_bonus":"THREE_ENEMY_KILL","is_prod":false,"is_daily":false,"chose_seed":false,"campfire_upgraded":2,"win_rate":0,"timestamp":1555387150,"path_taken":["M","M","?","?","?","R","?","?","T","M","?","E","?","M","R","BOSS","M","?","M","$","?","E","?","M","T","E","M","?","E","M","R","BOSS","M","$","M","?","M","E","M","?","T","$","R","E","M","?","R","BOSS"],"build_version":"2019-01-23","purchased_purges":3,"victory":true,"max_hp_per_floor":[80,80,80,80,80,80,80,80,80,80,80,80,80,80,80,80,80,80,80,80,80,80,82,82,84,84,86,86,86,86,86,86,86,86,86,86,86,88,90,90,90,90,90,90,90,92,94,94,94,94],"card_choices":[{"not_picked":["Armaments","Body Slam"],"picked":"Metallicize","floor":1},{"not_picked":["Carnage","Havoc"],"picked":"Inflame","floor":2},{"not_picked":["Bloodletting","Twin Strike"],"picked":"Headbutt","floor":8},{"not_picked":["Rupture","Warcry","True Grit"],"picked":"SKIP","floor":10},{"not_picked":["Rage","Clash","Brutality"],"picked":"SKIP","floor":12},{"not_picked":["Wild Strike","Iron Wave","Clothesline"],"picked":"SKIP","floor":14},{"not_picked":["Dark Embrace","Reaper"],"picked":"Bludgeon","floor":16},{"not_picked":["Rage","Evolve"],"picked":"Intimidate","floor":18},{"not_picked":["Anger","Burning Pact"],"picked":"True Grit+1","floor":20},{"not_picked":["Warcry","Sword Boomerang","Berserk"],"picked":"Singing Bowl","floor":23},{"not_picked":["Perfected Strike","Anger+1"],"picked":"Twin Strike+1","floor":24},{"not_picked":["Pommel Strike+1","Body Slam","Blood for Blood+1"],"picked":"Singing Bowl","floor":25},{"not_picked":["Anger","Pommel Strike+1","Sever Soul"],"picked":"Singing Bowl","floor":27},{"not_picked":["Cleave+1","Clash+1"],"picked":"Pommel Strike+1","floor":28},{"not_picked":["Iron Wave","Dark Embrace"],"picked":"Intimidate+1","floor":30},{"not_picked":["Warcry+1","Havoc+1"],"picked":"Shockwave+1","floor":31},{"not_picked":["Reaper","Impervious+1"],"picked":"Offering+1","floor":33},{"not_picked":["Rupture","Burning Pact+1"],"picked":"Infernal Blade+1","floor":35},{"not_picked":["Perfected Strike","Pommel Strike"],"picked":"Heavy Blade+1","floor":37},{"not_picked":["Clothesline","Searing Blow+1","Evolve"],"picked":"Singing Bowl","floor":38},{"not_picked":["Clothesline","Searing Blow+1","Cleave+1"],"picked":"Singing Bowl","floor":39},{"not_picked":["Wild Strike+1","Armaments+1"],"picked":"Clothesline+1","floor":40},{"not_picked":["Combust","Cleave+1"],"picked":"Flame Barrier+1","floor":41},{"not_picked":["Iron Wave","Rampage"],"picked":"Battle Trance+1","floor":42},{"not_picked":["Wild Strike","Anger+1","Rage+1"],"picked":"Singing Bowl","floor":46},{"not_picked":["True Grit+1","Heavy Blade","Havoc+1"],"picked":"Singing Bowl","floor":47}],"player_experience":1225986,"relics_obtained":[{"floor":9,"key":"Thread and Needle"},{"floor":12,"key":"Centennial Puzzle"},{"floor":23,"key":"Singing Bowl"},{"floor":26,"key":"Toxic Egg 2"},{"floor":27,"key":"Paper Frog"},{"floor":30,"key":"Orichalcum"},{"floor":40,"key":"Tiny Chest"},{"floor":43,"key":"Whetstone"},{"floor":46,"key":"Vajra"}],"event_choices":[{"damage_healed":0,"gold_gain":0,"player_choice":"Entered Light","damage_taken":16,"max_hp_gain":0,"max_hp_loss":0,"event_name":"Shining Light","floor":3,"gold_loss":0,"cards_upgraded":["Strike_R","Metallicize"]},{"damage_healed":0,"gold_gain":75,"player_choice":"Gather Gold","damage_taken":11,"max_hp_gain":0,"max_hp_loss":0,"event_name":"World of Goop","floor":4,"gold_loss":0},{"damage_healed":0,"gold_gain":175,"player_choice":"AGREE","damage_taken":0,"max_hp_gain":0,"max_hp_loss":0,"event_name":"Liars Game","floor":5,"gold_loss":0,"cards_obtained":["Doubt"]},{"cards_removed":["Doubt"],"damage_healed":0,"gold_gain":0,"player_choice":"Offered Curse","damage_taken":0,"relics_obtained":["Spirit Poop"],"max_hp_gain":0,"max_hp_loss":0,"event_name":"Bonfire Elementals","floor":7,"gold_loss":0},{"damage_healed":0,"gold_gain":0,"cards_transformed":["Strike_R"],"player_choice":"Change","damage_taken":0,"max_hp_gain":0,"max_hp_loss":0,"event_name":"Living Wall","floor":11,"gold_loss":0,"cards_obtained":["Cleave"]},{"damage_healed":0,"gold_gain":0,"player_choice":"Success","damage_taken":7,"relics_obtained":["Blood Vial"],"max_hp_gain":0,"max_hp_loss":0,"event_name":"Scrap Ooze","floor":13,"gold_loss":0},{"damage_healed":0,"gold_gain":0,"cards_transformed":["Strike_R","Defend_R"],"player_choice":"Became Test Subject","damage_taken":0,"max_hp_gain":0,"max_hp_loss":0,"event_name":"Drug Dealer","floor":19,"gold_loss":0,"cards_obtained":["Corruption","Offering"]},{"damage_healed":0,"gold_gain":0,"player_choice":"Trade","damage_taken":0,"relics_obtained":["SsserpentHead"],"max_hp_gain":0,"max_hp_loss":0,"event_name":"FaceTrader","floor":22,"gold_loss":0},{"damage_healed":0,"gold_gain":200,"player_choice":"Gold","damage_taken":0,"max_hp_gain":0,"max_hp_loss":0,"event_name":"Wheel of Change","floor":29,"gold_loss":0},{"damage_healed":0,"gold_gain":300,"player_choice":"Gold","damage_taken":0,"max_hp_gain":0,"max_hp_loss":0,"event_name":"Wheel of Change","floor":48,"gold_loss":0}],"is_beta":false,"boss_relics":[{"not_picked":["Black Star","Snecko Eye"],"picked":"Fusion Hammer"},{"not_picked":["Lizard Tail","Orrery"],"picked":"Sozu"}],"items_purged_floors":[21,36,44],"is_endless":false,"potions_floor_spawned":[8,10,12,20,23,30,31,33,39,40,47],"ascension_level":0}