{"gold_per_floor":[111,111,129,145,145,145,184,184,184,207,250,28,72,12,12,107,107,127,52,0,21,44,44,69,69,69,92,63,63,5,5,5,99,99,113,113,129,144,144,144,163,187,187,46,70,84,1,21,21,21,21],"floor_reached":52,"playtime":4136,"items_purged":["Strike_G","Defend_G"],"score":1648,"play_id":"e678f5fc-fde1-4d86-9085-397b14acb0b6","local_time":"20181004222707","is_ascension_mode":true,"campfire_choices":[{"data":"Noxious Fumes","floor":6.0,"key":"SMITH"},{"data":"Wraith Form v2","floor":8.0,"key":"SMITH"},{"floor":15.0,"key":"REST"},{"data":"Burst","floor":23.0,"key":"SMITH"},{"data":"Footwork","floor":25.0,"key":"SMITH"},{"data":"Well Laid Plans","floor":29.0,"key":"SMITH"},{"floor":32.0,"key":"REST"},{"data":"Defend_G","floor":40.0,"key":"PURGE"},{"floor":49,"key":"REST"}],"neow_cost":"TEN_PERCENT_HP_LOSS","seed_source_timestamp":752415886530845,"circlet_count":0,"master_deck":["Defend_G","Defend_G","Defend_G","Survivor","Neutralize","AscendersBane","Blur","Leg Sweep","Deadly Poison","Noxious Fumes+1","Wraith Form v2+1","After Image","Predator","Dagger Spray","Footwork+1","Burst+1","Dagger Spray","Deadly Poison+1","Sucker Punch","Well Laid Plans+1","Deadly Poison","Cloak And Dagger","Bane","Cloak And Dagger","Dash","Backflip","Footwork","Footwork"],"special_seed":0,"relics":["Ring of the Snake","Golden Idol","Peace Pipe","Blue Candle","MawBank","Bag of Preparation","Busted Crown","Vajra","Snecko Eye","Torii"],"potions_floor_usage":[51],"damage_taken":[{"damage":0.0,"enemies":"2 Louse","floor":1.0,"turns":5.0},{"damage":1.0,"enemies":"Small Slimes","floor":3.0,"turns":7.0},{"damage":0.0,"enemies":"Cultist","floor":4.0,"turns":5.0},{"damage":7.0,"enemies":"Lagavulin","floor":7.0,"turns":8.0},{"damage":0.0,"enemies":"Large Slime","floor":10.0,"turns":7.0},{"damage":9.0,"enemies":"3 Sentries","floor":11.0,"turns":7.0},{"damage":2.0,"enemies":"Gremlin Nob","floor":13.0,"turns":6.0},{"damage":29.0,"enemies":"Slime Boss","floor":16.0,"turns":10.0},{"damage":8.0,"enemies":"Chosen","floor":18.0,"turns":6.0},{"damage":0.0,"enemies":"Spheric Guardian","floor":21.0,"turns":3.0},{"damage":0.0,"enemies":"Centurion and Healer","floor":22.0,"turns":8.0},{"damage":3.0,"enemies":"Snake Plant","floor":24.0,"turns":4.0},{"damage":5.0,"enemies":"Cultist and Chosen","floor":27.0,"turns":6.0},{"damage":1.0,"enemies":"Champ","floor":33.0,"turns":15.0},{"damage":0.0,"enemies":"3 Darklings","floor":35.0,"turns":5.0},{"damage":4.0,"enemies":"Orb Walker","floor":37.0,"turns":4.0},{"damage":0.0,"enemies":"Sphere and 2 Shapes","floor":38.0,"turns":6.0},{"damage":0.0,"enemies":"Maw","floor":41.0,"turns":11.0},{"damage":0.0,"enemies":"4 Shapes","floor":42.0,"turns":6.0},{"damage":0.0,"enemies":"Jaw Worm Horde","floor":45.0,"turns":5.0},{"damage":17.0,"enemies":"Transient","floor":46.0,"turns":6.0},{"damage":13,"enemies":"Maw","floor":48,"turns":11},{"damage":2,"enemies":"Time Eater","floor":50,"turns":16},{"damage":37,"enemies":"Donu and Deca","floor":51,"turns":17}],"seed_played":"-1598037763970855038","potions_obtained":[{"floor":3.0,"key":"GhostInAJar"},{"floor":4.0,"key":"EssenceOfSteel"},{"floor":10.0,"key":"Explosive Potion"},{"floor":11.0,"key":"Strength Potion"},{"floor":18.0,"key":"Strength Potion"},{"floor":27.0,"key":"Poison Potion"},{"floor":37.0,"key":"Dexterity Potion"}],"is_trial":false,"path_per_floor":["M","?","M","M","?","R","E","R","T","M","E","$","E","$","R","B",null,"M","?","$","M","M","R","M","R","T","M","$","R","$","?","R","B",null,"M","?","M","M","?","R","M","M","T","$","M","M","$","M","R","B","B"],"character_chosen":"THE_SILENT","items_purchased":["FairyPotion","Footwork","Dagger Spray","Sucker Punch","Bane","Cloak And Dagger","Footwork","Footwork"],"campfire_rested":3,"item_purchase_floors":[12,12,14,20,28,30,44,47],"current_hp_per_floor":[59,38,37,37,37,37,30,30,30,30,21,21,19,19,37,8,47,39,39,39,39,39,39,36,36,36,31,31,31,31,31,49,48,57,57,57,53,53,53,53,53,53,53,53,53,36,36,23,40,38,1],"gold":21,"neow_bonus":"TRANSFORM_TWO_CARDS","is_prod":false,"is_daily":false,"chose_seed":false,"campfire_upgraded":5,"win_rate":0,"timestamp":1538706427,"path_taken":["M","?","?","M","?","R","E","R","T","?","E","$","E","$","R","BOSS","M","?","$","M","M","R","M","R","T","M","$","R","$","?","R","BOSS","M","?","M","M","?","R","M","M","T","$","?","?","?","M","R","BOSS","BOSS"],"build_version":"2018-10-04","purchased_purges":2,"victory":true,"max_hp_per_floor":[60,60,60,60,60,60,60,60,60,60,60,60,60,60,60,60,60,60,60,60,60,60,60,60,60,60,60,60,60,60,60,60,60,60,60,57,57,57,57,57,57,57,57,57,57,57,57,57,57,57,57],"card_choices":[{"not_picked":["Dagger Spray","Riddle With Holes"],"picked":"Deadly Poison","floor":1.0},{"not_picked":["Eviscerate","Choke"],"picked":"Noxious Fumes","floor":3.0},{"not_picked":["Terror","Prepared","Deflect"],"picked":"SKIP","floor":4.0},{"not_picked":["Blade Dance","Flechettes"],"picked":"After Image","floor":7.0},{"not_picked":["Cloak And Dagger","Bane"],"picked":"Predator","floor":10.0},{"not_picked":["Acrobatics","Blade Dance"],"picked":"Dagger Spray","floor":11.0},{"not_picked":["Deflect","Bane"],"picked":"Burst","floor":13.0},{"not_picked":[],"picked":"Deadly Poison+1","floor":18.0},{"not_picked":["Flying Knee"],"picked":"SKIP","floor":21.0},{"not_picked":[],"picked":"Well Laid Plans","floor":22.0},{"not_picked":[],"picked":"Deadly Poison","floor":24.0},{"not_picked":[],"picked":"Cloak And Dagger","floor":27.0},{"not_picked":["Cloak And Dagger"],"picked":"SKIP","floor":35.0},{"not_picked":["Dodge and Roll"],"picked":"SKIP","floor":37.0},{"not_picked":[],"picked":"Backflip","floor":38.0},{"not_picked":["Expertise"],"picked":"SKIP","floor":41.0},{"not_picked":["Quick Slash"],"picked":"SKIP","floor":42.0},{"not_picked":["Sucker Punch+1"],"picked":"SKIP","floor":45.0},{"not_picked":["Sucker Punch+1"],"picked":"SKIP","floor":45.0},{"not_picked":["Sucker Punch+1"],"picked":"SKIP","floor":45.0},{"not_picked":["Caltrops"],"picked":"SKIP","floor":46.0},{"not_picked":["Concentrate"],"picked":"SKIP","floor":48}],"player_experience":658829,"relics_obtained":[{"floor":7.0,"key":"Peace Pipe"},{"floor":9.0,"key":"Blue Candle"},{"floor":11.0,"key":"MawBank"},{"floor":13.0,"key":"Bag of Preparation"},{"floor":26.0,"key":"Vajra"},{"floor":43.0,"key":"Torii"}],"event_choices":[{"event_name":"Golden Idol","player_choice":"Take Damage","floor":2.0,"damage_taken":0.0},{"event_name":"Living Wall","player_choice":"Change","floor":5.0,"damage_taken":0.0},{"event_name":"Beggar","player_choice":"Gave Gold","floor":19.0,"damage_taken":0.0},{"event_name":"The Library","player_choice":"Read","floor":31.0,"damage_taken":0.0},{"event_name":"Winding Halls","player_choice":"Max HP","floor":36.0,"damage_taken":0.0},{"event_name":"SensoryStone","player_choice":"Memory 1","floor":39.0,"damage_taken":0.0}],"is_beta":true,"boss_relics":[{"not_picked":["Lizard Tail","Black Star"],"picked":"Busted Crown"},{"not_picked":["Tiny House","Calling Bell"],"picked":"Snecko Eye"}],"items_purged_floors":[12,44],"is_endless":false,"potions_floor_spawned":[3,4,10,11,18,27,37,42,48],"ascension_level":20}