{"gold_per_floor":[113,13,23,35,35,35,65,65,65,81,93,18,44,58,58,161,161,129,54,66,66,26,26,26],"floor_reached":24,"playtime":1517,"items_purged":["Strike_B"],"score":247,"play_id":"d72c6ec1-1af9-4987-8508-76f77ef37f53","local_time":"20190414231137","is_ascension_mode":true,"campfire_choices":[{"data":"Go for the Eyes","floor":6,"key":"SMITH"},{"floor":8,"key":"REST"},{"floor":15,"key":"REST"},{"data":"Creative AI","floor":23,"key":"SMITH"}],"neow_cost":"NONE","seed_source_timestamp":363792265287738,"circlet_count":0,"master_deck":["Strike_B","Defend_B","Defend_B","Defend_B","Defend_B","Zap","Dualcast","Redo","Capacitor","Go for the Eyes+1","Blizzard","Ball Lightning","Creative AI+1","Melter","Redo","Genetic Algorithm","Capacitor","Consume+1","Reboot","Undo","Conserve Battery","Glacier"],"relics":["FrozenCore","Bird Faced Urn","Matryoshka","Turnip"],"potions_floor_usage":[7,7,14],"damage_taken":[{"damage":0,"enemies":"2 Louse","floor":1,"turns":1},{"damage":0,"enemies":"Cultist","floor":3,"turns":3},{"damage":0,"enemies":"Small Slimes","floor":4,"turns":2},{"damage":31,"enemies":"Lagavulin","floor":7,"turns":6},{"damage":11,"enemies":"Looter","floor":10,"turns":3},{"damage":15,"enemies":"Exordium Thugs","floor":11,"turns":4},{"damage":34,"enemies":"3 Sentries","floor":13,"turns":7},{"damage":15,"enemies":"Red Slaver","floor":14,"turns":3},{"damage":28,"enemies":"The Guardian","floor":16,"turns":9},{"damage":19,"enemies":"2 Thieves","floor":18,"turns":5},{"damage":3,"enemies":"Spheric Guardian","floor":20,"turns":3},{"damage":85,"enemies":"Cultist and Chosen","floor":24,"turns":7}],"seed_played":"7994063151791328569","potions_obtained":[{"floor":3,"key":"Block Potion"},{"floor":4,"key":"SkillPotion"},{"floor":13,"key":"Regen Potion"},{"floor":16,"key":"Strength Potion"}],"is_trial":false,"path_per_floor":["M","$","M","M","?","R","E","R","T","M","M","$","E","M","R","B",null,"M","?","M","?","$","R","M"],"character_chosen":"DEFECT","items_purchased":["Capacitor","Go for the Eyes","Glacier"],"campfire_rested":2,"item_purchase_floors":[2,2,22],"current_hp_per_floor":[75,75,75,75,75,75,44,66,66,55,40,40,8,4,26,2,75,60,60,59,59,59,59,0],"gold":26,"neow_bonus":"THREE_CARDS","is_prod":false,"is_daily":false,"chose_seed":false,"campfire_upgraded":2,"win_rate":0,"timestamp":1555294297,"path_taken":["M","$","M","M","?","R","E","R","T","?","M","?","E","M","R","BOSS","M","?","M","?","$","R","?"],"build_version":"2019-01-23","purchased_purges":1,"victory":false,"max_hp_per_floor":[75,75,75,75,75,75,75,75,75,75,75,75,75,75,75,75,75,75,75,75,75,75,75,75],"card_choices":[{"not_picked":["Heatsinks","Auto Shields"],"picked":"Redo","floor":0},{"not_picked":["Beam Cell","Steam","Skim"],"picked":"SKIP","floor":1},{"not_picked":["Reprogram","Leap"],"picked":"Blizzard","floor":3},{"not_picked":["Conserve Battery","Tempest"],"picked":"Ball Lightning","floor":4},{"not_picked":["Static Discharge","Beam Cell"],"picked":"Melter","floor":7},{"not_picked":["Self Repair","Melter"],"picked":"Redo","floor":10},{"not_picked":["Barrage","Conserve Battery"],"picked":"Genetic Algorithm","floor":11},{"not_picked":["Heatsinks","Beam Cell"],"picked":"Capacitor","floor":13},{"not_picked":["Rip and Tear","Go for the Eyes"],"picked":"Consume","floor":14},{"not_picked":["Creative AI","Biased Cognition"],"picked":"Reboot","floor":16},{"not_picked":["Barrage","Double Energy"],"picked":"Undo","floor":18},{"not_picked":["Sweeping Beam","Rebound"],"picked":"Conserve Battery","floor":20}],"player_experience":277512,"relics_obtained":[{"floor":7,"key":"Bird Faced Urn"},{"floor":9,"key":"Matryoshka"},{"floor":13,"key":"Turnip"}],"event_choices":[{"damage_healed":0,"gold_gain":0,"cards_transformed":["Strike_B"],"player_choice":"Transformed","damage_taken":0,"max_hp_gain":0,"max_hp_loss":0,"event_name":"Transmorgrifier","floor":5,"gold_loss":0,"cards_obtained":["Creative AI"]},{"cards_removed":["Strike_B"],"damage_healed":0,"gold_gain":0,"player_choice":"Gave Gold","damage_taken":0,"max_hp_gain":0,"max_hp_loss":0,"event_name":"Beggar","floor":19,"gold_loss":75},{"damage_healed":0,"gold_gain":0,"player_choice":"Upgraded","damage_taken":0,"max_hp_gain":0,"max_hp_loss":0,"event_name":"Upgrade Shrine","floor":21,"gold_loss":0,"cards_upgraded":["Consume"]}],"is_beta":false,"boss_relics":[{"not_picked":["Runic Pyramid","Fusion Hammer"],"picked":"FrozenCore"}],"items_purged_floors":[12],"is_endless":false,"potions_floor_spawned":[3,4,13,16],"killed_by":"Cultist and Chosen","ascension_level":4}