{"gold_per_floor":[115,69,69,80,80,80,112,112,194,194,206,225,258,270,270,373,373,385,397,322,322,272,272,284,302,377,391,391,404,404,439,451,565,577,609,621,650,662,674,686,798,65,110,145,95,95,108,10,10,10],"floor_reached":51,"playtime":1206,"items_purged":["Strike_R","Defend_R","Decay","Strike_R"],"score":828,"play_id":"e5fa6bee-df59-492d-9fa6-15e43aa19fb7","local_time":"20190423014046","is_ascension_mode":false,"campfire_choices":[{"data":"Flex","floor":6.0,"key":"SMITH"},{"data":"Bash","floor":8.0,"key":"SMITH"},{"data":"Heavy Blade","floor":15.0,"key":"SMITH"},{"data":"Heavy Blade","floor":23.0,"key":"SMITH"},{"data":"Demon Form","floor":30.0,"key":"SMITH"},{"data":"Defend_R","floor":32.0,"key":"SMITH"},{"data":"Feed","floor":40,"key":"SMITH"},{"data":"Defend_R","floor":46,"key":"PURGE"},{"data":"Strike_R","floor":49,"key":"PURGE"}],"neow_cost":"NONE","seed_source_timestamp":14641961204858,"circlet_count":0,"master_deck":["Defend_R+1","Defend_R","Bash+1","Flex+1","Heavy Blade+1","Cleave","Heavy Blade+1","Flex+1","Flame Barrier+1","Feed+1","Armaments+1","Shockwave+1","Demon Form+1","True Grit+1","Limit Break+1","Whirlwind+1","Battle Trance+1","Limit Break+1","Flame Barrier+1"],"special_seed":0,"relics":["Burning Blood","NeowsBlessing","Gremlin Horn","Toxic Egg 2","Smiling Mask","Coffee Dripper","Mercury Hourglass","Nilry\u0027s Codex","MawBank","Cursed Key","Peace Pipe","Paper Frog","PreservedInsect","DollysMirror","Bronze Scales","Bottled Tornado"],"potions_floor_usage":[47,50,50,50],"damage_taken":[{"damage":0.0,"enemies":"Cultist","floor":1.0,"turns":1.0},{"damage":0.0,"enemies":"Small Slimes","floor":4.0,"turns":1.0},{"damage":0.0,"enemies":"Lagavulin","floor":7.0,"turns":1.0},{"damage":0.0,"enemies":"The Mushroom Lair","floor":10.0,"turns":1.0},{"damage":0.0,"enemies":"2 Louse","floor":11.0,"turns":1.0},{"damage":10.0,"enemies":"Looter","floor":12.0,"turns":3.0},{"damage":6.0,"enemies":"Gremlin Nob","floor":13.0,"turns":3.0},{"damage":0.0,"enemies":"2 Fungi Beasts","floor":14.0,"turns":3.0},{"damage":60.0,"enemies":"Hexaghost","floor":16.0,"turns":10.0},{"damage":10.0,"enemies":"Shell Parasite","floor":18.0,"turns":3.0},{"damage":0.0,"enemies":"Spheric Guardian","floor":19.0,"turns":1.0},{"damage":0.0,"enemies":"Chosen and Byrds","floor":24.0,"turns":4.0},{"damage":0.0,"enemies":"3 Cultists","floor":25.0,"turns":3.0},{"damage":2.0,"enemies":"Snake Plant","floor":27.0,"turns":3.0},{"damage":19.0,"enemies":"Snecko","floor":29.0,"turns":5.0},{"damage":28.0,"enemies":"Slavers","floor":31.0,"turns":4.0},{"damage":29.0,"enemies":"Collector","floor":33.0,"turns":7.0},{"damage":34.0,"enemies":"3 Darklings","floor":35.0,"turns":5.0},{"damage":5.0,"enemies":"3 Shapes","floor":37.0,"turns":5.0},{"damage":0,"enemies":"Mind Bloom Boss Battle","floor":41,"turns":3},{"damage":28,"enemies":"Giant Head","floor":44,"turns":6},{"damage":2,"enemies":"Spire Growth","floor":47,"turns":4},{"damage":10,"enemies":"Awakened One","floor":50,"turns":5}],"seed_played":"8542204498584692184","potions_obtained":[{"floor":3.0,"key":"EssenceOfSteel"},{"floor":3.0,"key":"SmokeBomb"},{"floor":3.0,"key":"BloodPotion"},{"floor":11.0,"key":"Explosive Potion"},{"floor":14.0,"key":"Block Potion"},{"floor":18.0,"key":"Regen Potion"},{"floor":19.0,"key":"Energy Potion"},{"floor":31.0,"key":"Explosive Potion"},{"floor":37.0,"key":"Explosive Potion"},{"floor":44,"key":"Energy Potion"},{"floor":47,"key":"Dexterity Potion"}],"is_trial":false,"path_per_floor":["M","$","?","M","?","R","E","R","T","?","M","M","E","M","R","B",null,"M","M","?","?","$","R","M","M","T","M","?","M","R","E","R","B",null,"M","?","M","?","?","R","?","$","T","E","$","R","M","$","R","B",null],"character_chosen":"IRONCLAD","items_purchased":["Heavy Blade","Paper Frog","PreservedInsect","Battle Trance+1","DollysMirror","PowerPotion"],"campfire_rested":0,"item_purchase_floors":[2,42,42,42,42,48],"current_hp_per_floor":[80,80,80,80,85,85,85,85,85,85,85,81,85,85,85,31,85,84,88,88,88,88,88,91,94,94,94,78,65,65,43,43,35,94,66,66,70,70,70,70,76,76,76,54,54,54,58,58,58,58],"gold":10,"neow_bonus":"THREE_ENEMY_KILL","is_prod":false,"is_daily":false,"chose_seed":false,"campfire_upgraded":7,"win_rate":0,"timestamp":1556005246,"path_taken":["M","?","?","?","?","R","E","R","T","?","M","M","E","M","R","BOSS","M","M","?","?","$","R","M","M","T","M","?","M","R","E","R","BOSS","M","?","M","?","?","R","?","$","T","E","?","R","?","?","R","BOSS"],"build_version":"2019-01-23","purchased_purges":4,"victory":true,"max_hp_per_floor":[80,80,80,80,85,85,85,85,85,85,85,85,85,85,85,85,85,88,88,88,88,88,88,91,94,94,94,94,94,94,94,94,94,94,94,94,97,97,97,97,97,97,97,97,97,97,97,97,97,101],"card_choices":[{"not_picked":["True Grit","Shrug It Off"],"picked":"Flex","floor":1.0},{"not_picked":["Sever Soul","Combust"],"picked":"Cleave","floor":4.0},{"not_picked":["Entrench","Sever Soul"],"picked":"Heavy Blade","floor":7.0},{"not_picked":["Burning Pact+1","Wild Strike","Anger"],"picked":"SKIP","floor":11.0},{"not_picked":["Havoc+1","Sword Boomerang"],"picked":"Flex+1","floor":12.0},{"not_picked":["Dark Embrace","Wild Strike"],"picked":"Flame Barrier+1","floor":13.0},{"not_picked":["Pommel Strike","Anger","Clash"],"picked":"SKIP","floor":14.0},{"not_picked":["Reaper","Barricade"],"picked":"Feed","floor":16.0},{"not_picked":["Headbutt","Carnage"],"picked":"Armaments+1","floor":18.0},{"not_picked":["Cleave","Clothesline"],"picked":"Shockwave+1","floor":19.0},{"not_picked":["Sever Soul","Cleave+1","Iron Wave+1"],"picked":"SKIP","floor":24.0},{"not_picked":["Rampage","Armaments+1","Sentinel+1"],"picked":"SKIP","floor":25.0},{"not_picked":["Body Slam","Infernal Blade+1"],"picked":"Demon Form","floor":27.0},{"not_picked":["Body Slam+1","Heavy Blade"],"picked":"True Grit+1","floor":29.0},{"not_picked":["Rampage+1","Wild Strike","Hemokinesis"],"picked":"SKIP","floor":31.0},{"not_picked":["Demon Form","Berserk"],"picked":"Limit Break+1","floor":33.0},{"not_picked":["Rage+1","Body Slam","Iron Wave"],"picked":"SKIP","floor":35.0},{"not_picked":["Apotheosis+1","Transmutation+1"],"picked":"Secret Technique+1","floor":36.0},{"not_picked":["Disarm+1","Headbutt+1"],"picked":"Whirlwind+1","floor":37.0},{"not_picked":["Clash+1","Sword Boomerang"],"picked":"Flame Barrier+1","floor":44},{"not_picked":["Rampage+1","Thunderclap+1","Pommel Strike+1"],"picked":"SKIP","floor":47}],"player_experience":1286277,"relics_obtained":[{"floor":7.0,"key":"Gremlin Horn"},{"floor":9.0,"key":"Toxic Egg 2"},{"floor":13.0,"key":"Smiling Mask"},{"floor":26.0,"key":"Mercury Hourglass"},{"floor":28.0,"key":"Nilry\u0027s Codex"},{"floor":31.0,"key":"MawBank"},{"floor":41,"key":"Peace Pipe"},{"floor":43,"key":"Bronze Scales"},{"floor":44,"key":"Bottled Tornado"}],"event_choices":[{"damage_healed":0.0,"max_hp_gain":0.0,"max_hp_loss":0.0,"gold_gain":0.0,"event_name":"Lab","player_choice":"Got Potions","floor":3.0,"gold_loss":0.0,"damage_taken":0.0},{"damage_healed":0.0,"max_hp_gain":5.0,"max_hp_loss":0.0,"gold_gain":0.0,"event_name":"Big Fish","player_choice":"Donut","floor":5.0,"gold_loss":0.0,"damage_taken":0.0},{"damage_healed":0.0,"max_hp_gain":0.0,"max_hp_loss":0.0,"gold_gain":0.0,"event_name":"Mushrooms","player_choice":"Fought Mushrooms","floor":10.0,"gold_loss":0.0,"damage_taken":0.0},{"cards_removed":["Strike_R"],"damage_healed":0.0,"max_hp_gain":0.0,"max_hp_loss":0.0,"gold_gain":0.0,"event_name":"Beggar","player_choice":"Gave Gold","floor":20.0,"gold_loss":75.0,"damage_taken":0.0},{"cards_removed":["Strike_R"],"damage_healed":0.0,"max_hp_gain":0.0,"max_hp_loss":0.0,"gold_gain":0.0,"event_name":"Back to Basics","player_choice":"Elegance","floor":21.0,"gold_loss":0.0,"damage_taken":0.0},{"damage_healed":0.0,"max_hp_gain":0.0,"max_hp_loss":0.0,"gold_gain":0.0,"event_name":"Cursed Tome","player_choice":"Obtained Book","floor":28.0,"gold_loss":0.0,"damage_taken":16.0},{"damage_healed":0.0,"max_hp_gain":0.0,"max_hp_loss":0.0,"gold_gain":0.0,"event_name":"SensoryStone","player_choice":"Memory 1","floor":36.0,"gold_loss":0.0,"damage_taken":0.0},{"damage_healed":0,"gold_gain":0,"player_choice":"Ignored","damage_taken":0,"max_hp_gain":0,"max_hp_loss":0,"event_name":"Mysterious Sphere","floor":38,"gold_loss":0},{"cards_removed":["Secret Technique"],"damage_healed":0,"gold_gain":0,"player_choice":"Removed Skill","damage_taken":0,"max_hp_gain":0,"max_hp_loss":0,"event_name":"Falling","floor":39,"gold_loss":0},{"damage_healed":0,"gold_gain":0,"player_choice":"Fight","damage_taken":0,"max_hp_gain":0,"max_hp_loss":0,"event_name":"MindBloom","floor":41,"gold_loss":0}],"is_beta":false,"boss_relics":[{"not_picked":["Snecko Eye","Lizard Tail"],"picked":"Coffee Dripper"},{"not_picked":["Eternal Feather","Orrery"],"picked":"Cursed Key"}],"items_purged_floors":[22,42,45,48],"is_endless":false,"potions_floor_spawned":[4,10,11,12,14,18,19,31,37,44,47],"ascension_level":0}