{"gold_per_floor":[118,137,147,1,1,27,40,70,148,148,167,195,244,261,261,364,414,426,426,326,338,78,78,113,113,137,137,150,150,168,168,168,168],"floor_reached":33,"playtime":3062,"items_purged":["Strike_B","Decay"],"score":339,"play_id":"93f8dfc6-a32c-4340-9498-af5101e2863f","local_time":"20181213182417","is_ascension_mode":true,"campfire_choices":[{"floor":10,"key":"REST"},{"data":"Consume","floor":15,"key":"SMITH"},{"data":"Capacitor","floor":23,"key":"SMITH"},{"data":"Fusion","floor":25,"key":"SMITH"},{"data":"Thunder Strike","floor":27,"key":"SMITH"},{"floor":29,"key":"REST"},{"floor":32,"key":"REST"}],"neow_cost":"NONE","seed_source_timestamp":87472725356301,"circlet_count":0,"master_deck":["Strike_B","Strike_B","Strike_B","Defend_B","Defend_B","Defend_B","Defend_B","Zap","Dualcast","Self Repair","Leap","Self Repair","Capacitor+1","Zap","Coolheaded+1","Fusion+1","Consume+1","Barrage","Thunder Strike+1","Redo","Rebound+1","Thunder Strike","Cold Snap","Electrodynamics","Coolheaded","Ball Lightning","Coolheaded","Auto Shields+1"],"relics":["Cracked Core","Orichalcum","Dodecahedron","Torii","Question Card","Centennial Puzzle","Strawberry","Tiny House","Potion Belt","Bag of Preparation","Pen Nib"],"potions_floor_usage":[6,16,21,24,33,33],"damage_taken":[{"damage":1,"enemies":"Cultist","floor":1,"turns":3},{"damage":8,"enemies":"Jaw Worm","floor":2,"turns":4},{"damage":0,"enemies":"2 Louse","floor":3,"turns":3},{"damage":25,"enemies":"Gremlin Nob","floor":6,"turns":4},{"damage":19,"enemies":"Blue Slaver","floor":7,"turns":5},{"damage":25,"enemies":"3 Sentries","floor":8,"turns":9},{"damage":0,"enemies":"Large Slime","floor":11,"turns":6},{"damage":12,"enemies":"Lagavulin","floor":12,"turns":8},{"damage":10,"enemies":"3 Louse","floor":14,"turns":5},{"damage":9,"enemies":"The Guardian","floor":16,"turns":11},{"damage":19,"enemies":"Shell Parasite","floor":18,"turns":6},{"damage":20,"enemies":"3 Byrds","floor":21,"turns":6},{"damage":25,"enemies":"Gremlin Leader","floor":24,"turns":6},{"damage":35,"enemies":"Snake Plant","floor":28,"turns":5},{"damage":11,"enemies":"Centurion and Healer","floor":30,"turns":7},{"damage":96,"enemies":"Automaton","floor":33,"turns":8}],"seed_played":"-832796322395543279","potions_obtained":[{"floor":1,"key":"Fire Potion"},{"floor":11,"key":"Swift Potion"},{"floor":12,"key":"Block Potion"},{"floor":14,"key":"PowerPotion"},{"floor":17,"key":"SpeedPotion"},{"floor":21,"key":"Fruit Juice"},{"floor":24,"key":"Explosive Potion"}],"is_trial":false,"path_per_floor":["M","M","M","$","?","E","M","E","T","R","M","E","T","M","R","B",null,"M","?","$","M","$","R","E","R","T","R","M","R","M","T","R","B"],"character_chosen":"DEFECT","items_purchased":["Capacitor","Electrodynamics","Coolheaded","Ball Lightning"],"campfire_rested":3,"item_purchase_floors":[4,22,22,22],"current_hp_per_floor":[74,73,75,75,75,64,59,48,48,70,75,75,82,82,82,82,87,82,82,82,81,81,81,70,70,70,70,35,62,58,58,85,0],"gold":168,"neow_bonus":"RANDOM_COMMON_RELIC","is_prod":false,"is_daily":false,"chose_seed":false,"campfire_upgraded":4,"win_rate":0,"timestamp":1544739857,"path_taken":["M","M","M","$","?","E","?","E","T","R","M","E","?","M","R","BOSS","M","?","$","M","?","R","E","R","T","R","M","R","M","?","R","BOSS"],"build_version":"2018-12-06","purchased_purges":2,"victory":false,"max_hp_per_floor":[75,75,75,75,75,75,75,75,75,75,75,75,82,82,82,82,87,87,87,87,92,92,92,92,92,92,92,92,92,92,92,92,92],"card_choices":[{"not_picked":["FTL","Reprogram"],"picked":"Self Repair","floor":1},{"not_picked":["White Noise","Barrage"],"picked":"Leap","floor":2},{"not_picked":["Storm","Blizzard"],"picked":"Self Repair","floor":3},{"not_picked":["Cold Snap","Streamline"],"picked":"Coolheaded","floor":6},{"not_picked":["Sweeping Beam","Lockon","Go for the Eyes"],"picked":"SKIP","floor":7},{"not_picked":["Aggregate","Steam","Gash"],"picked":"SKIP","floor":8},{"not_picked":["BootSequence","Conserve Battery","Steam"],"picked":"Fusion","floor":11},{"not_picked":["Leap","Double Energy","Gash"],"picked":"Consume","floor":12},{"not_picked":["Stack","Hologram","Steam"],"picked":"Barrage","floor":14},{"not_picked":["Rainbow","Amplify","Reboot"],"picked":"Thunder Strike","floor":16},{"not_picked":["Heatsinks","Compile Driver","Stack"],"picked":"Redo","floor":17},{"not_picked":["Scrape+1","Cold Snap","Compile Driver"],"picked":"Rebound+1","floor":18},{"not_picked":["Blizzard","Darkness","Chill"],"picked":"Cold Snap","floor":21},{"not_picked":["All For One","Hologram","Go for the Eyes"],"picked":"Coolheaded","floor":24},{"not_picked":["Hologram","Sweeping Beam","Core Surge"],"picked":"Auto Shields+1","floor":28},{"not_picked":["Redo","Gash","Recycle","Skim+1"],"picked":"SKIP","floor":30}],"player_experience":107992,"relics_obtained":[{"floor":6,"key":"Dodecahedron"},{"floor":8,"key":"Torii"},{"floor":9,"key":"Question Card"},{"floor":12,"key":"Centennial Puzzle"},{"floor":13,"key":"Strawberry"},{"floor":24,"key":"Potion Belt"},{"floor":26,"key":"Bag of Preparation"},{"floor":31,"key":"Pen Nib"}],"event_choices":[{"damage_healed":0,"gold_gain":0,"player_choice":"2 cards matched","damage_taken":0,"max_hp_gain":0,"max_hp_loss":0,"event_name":"Match and Keep!","floor":5,"gold_loss":0,"cards_obtained":["Decay","Zap"]},{"damage_healed":0,"gold_gain":0,"player_choice":"Copied","damage_taken":0,"max_hp_gain":0,"max_hp_loss":0,"event_name":"Duplicator","floor":19,"gold_loss":0,"cards_obtained":["Thunder Strike"]}],"is_beta":false,"boss_relics":[{"not_picked":["Ectoplasm","FrozenCore"],"picked":"Tiny House"}],"items_purged_floors":[4,20],"is_endless":false,"potions_floor_spawned":[1,11,12,14,21,24],"killed_by":"Automaton","ascension_level":2}