{"gold_per_floor":[361,376,42,61,61,96,96,124,180,191,206,220,65,92,92,196,196,213,213,213,19,419,448,448,480,480,480,495,513,513,123,123,220,220,238,238,249,269,66,98,98,125,125,139,139,14,14,31,31,31],"floor_reached":51,"playtime":2311,"items_purged":["Strike_G","Strike_G","Strike_G"],"score":1063,"play_id":"2f5402cf-53c3-4628-9a19-d01eea6d2ea8","local_time":"20181030005217","is_ascension_mode":false,"campfire_choices":[{"data":"Leg Sweep","floor":7.0,"key":"SMITH"},{"data":"Footwork","floor":15.0,"key":"SMITH"},{"data":"After Image","floor":24.0,"key":"SMITH"},{"data":"1","floor":27.0,"key":"LIFT"},{"data":"2","floor":30.0,"key":"LIFT"},{"data":"3","floor":32.0,"key":"LIFT"},{"data":"Neutralize","floor":41,"key":"SMITH"},{"data":"Noxious Fumes","floor":45,"key":"SMITH"},{"data":"Cloak And Dagger","floor":47,"key":"SMITH"},{"floor":49,"key":"DIG"}],"neow_cost":"TEN_PERCENT_HP_LOSS","seed_source_timestamp":426891198181423,"circlet_count":0,"master_deck":["Defend_G","Defend_G","Defend_G","Defend_G","Defend_G","Survivor","Neutralize+1","Cloak And Dagger+1","Blur","Leg Sweep+1","Dash+1","Die Die Die+1","Dagger Spray+1","Footwork+1","Deadly Poison","Noxious Fumes","After Image+1","Backflip","Wraith Form v2","Noxious Fumes+1","Riddle With Holes+1","Dodge and Roll+1","Adrenaline+1","Blur+1"],"special_seed":0,"relics":["Ring of the Snake","Molten Egg 2","Anchor","Potion Belt","Tiny Chest","Vajra","Girya","Busted Crown","Pen Nib","Old Coin","Toxic Egg 2","Ninja Scroll","Pear","Matryoshka","Pantograph","Eternal Feather","Paper Crane","Strawberry","Shovel","PreservedInsect","Shuriken","Turnip"],"potions_floor_usage":[35,50,50,50,50,50,50,50,50],"damage_taken":[{"damage":1.0,"enemies":"Jaw Worm","floor":1.0,"turns":7.0},{"damage":0.0,"enemies":"Small Slimes","floor":2.0,"turns":3.0},{"damage":0.0,"enemies":"2 Louse","floor":4.0,"turns":4.0},{"damage":44.0,"enemies":"Gremlin Nob","floor":6.0,"turns":8.0},{"damage":12.0,"enemies":"3 Sentries","floor":8.0,"turns":9.0},{"damage":0.0,"enemies":"2 Fungi Beasts","floor":10.0,"turns":1.0},{"damage":0.0,"enemies":"Blue Slaver","floor":11.0,"turns":2.0},{"damage":0.0,"enemies":"Large Slime","floor":12.0,"turns":7.0},{"damage":0.0,"enemies":"Gremlin Nob","floor":14.0,"turns":4.0},{"damage":0.0,"enemies":"The Guardian","floor":16.0,"turns":12.0},{"damage":0.0,"enemies":"Chosen","floor":18.0,"turns":5.0},{"damage":0.0,"enemies":"Colosseum Slavers","floor":22.0,"turns":5.0},{"damage":0.0,"enemies":"Colosseum Nobs","floor":22.0,"turns":5.0},{"damage":8.0,"enemies":"Slavers","floor":23.0,"turns":5.0},{"damage":2.0,"enemies":"Book of Stabbing","floor":25.0,"turns":7.0},{"damage":0.0,"enemies":"Spheric Guardian","floor":28.0,"turns":1.0},{"damage":0.0,"enemies":"Centurion and Healer","floor":29.0,"turns":8.0},{"damage":0.0,"enemies":"Automaton","floor":33.0,"turns":9.0},{"damage":0,"enemies":"3 Darklings","floor":35,"turns":1},{"damage":0,"enemies":"Orb Walker","floor":37,"turns":3},{"damage":0,"enemies":"Sphere and 2 Shapes","floor":38,"turns":5},{"damage":0,"enemies":"Reptomancer","floor":40,"turns":4},{"damage":31,"enemies":"Nemesis","floor":42,"turns":11},{"damage":0,"enemies":"Transient","floor":44,"turns":5},{"damage":0,"enemies":"3 Darklings","floor":48,"turns":3},{"damage":0,"enemies":"Donu and Deca","floor":50,"turns":9}],"seed_played":"5569356941552263317","potions_obtained":[{"floor":1.0,"key":"Dexterity Potion"},{"floor":4.0,"key":"Regen Potion"},{"floor":12.0,"key":"EssenceOfSteel"},{"floor":18.0,"key":"AttackPotion"},{"floor":22.0,"key":"PowerPotion"},{"floor":23.0,"key":"GhostInAJar"},{"floor":28.0,"key":"Poison Potion"},{"floor":35,"key":"Fruit Juice"},{"floor":38,"key":"SkillPotion"},{"floor":40,"key":"EssenceOfSteel"}],"is_trial":false,"path_per_floor":["M","M","$","M","?","E","R","E","T","M","M","M","$","E","R","B",null,"M","?","?","$","?","E","R","E","T","R","M","M","R","$","R","B",null,"M","?","M","M","$","E","R","E","T","M","R","$","R","M","R","B"],"character_chosen":"THE_SILENT","items_purchased":["Molten Egg 2","Leg Sweep","Vajra","Riddle With Holes+1","Pen Nib","Adrenaline+1","Pantograph","EntropicBrew"],"campfire_rested":0,"item_purchase_floors":[3,3,13,21,21,31,31,39],"current_hp_per_floor":[62,62,62,62,62,18,18,21,21,21,21,21,21,21,21,21,63,63,63,63,63,63,55,55,63,63,63,63,63,63,63,63,73,73,78,78,78,78,78,85,85,54,54,54,66,66,78,78,85,85],"gold":31,"neow_bonus":"TWO_FIFTY_GOLD","is_prod":false,"is_daily":false,"chose_seed":false,"campfire_upgraded":6,"win_rate":0,"timestamp":1540875137,"path_taken":["M","M","$","M","?","E","R","E","T","M","M","M","$","E","R","BOSS","M","?","?","$","?","E","R","E","T","R","M","M","R","$","R","BOSS","M","?","M","M","$","E","R","E","T","M","R","?","R","?","R","BOSS"],"build_version":"2018-10-29v2","purchased_purges":3,"victory":true,"max_hp_per_floor":[63,63,63,63,63,63,63,63,63,63,63,63,63,63,63,63,63,63,63,63,63,63,63,63,73,73,73,73,73,73,73,73,73,73,78,78,78,78,78,85,85,85,85,85,85,85,85,85,85,85],"card_choices":[{"not_picked":["Terror","Riddle With Holes"],"picked":"Cloak And Dagger","floor":1.0},{"not_picked":["Blade Dance","Quick Slash"],"picked":"Blur","floor":2.0},{"not_picked":["Deadly Poison","PiercingWail"],"picked":"Dash+1","floor":4.0},{"not_picked":["Quick Slash+1","Dodge and Roll"],"picked":"Die Die Die+1","floor":6.0},{"not_picked":["Acrobatics","Envenom"],"picked":"Dagger Spray+1","floor":8.0},{"not_picked":["Predator+1","Bane+1"],"picked":"Footwork","floor":10.0},{"not_picked":["Outmaneuver","Catalyst"],"picked":"Deadly Poison","floor":11.0},{"not_picked":["Flying Knee+1","Underhanded Strike+1"],"picked":"Noxious Fumes","floor":12.0},{"not_picked":["Eviscerate+1","Outmaneuver","Underhanded Strike+1"],"picked":"SKIP","floor":14.0},{"not_picked":["Wraith Form v2","Tools of the Trade"],"picked":"After Image","floor":16.0},{"not_picked":[],"picked":"Backflip","floor":18.0},{"not_picked":["Concentrate+1"],"picked":"SKIP","floor":23.0},{"not_picked":[],"picked":"Dodge and Roll+1","floor":25.0},{"not_picked":["Underhanded Strike+1"],"picked":"SKIP","floor":28.0},{"not_picked":["Bane+1"],"picked":"SKIP","floor":29.0},{"not_picked":["Caltrops"],"picked":"SKIP","floor":35},{"not_picked":["Riddle With Holes+1"],"picked":"SKIP","floor":37},{"not_picked":["Deflect+1"],"picked":"SKIP","floor":38},{"not_picked":["Flying Knee+1"],"picked":"SKIP","floor":40},{"not_picked":["Outmaneuver+1"],"picked":"SKIP","floor":42},{"not_picked":["Bane+1"],"picked":"SKIP","floor":44},{"not_picked":[],"picked":"Blur+1","floor":48}],"player_experience":744417,"relics_obtained":[{"floor":6.0,"key":"Anchor"},{"floor":8.0,"key":"Potion Belt"},{"floor":9.0,"key":"Tiny Chest"},{"floor":14.0,"key":"Girya"},{"floor":22.0,"key":"Old Coin"},{"floor":22.0,"key":"Toxic Egg 2"},{"floor":23.0,"key":"Ninja Scroll"},{"floor":25.0,"key":"Pear"},{"floor":26.0,"key":"Matryoshka"},{"floor":40,"key":"Strawberry"},{"floor":42,"key":"Shovel"},{"floor":43,"key":"PreservedInsect"},{"floor":43,"key":"Shuriken"},{"floor":49,"key":"Turnip"}],"event_choices":[{"damage_healed":0.0,"max_hp_gain":0.0,"max_hp_loss":0.0,"gold_gain":0.0,"event_name":"Liars Game","player_choice":"Ignored","floor":5.0,"gold_loss":0.0,"damage_taken":0.0},{"damage_healed":0.0,"max_hp_gain":0.0,"max_hp_loss":0.0,"gold_gain":0.0,"cards_transformed":["Strike_G","Strike_G"],"event_name":"Drug Dealer","player_choice":"Became Test Subject","floor":19.0,"gold_loss":0.0,"damage_taken":0.0,"cards_obtained":["Wraith Form v2","Noxious Fumes"]},{"damage_healed":0.0,"max_hp_gain":0.0,"max_hp_loss":0.0,"gold_gain":0.0,"event_name":"Colosseum","player_choice":"Fight","floor":22.0,"gold_loss":0.0,"damage_taken":0.0},{"damage_healed":0.0,"max_hp_gain":0.0,"max_hp_loss":0.0,"gold_gain":0.0,"event_name":"Colosseum","player_choice":"Fought Nobs","floor":22.0,"gold_loss":0.0,"damage_taken":0.0},{"damage_healed":0,"gold_gain":0,"player_choice":"Gave Potion","damage_taken":0,"relics_obtained":["Paper Crane"],"max_hp_gain":0,"max_hp_loss":0,"event_name":"WeMeetAgain","floor":36,"gold_loss":0}],"is_beta":true,"boss_relics":[{"not_picked":["Tiny House","Fusion Hammer"],"picked":"Busted Crown"},{"not_picked":["Cursed Key","Orrery"],"picked":"Eternal Feather"}],"items_purged_floors":[31,39,46],"is_endless":false,"potions_floor_spawned":[1,4,12,18,22,22,23,28,35,38,40,48],"ascension_level":0}