{"gold_per_floor":[11,11,11,22,42,71,27,27,27,27,47,58,58,68,68,143,143,160,160,85,85,0,0],"floor_reached":23,"playtime":3205,"items_purged":["Decay"],"score":378,"play_id":"3aaa0486-1e93-4414-9ce7-4541fa3a1cd2","local_time":"20181007214052","is_ascension_mode":true,"campfire_choices":[{"data":"Footwork","floor":8.0,"key":"SMITH"},{"data":"Dash","floor":10.0,"key":"SMITH"},{"data":"Footwork","floor":13.0,"key":"SMITH"},{"data":"Malaise","floor":15.0,"key":"SMITH"}],"neow_cost":"NO_GOLD","seed_source_timestamp":1010756581795383,"circlet_count":0,"master_deck":["Defend_G","Defend_G","Defend_G","Defend_G","Strike_G","Strike_G","Strike_G","Survivor","Neutralize","AscendersBane","Malaise+1","Leg Sweep","Dagger Spray","Dash+1","Quick Slash","Footwork+1","Footwork+1","Unload","Wraith Form v2+1","Noxious Fumes+1","Setup+1","Noxious Fumes","Deadly Poison"],"special_seed":0,"relics":["Ring of the Snake","Turnip","PreservedInsect","Darkstone Periapt","Astrolabe"],"potions_floor_usage":[23],"damage_taken":[{"damage":0.0,"enemies":"Small Slimes","floor":1.0,"turns":4.0},{"damage":2.0,"enemies":"Cultist","floor":4.0,"turns":5.0},{"damage":0.0,"enemies":"2 Louse","floor":5.0,"turns":4.0},{"damage":36.0,"enemies":"3 Sentries","floor":6.0,"turns":16.0},{"damage":0.0,"enemies":"Blue Slaver","floor":11.0,"turns":6.0},{"damage":0.0,"enemies":"Large Slime","floor":12.0,"turns":9.0},{"damage":0.0,"enemies":"Looter","floor":14.0,"turns":4.0},{"damage":6.0,"enemies":"The Guardian","floor":16.0,"turns":25.0},{"damage":28,"enemies":"3 Byrds","floor":18,"turns":7},{"damage":2,"enemies":"2 Thieves","floor":22,"turns":5},{"damage":3,"enemies":"Slavers","floor":23,"turns":4}],"seed_played":"7376666332365192426","potions_obtained":[{"floor":1.0,"key":"Swift Potion"},{"floor":6.0,"key":"GamblersBrew"},{"floor":16.0,"key":"Weak Potion"}],"is_trial":false,"path_per_floor":["M","?","?","M","M","E","$","R","T","R","M","M","R","M","R","B",null,"M","?","$","?","M"],"character_chosen":"THE_SILENT","items_purchased":["Footwork"],"campfire_rested":0,"item_purchase_floors":[7],"current_hp_per_floor":[59,59,59,57,57,21,21,21,21,21,21,21,21,21,21,15,53,25,31,31,31,29,26],"gold":0,"neow_bonus":"THREE_RARE_CARDS","is_prod":false,"is_daily":false,"chose_seed":false,"campfire_upgraded":4,"win_rate":0,"timestamp":1538962852,"path_taken":["M","?","?","M","?","E","$","R","T","R","M","?","R","M","R","BOSS","M","?","$","?","?","E"],"build_version":"2018-10-04","purchased_purges":1,"victory":false,"max_hp_per_floor":[66,66,66,66,66,66,66,66,66,66,66,66,66,66,66,66,66,66,72,72,72,72,72],"card_choices":[{"not_picked":["Envenom","Unload"],"picked":"Malaise","floor":0.0},{"not_picked":["Dagger Throw","Quick Slash"],"picked":"Leg Sweep","floor":1.0},{"not_picked":["Sucker Punch","Blade Dance"],"picked":"Dagger Spray","floor":4.0},{"not_picked":["All Out Attack","Quick Slash"],"picked":"Dash","floor":5.0},{"not_picked":["Eviscerate","Outmaneuver"],"picked":"Quick Slash","floor":6.0},{"not_picked":["Underhanded Strike","Infinite Blades"],"picked":"Footwork","floor":11.0},{"not_picked":["Dagger Spray","PiercingWail","Blade Dance"],"picked":"SKIP","floor":12.0},{"not_picked":["Accuracy","Cloak And Dagger","Underhanded Strike"],"picked":"SKIP","floor":14.0},{"not_picked":["Burst","Phantasmal Killer"],"picked":"Unload","floor":16.0},{"not_picked":["Bane","Poisoned Stab"],"picked":"Noxious Fumes","floor":18},{"not_picked":["Bane+1","Underhanded Strike+1"],"picked":"Deadly Poison","floor":22}],"player_experience":672679,"relics_obtained":[{"floor":6.0,"key":"PreservedInsect"},{"floor":9.0,"key":"Darkstone Periapt"}],"event_choices":[{"event_name":"WeMeetAgain","player_choice":"Potion","floor":2.0,"damage_taken":0.0},{"event_name":"The Cleric","player_choice":"Leave","floor":3.0,"damage_taken":0.0},{"event_name":"Forgotten Altar","player_choice":"Smashed Altar","floor":19,"damage_taken":0},{"event_name":"Cursed Tome","player_choice":"Ignored","floor":21,"damage_taken":0}],"is_beta":true,"boss_relics":[{"not_picked":["White Beast Statue","Tiny House"],"picked":"Astrolabe"}],"items_purged_floors":[20],"is_endless":false,"potions_floor_spawned":[1,6,16],"killed_by":"Slavers","ascension_level":20}