{"gold_per_floor":[114,114,129,146,165,165,196,196,222,222,235,247,172,172,172,275,275,285,185,201,251],"floor_reached":21,"playtime":1176,"items_purged":["Strike_G","Strike_G"],"score":281,"play_id":"00e6830d-17a7-43d2-af22-9765b1a9af4e","local_time":"20190423192954","is_ascension_mode":true,"campfire_choices":[{"data":"Reflex","floor":6,"key":"SMITH"},{"data":"Adrenaline","floor":8,"key":"SMITH"},{"data":"Acrobatics","floor":10,"key":"SMITH"},{"data":"Deadly Poison","floor":15,"key":"SMITH"}],"neow_cost":"NONE","seed_source_timestamp":34872795281764,"circlet_count":0,"master_deck":["AscendersBane","Defend_G","Defend_G","Defend_G","Defend_G","Defend_G","Strike_G","Strike_G","Strike_G","Survivor","Neutralize","Reflex+1","Deadly Poison+1","Acrobatics+1","Adrenaline+1","Tools of the Trade","Backflip","Adrenaline"],"relics":["Ring of the Snake","Strawberry","Lantern","Orichalcum","SsserpentHead","Runic Pyramid"],"potions_floor_usage":[7,12,20,21],"damage_taken":[{"damage":0,"enemies":"Jaw Worm","floor":1,"turns":5},{"damage":1,"enemies":"2 Louse","floor":3,"turns":3},{"damage":1,"enemies":"Cultist","floor":4,"turns":4},{"damage":10,"enemies":"Blue Slaver","floor":5,"turns":5},{"damage":20,"enemies":"Gremlin Nob","floor":7,"turns":5},{"damage":18,"enemies":"Large Slime","floor":11,"turns":7},{"damage":1,"enemies":"Looter","floor":12,"turns":4},{"damage":32,"enemies":"Hexaghost","floor":16,"turns":12},{"damage":5,"enemies":"Shell Parasite","floor":18,"turns":6},{"damage":20,"enemies":"3 Byrds","floor":20,"turns":4},{"damage":28,"enemies":"3 Cultists","floor":21,"turns":6}],"seed_played":"-3211025725387489424","potions_obtained":[{"floor":4,"key":"GhostInAJar"},{"floor":7,"key":"GhostInAJar"},{"floor":11,"key":"Regen Potion"},{"floor":12,"key":"Explosive Potion"},{"floor":20,"key":"FearPotion"}],"is_trial":false,"path_per_floor":["M","?","M","M","M","R","E","R","T","R","M","M","$","?","R","B",null,"M","$","M","M"],"character_chosen":"THE_SILENT","items_purchased":[],"campfire_rested":0,"item_purchase_floors":[],"current_hp_per_floor":[70,75,74,73,63,63,43,43,43,43,25,36,36,36,36,4,63,58,58,38,10],"gold":251,"neow_bonus":"RANDOM_COMMON_RELIC","is_prod":false,"is_daily":false,"chose_seed":false,"campfire_upgraded":4,"win_rate":0,"timestamp":1556015394,"path_taken":["M","?","M","M","M","R","E","R","T","R","M","M","$","?","R","BOSS","M","$","M","?"],"build_version":"2019-01-23","purchased_purges":2,"victory":false,"max_hp_per_floor":[77,82,82,82,82,82,82,82,82,82,82,82,82,82,82,82,82,82,82,82,82],"card_choices":[{"not_picked":["Deflect","Dagger Throw"],"picked":"Reflex","floor":1},{"not_picked":["Dodge and Roll","Blade Dance"],"picked":"Deadly Poison","floor":3},{"not_picked":["Dash","Leg Sweep"],"picked":"Acrobatics","floor":4},{"not_picked":["Dodge and Roll","Blade Dance"],"picked":"Adrenaline","floor":5},{"not_picked":["Dodge and Roll","Dash"],"picked":"Tools of the Trade","floor":7},{"not_picked":["Underhanded Strike","Quick Slash"],"picked":"Backflip","floor":11},{"not_picked":["Skewer","Expertise","Deadly Poison"],"picked":"SKIP","floor":12},{"not_picked":["Phantasmal Killer","Wraith Form v2"],"picked":"Adrenaline","floor":16},{"not_picked":["Blade Dance","Deadly Poison","Skewer+1"],"picked":"SKIP","floor":18},{"not_picked":["Prepared","Outmaneuver","Noxious Fumes"],"picked":"SKIP","floor":20}],"player_experience":679455,"relics_obtained":[{"floor":7,"key":"Lantern"},{"floor":9,"key":"Orichalcum"}],"event_choices":[{"damage_healed":0,"gold_gain":0,"player_choice":"Donut","damage_taken":0,"max_hp_gain":5,"max_hp_loss":0,"event_name":"Big Fish","floor":2,"gold_loss":0},{"damage_healed":0,"gold_gain":0,"player_choice":"Trade","damage_taken":0,"relics_obtained":["SsserpentHead"],"max_hp_gain":0,"max_hp_loss":0,"event_name":"FaceTrader","floor":14,"gold_loss":0}],"is_beta":false,"boss_relics":[{"not_picked":["HoveringKite","Ectoplasm"],"picked":"Runic Pyramid"}],"items_purged_floors":[13,19],"is_endless":false,"potions_floor_spawned":[4,7,11,12,20],"killed_by":"3 Cultists","ascension_level":11}