{"gold_per_floor":[118,118,33,52,66,66,99,99,99,118,26,56,56,68,68,172,172,191,206,218,47,66,123,123,42,69,79,96,112,112,112,112,112],"floor_reached":33,"playtime":2469,"items_purged":[],"score":307,"play_id":"44855123-8772-4dad-8c6e-f863057367ae","local_time":"20181215104352","is_ascension_mode":true,"campfire_choices":[{"data":"Chaos","floor":6,"key":"SMITH"},{"data":"Zap","floor":8,"key":"SMITH"},{"data":"Capacitor","floor":15,"key":"SMITH"},{"floor":24,"key":"REST"},{"floor":30,"key":"REST"},{"floor":32,"key":"REST"}],"neow_cost":"NONE","seed_source_timestamp":233234838753374,"circlet_count":0,"master_deck":["Strike_B","Strike_B","Strike_B","Strike_B","Defend_B","Defend_B","Defend_B","Zap+1","Dualcast+1","Chaos+1","Coolheaded","Static Discharge","Conserve Battery","Glacier","Leap","Compile Driver","Ball Lightning","Static Discharge","Compile Driver","Capacitor+1","Thunder Strike","Ball Lightning","Redo","Darkness","Thunder Strike","Coolheaded","Redo+1","Ball Lightning","Fusion","Parasite","Reinforced Body+1","Capacitor","Loop"],"relics":["Cracked Core","Ancient Tea Set","Letter Opener","PreservedInsect","Orichalcum","Cursed Key","Tiny Chest","Bronze Scales"],"potions_floor_usage":[7,16,16,22,22,27,27],"damage_taken":[{"damage":6,"enemies":"Small Slimes","floor":1,"turns":2},{"damage":2,"enemies":"Jaw Worm","floor":4,"turns":3},{"damage":0,"enemies":"Cultist","floor":5,"turns":4},{"damage":1,"enemies":"Gremlin Nob","floor":7,"turns":4},{"damage":0,"enemies":"Exordium Wildlife","floor":10,"turns":2},{"damage":14,"enemies":"3 Sentries","floor":12,"turns":4},{"damage":0,"enemies":"Looter","floor":14,"turns":3},{"damage":7,"enemies":"Slime Boss","floor":16,"turns":7},{"damage":3,"enemies":"Spheric Guardian","floor":18,"turns":4},{"damage":24,"enemies":"3 Byrds","floor":19,"turns":3},{"damage":3,"enemies":"Centurion and Healer","floor":20,"turns":5},{"damage":0,"enemies":"Snake Plant","floor":22,"turns":4},{"damage":11,"enemies":"Gremlin Leader","floor":23,"turns":4},{"damage":20,"enemies":"3 Cultists","floor":27,"turns":4},{"damage":16,"enemies":"Shelled Parasite and Fungi","floor":28,"turns":4},{"damage":21,"enemies":"Chosen and Byrds","floor":29,"turns":6},{"damage":52,"enemies":"Automaton","floor":33,"turns":6}],"seed_played":"-6022104452264508812","potions_obtained":[{"floor":1,"key":"FocusPotion"},{"floor":10,"key":"Dexterity Potion"},{"floor":12,"key":"LiquidBronze"},{"floor":14,"key":"Poison Potion"},{"floor":16,"key":"FairyPotion"},{"floor":18,"key":"Dexterity Potion"},{"floor":20,"key":"Block Potion"},{"floor":22,"key":"EssenceOfSteel"},{"floor":23,"key":"Poison Potion"}],"is_trial":false,"path_per_floor":["M","?","$","M","M","R","E","R","T","M","$","E","?","M","R","B",null,"M","M","M","$","M","E","R","$","T","M","M","M","R","?","R","B"],"character_chosen":"DEFECT","items_purchased":["Coolheaded","Static Discharge","Ball Lightning","Static Discharge","Thunder Strike","Coolheaded","Fusion"],"campfire_rested":3,"item_purchase_floors":[3,3,11,11,21,21,25],"current_hp_per_floor":[69,62,62,60,60,60,59,59,59,59,59,45,45,45,45,38,75,72,48,45,45,45,34,56,56,56,36,20,7,29,29,51,0],"gold":112,"neow_bonus":"UPGRADE_CARD","is_prod":false,"is_daily":false,"chose_seed":false,"campfire_upgraded":3,"win_rate":0,"timestamp":1544885032,"path_taken":["M","?","$","M","M","R","E","R","T","M","$","E","?","?","R","BOSS","M","M","M","$","M","E","R","$","T","M","M","M","R","?","R","BOSS"],"build_version":"2018-12-13","purchased_purges":0,"victory":false,"max_hp_per_floor":[75,75,75,75,75,75,75,75,75,75,75,75,75,75,75,75,75,75,75,75,75,75,75,75,75,75,75,75,75,75,75,75,75],"card_choices":[{"not_picked":["Heatsinks","Barrage"],"picked":"Chaos","floor":1},{"not_picked":["Beam Cell","White Noise"],"picked":"Conserve Battery","floor":4},{"not_picked":["Ball Lightning","BootSequence"],"picked":"Glacier","floor":5},{"not_picked":["Streamline","Hyperbeam"],"picked":"Leap","floor":7},{"not_picked":["Go for the Eyes","Steam"],"picked":"Compile Driver","floor":10},{"not_picked":["Reboot","Hologram"],"picked":"Compile Driver","floor":12},{"not_picked":["Compile Driver","Cold Snap"],"picked":"Capacitor","floor":14},{"not_picked":["Amplify","Fission"],"picked":"Thunder Strike","floor":16},{"not_picked":["Steam+1","Genetic Algorithm+1"],"picked":"Ball Lightning","floor":18},{"not_picked":["Recycle","Conserve Battery"],"picked":"Redo","floor":19},{"not_picked":["Redo","Static Discharge"],"picked":"Darkness","floor":20},{"not_picked":["Tempest","Static Discharge"],"picked":"Redo+1","floor":22},{"not_picked":["Beam Cell","Compile Driver+1"],"picked":"Ball Lightning","floor":23},{"not_picked":["All For One","Beam Cell"],"picked":"Reinforced Body+1","floor":27},{"not_picked":["Steam+1","Cold Snap"],"picked":"Capacitor","floor":28},{"not_picked":["Go for the Eyes","Streamline"],"picked":"Loop","floor":29}],"player_experience":115030,"relics_obtained":[{"floor":7,"key":"Ancient Tea Set"},{"floor":9,"key":"Letter Opener"},{"floor":12,"key":"PreservedInsect"},{"floor":23,"key":"Tiny Chest"},{"floor":26,"key":"Bronze Scales"}],"event_choices":[{"cards_removed":["Defend_B"],"damage_healed":0,"gold_gain":0,"player_choice":"Card Removal","damage_taken":7,"max_hp_gain":0,"max_hp_loss":0,"event_name":"Golden Wing","floor":2,"gold_loss":0},{"damage_healed":0,"gold_gain":0,"player_choice":"Gave Potion","damage_taken":0,"relics_obtained":["Orichalcum"],"max_hp_gain":0,"max_hp_loss":0,"event_name":"WeMeetAgain","floor":13,"gold_loss":0},{"damage_healed":0,"gold_gain":0,"player_choice":"Ignored","damage_taken":0,"max_hp_gain":0,"max_hp_loss":0,"event_name":"Vampires","floor":31,"gold_loss":0}],"is_beta":false,"boss_relics":[{"not_picked":["Snecko Eye","Runic Pyramid"],"picked":"Cursed Key"}],"items_purged_floors":[],"is_endless":false,"potions_floor_spawned":[1,10,12,14,16,18,20,22,23],"killed_by":"Automaton","ascension_level":2}