{"gold_per_floor":[113,113,33,107,124,124,144,185,208,222,222,256,256,270,270,401,401,401,278,278,278,278,278,278,278,278,278,278,278,278,278,278,278,278,278,278,278,278,24,24,24,24,24,24,24,24,24,24,24,24],"floor_reached":51,"playtime":3061,"items_purged":["Defend_R"],"score":866,"play_id":"60d83fa5-12fd-4b34-8608-1cdeba483601","local_time":"20190424022246","is_ascension_mode":false,"campfire_choices":[{"data":"Armaments","floor":11,"key":"SMITH"},{"data":"Clothesline","floor":13,"key":"SMITH"},{"data":"Rage","floor":15,"key":"SMITH"},{"data":"Corruption","floor":28,"key":"SMITH"},{"data":"Shockwave","floor":32,"key":"SMITH"},{"data":"Barricade","floor":40,"key":"SMITH"},{"data":"Spot Weakness","floor":42,"key":"SMITH"},{"data":"Perfected Strike","floor":44,"key":"SMITH"},{"data":"True Grit","floor":49,"key":"SMITH"}],"neow_cost":"NONE","seed_source_timestamp":1004261683305200,"circlet_count":0,"master_deck":["Strike_R","Strike_R","Strike_R","Strike_R","Strike_R","Defend_R","Defend_R","Defend_R","Bash+1","Cleave","Clothesline+1","Shrug It Off","Armaments+1","Anger","Feel No Pain","Impervious","Rage+1","Feed","Pommel Strike","Corruption+1","Perfected Strike+1","True Grit+1","Shockwave+1","Feel No Pain","Fiend Fire","Spot Weakness+1","Body Slam","Battle Trance","Pommel Strike+1","Metallicize+1","Barricade+1","Perfected Strike+1","Disarm+1","Flame Barrier","Power Through+1","Shrug It Off","Blood for Blood+1","Body Slam+1","Immolate"],"relics":["Burning Blood","Red Skull","Golden Idol","Anchor","PreservedInsect","Blood Vial","Ectoplasm","Boot","Pen Nib","Sundial","Coffee Dripper","Bag of Preparation","Juzu Bracelet","Dodecahedron","Paper Frog","Vajra","Art of War"],"potions_floor_usage":[8,23,33,33,45,50,50,50],"damage_taken":[{"damage":2,"enemies":"2 Louse","floor":1,"turns":3},{"damage":0,"enemies":"Small Slimes","floor":5,"turns":2},{"damage":4,"enemies":"Jaw Worm","floor":7,"turns":4},{"damage":13,"enemies":"Lagavulin","floor":8,"turns":8},{"damage":9,"enemies":"Gremlin Gang","floor":10,"turns":7},{"damage":8,"enemies":"3 Sentries","floor":12,"turns":5},{"damage":3,"enemies":"Exordium Thugs","floor":14,"turns":5},{"damage":17,"enemies":"The Guardian","floor":16,"turns":11},{"damage":3,"enemies":"Chosen","floor":18,"turns":5},{"damage":11,"enemies":"Spheric Guardian","floor":20,"turns":4},{"damage":3,"enemies":"Snecko","floor":21,"turns":7},{"damage":2,"enemies":"Centurion and Healer","floor":22,"turns":7},{"damage":2,"enemies":"Gremlin Leader","floor":23,"turns":7},{"damage":5,"enemies":"Book of Stabbing","floor":25,"turns":6},{"damage":16,"enemies":"Shelled Parasite and Fungi","floor":27,"turns":7},{"damage":3,"enemies":"Snecko","floor":29,"turns":4},{"damage":0,"enemies":"Cultist and Chosen","floor":30,"turns":10},{"damage":11,"enemies":"Sentry and Sphere","floor":31,"turns":4},{"damage":27,"enemies":"Automaton","floor":33,"turns":10},{"damage":4,"enemies":"Orb Walker","floor":35,"turns":5},{"damage":6,"enemies":"3 Darklings","floor":36,"turns":5},{"damage":3,"enemies":"4 Shapes","floor":37,"turns":6},{"damage":5,"enemies":"Jaw Worm Horde","floor":38,"turns":6},{"damage":3,"enemies":"Giant Head","floor":41,"turns":10},{"damage":0,"enemies":"Sphere and 2 Shapes","floor":45,"turns":4},{"damage":26,"enemies":"Reptomancer","floor":46,"turns":5},{"damage":10,"enemies":"Giant Head","floor":48,"turns":8},{"damage":21,"enemies":"Awakened One","floor":50,"turns":10}],"seed_played":"-5568108187352472217","potions_obtained":[{"floor":5,"key":"SpeedPotion"},{"floor":10,"key":"Strength Potion"},{"floor":14,"key":"Dexterity Potion"},{"floor":16,"key":"Ancient Potion"},{"floor":20,"key":"Weak Potion"},{"floor":23,"key":"SkillPotion"},{"floor":31,"key":"Strength Potion"},{"floor":35,"key":"Poison Potion"},{"floor":37,"key":"AttackPotion"},{"floor":38,"key":"Regen Potion"},{"floor":45,"key":"Swift Potion"}],"is_trial":false,"path_per_floor":["M","?","$","?","M","?","M","E","T","M","R","E","R","M","R","B",null,"M","$","M","M","M","E","?","E","T","M","R","M","M","M","R","B",null,"M","M","M","M","$","R","E","R","T","R","M","E","T","E","R","B",null],"character_chosen":"IRONCLAD","items_purchased":["Clothesline","Shrug It Off","Corruption","Perfected Strike","Shrug It Off","Bag of Preparation"],"campfire_rested":0,"item_purchase_floors":[3,3,19,19,39,39],"current_hp_per_floor":[80,80,80,80,80,60,62,55,55,52,52,50,50,55,55,46,80,80,80,75,83,86,86,86,86,86,79,79,88,96,94,94,78,102,105,108,111,114,114,114,118,118,118,118,118,98,98,100,100,102],"gold":24,"neow_bonus":"RANDOM_COMMON_RELIC","is_prod":false,"is_daily":false,"chose_seed":false,"campfire_upgraded":9,"win_rate":1,"timestamp":1556097766,"path_taken":["M","?","$","?","M","?","?","E","T","M","R","E","R","M","R","BOSS","M","$","M","?","M","E","?","E","T","M","R","M","M","M","R","BOSS","M","M","M","M","$","R","E","R","T","R","M","E","?","E","R","BOSS"],"build_version":"2019-01-23","purchased_purges":1,"victory":true,"max_hp_per_floor":[80,80,80,80,80,80,80,80,80,80,80,80,80,80,80,80,80,80,80,80,83,86,86,86,86,86,89,89,93,96,99,99,102,102,105,108,111,114,114,114,118,118,118,118,118,118,118,122,122,122],"card_choices":[{"not_picked":["Sword Boomerang","Dual Wield"],"picked":"Cleave","floor":1},{"not_picked":["Iron Wave","Body Slam"],"picked":"Armaments","floor":5},{"not_picked":["Flame Barrier","Combust"],"picked":"Anger","floor":7},{"not_picked":["Burning Pact","Ghostly Armor"],"picked":"Feel No Pain","floor":8},{"not_picked":["Body Slam","Flex","Blood for Blood"],"picked":"SKIP","floor":10},{"not_picked":["Barricade","Rupture"],"picked":"Impervious","floor":12},{"not_picked":["Rampage","Sword Boomerang"],"picked":"Rage","floor":14},{"not_picked":["Dark Embrace","Bludgeon"],"picked":"Feed","floor":16},{"not_picked":["Pummel","Heavy Blade"],"picked":"Pommel Strike","floor":18},{"not_picked":["Clash","Warcry"],"picked":"True Grit","floor":20},{"not_picked":["Warcry","Sword Boomerang"],"picked":"Shockwave","floor":21},{"not_picked":["Iron Wave","Sword Boomerang"],"picked":"Feel No Pain","floor":22},{"not_picked":["Iron Wave","Fire Breathing"],"picked":"Fiend Fire","floor":23},{"not_picked":["Blood for Blood","Wild Strike"],"picked":"Spot Weakness","floor":25},{"not_picked":["Hemokinesis","Bloodletting+1"],"picked":"Body Slam","floor":27},{"not_picked":["Evolve","Hemokinesis"],"picked":"Battle Trance","floor":29},{"not_picked":["Clash","Warcry+1"],"picked":"Pommel Strike+1","floor":30},{"not_picked":["Twin Strike+1","Wild Strike"],"picked":"Metallicize+1","floor":31},{"not_picked":["Berserk","Fiend Fire"],"picked":"Barricade","floor":33},{"not_picked":["Perfected Strike+1","Hemokinesis+1","Heavy Blade"],"picked":"SKIP","floor":35},{"not_picked":["Perfected Strike+1","Hemokinesis+1","Heavy Blade"],"picked":"SKIP","floor":35},{"not_picked":["Hemokinesis+1","Heavy Blade"],"picked":"Perfected Strike+1","floor":35},{"not_picked":["Spot Weakness","Sever Soul"],"picked":"Disarm+1","floor":36},{"not_picked":["Heavy Blade","Sword Boomerang+1"],"picked":"Flame Barrier","floor":37},{"not_picked":["Carnage+1","Heavy Blade"],"picked":"Power Through+1","floor":38},{"not_picked":["Armaments","Brutality","Flex+1"],"picked":"SKIP","floor":41},{"not_picked":["Heavy Blade+1","Whirlwind"],"picked":"Blood for Blood+1","floor":45},{"not_picked":["Berserk","Iron Wave+1"],"picked":"Body Slam+1","floor":46},{"not_picked":["Hemokinesis+1","Ghostly Armor"],"picked":"Immolate","floor":48}],"player_experience":552685,"relics_obtained":[{"floor":8,"key":"Anchor"},{"floor":9,"key":"PreservedInsect"},{"floor":12,"key":"Blood Vial"},{"floor":23,"key":"Boot"},{"floor":25,"key":"Pen Nib"},{"floor":26,"key":"Sundial"},{"floor":41,"key":"Juzu Bracelet"},{"floor":43,"key":"Dodecahedron"},{"floor":46,"key":"Paper Frog"},{"floor":47,"key":"Vajra"},{"floor":48,"key":"Art of War"}],"event_choices":[{"damage_healed":0,"gold_gain":0,"player_choice":"Grow","damage_taken":0,"max_hp_gain":0,"max_hp_loss":0,"event_name":"Living Wall","floor":2,"gold_loss":0,"cards_upgraded":["Bash"]},{"damage_healed":0,"gold_gain":74,"player_choice":"Gained Gold","damage_taken":0,"max_hp_gain":0,"max_hp_loss":0,"event_name":"Golden Wing","floor":4,"gold_loss":0},{"damage_healed":0,"gold_gain":0,"player_choice":"Take Damage","damage_taken":20,"relics_obtained":["Golden Idol"],"max_hp_gain":0,"max_hp_loss":0,"event_name":"Golden Idol","floor":6,"gold_loss":0},{"damage_healed":0,"gold_gain":0,"player_choice":"Ignored","damage_taken":0,"max_hp_gain":0,"max_hp_loss":0,"event_name":"NoteForYourself","floor":24,"gold_loss":0}],"is_beta":false,"boss_relics":[{"not_picked":["Eternal Feather","Runic Pyramid"],"picked":"Ectoplasm"},{"not_picked":["Fusion Hammer","Calling Bell"],"picked":"Coffee Dripper"}],"items_purged_floors":[39],"is_endless":false,"potions_floor_spawned":[5,10,14,16,20,21,23,29,31,35,37,38,45],"ascension_level":0}