{"gold_per_floor":[15,35,210,160,160,160,172,172,172,182,182,202,87,100,100,195,195,195,195,195,195,195,195,195,195,195,195,195,195,195,195,195,195,195,195,195,195,195,195,195,195,195,195,195,195,195,195,195,195,195],"floor_reached":51,"playtime":1154,"items_purged":["Strike_R"],"score":713,"play_id":"49c909b3-2473-4302-8340-5a698e9bf30d","local_time":"20190423021834","is_ascension_mode":false,"campfire_choices":[{"data":"Armaments","floor":6.0,"key":"SMITH"},{"data":"Flex","floor":11.0,"key":"SMITH"},{"data":"Demon Form","floor":15.0,"key":"SMITH"},{"data":"Limit Break","floor":23.0,"key":"SMITH"},{"data":"Bash","floor":25.0,"key":"SMITH"},{"data":"Inflame","floor":28.0,"key":"SMITH"},{"data":"Heavy Blade","floor":32,"key":"SMITH"},{"data":"Limit Break","floor":40,"key":"SMITH"},{"data":"Heavy Blade","floor":44,"key":"SMITH"},{"data":"Inflame","floor":47,"key":"SMITH"},{"floor":49,"key":"REST"}],"neow_cost":"NO_GOLD","seed_source_timestamp":16988814771758,"circlet_count":0,"master_deck":["Strike_R+1","Strike_R+1","Strike_R+1","Strike_R+1","Defend_R+1","Defend_R+1","Defend_R+1","Defend_R+1","Bash+1","Armaments+1","Metallicize","Iron Wave","Flex+1","Inflame+1","Demon Form+1","Limit Break+1","Heavy Blade+1","Heavy Blade+1","Headbutt+1","Limit Break+1","Inflame+1"],"special_seed":0,"relics":["Burning Blood","Incense Burner","The Courier","Bronze Scales","Ectoplasm","PreservedInsect","Singing Bowl","Runic Dome","Happy Flower"],"potions_floor_usage":[29,33,42,45,50,50,50],"damage_taken":[{"damage":6.0,"enemies":"Jaw Worm","floor":1.0,"turns":5.0},{"damage":0.0,"enemies":"Small Slimes","floor":2.0,"turns":3.0},{"damage":0.0,"enemies":"2 Louse","floor":7.0,"turns":3.0},{"damage":8.0,"enemies":"Lots of Slimes","floor":10.0,"turns":4.0},{"damage":0.0,"enemies":"Large Slime","floor":12.0,"turns":6.0},{"damage":5.0,"enemies":"Looter","floor":14.0,"turns":2.0},{"damage":19.0,"enemies":"The Guardian","floor":16.0,"turns":9.0},{"damage":11.0,"enemies":"Shell Parasite","floor":18.0,"turns":5.0},{"damage":17.0,"enemies":"Spheric Guardian","floor":20.0,"turns":5.0},{"damage":3.0,"enemies":"3 Cultists","floor":22.0,"turns":5.0},{"damage":4.0,"enemies":"Gremlin Leader","floor":24.0,"turns":6.0},{"damage":5.0,"enemies":"Chosen and Byrds","floor":27.0,"turns":4.0},{"damage":2,"enemies":"Centurion and Healer","floor":29,"turns":5},{"damage":2,"enemies":"Cultist and Chosen","floor":31,"turns":5},{"damage":38,"enemies":"Collector","floor":33,"turns":4},{"damage":0,"enemies":"Orb Walker","floor":35,"turns":2},{"damage":20,"enemies":"3 Darklings","floor":39,"turns":5},{"damage":7,"enemies":"Writhing Mass","floor":41,"turns":5},{"damage":4,"enemies":"Sphere and 2 Shapes","floor":42,"turns":4},{"damage":11,"enemies":"4 Shapes","floor":45,"turns":3},{"damage":35,"enemies":"3 Darklings","floor":46,"turns":4},{"damage":24,"enemies":"Spire Growth","floor":48,"turns":4},{"damage":52,"enemies":"Awakened One","floor":50,"turns":5}],"seed_played":"-8263617370937911575","potions_obtained":[{"floor":1.0,"key":"Fire Potion"},{"floor":7.0,"key":"GamblersBrew"},{"floor":14.0,"key":"Regen Potion"},{"floor":16.0,"key":"FearPotion"},{"floor":24.0,"key":"GamblersBrew"},{"floor":27.0,"key":"Explosive Potion"},{"floor":31,"key":"FearPotion"},{"floor":39,"key":"EssenceOfSteel"},{"floor":42,"key":"Strength Potion"},{"floor":45,"key":"Strength Potion"}],"is_trial":false,"path_per_floor":["M","M","?","?","?","R","M","T","T","M","R","M","$","M","R","B",null,"M","?","M","?","M","R","E","R","T","M","R","M","?","M","R","B",null,"M","?","?","$","M","R","M","M","T","R","M","M","R","M","R","B",null],"character_chosen":"IRONCLAD","items_purchased":["Inflame"],"campfire_rested":1,"item_purchase_floors":[13],"current_hp_per_floor":[80,80,80,80,85,85,85,85,85,83,83,85,85,85,85,72,85,80,80,69,69,85,85,85,85,85,87,87,89,89,91,91,59,91,93,93,93,93,81,81,82,84,84,84,81,54,54,38,68,22],"gold":195,"neow_bonus":"ONE_RARE_RELIC","is_prod":false,"is_daily":false,"chose_seed":false,"campfire_upgraded":10,"win_rate":0,"timestamp":1556007514,"path_taken":["M","M","?","?","?","R","M","?","T","M","R","M","$","?","R","BOSS","M","?","M","?","M","R","E","R","T","?","R","M","?","M","R","BOSS","M","?","?","$","?","R","M","M","T","R","M","M","R","M","R","BOSS"],"build_version":"2019-01-23","purchased_purges":1,"victory":true,"max_hp_per_floor":[80,80,80,80,85,85,85,85,85,85,85,85,85,85,85,85,85,85,85,85,85,85,85,85,85,85,87,87,89,89,91,91,91,91,93,93,93,93,95,95,97,97,97,97,99,101,101,103,103,103],"card_choices":[{"not_picked":["Hemokinesis","Pommel Strike"],"picked":"Armaments","floor":1.0},{"not_picked":["Thunderclap","Pommel Strike"],"picked":"Metallicize","floor":2.0},{"not_picked":["Brutality","Wild Strike"],"picked":"Iron Wave","floor":7.0},{"not_picked":["Shrug It Off","Twin Strike"],"picked":"Flex","floor":10.0},{"not_picked":["Searing Blow","Havoc","Wild Strike"],"picked":"SKIP","floor":12.0},{"not_picked":["Rampage","Wild Strike"],"picked":"Demon Form","floor":14.0},{"not_picked":["Feed","Demon Form"],"picked":"Limit Break","floor":16.0},{"not_picked":["Blood for Blood","Warcry+1","Body Slam"],"picked":"SKIP","floor":18.0},{"not_picked":["Pummel","Rupture+1"],"picked":"Heavy Blade","floor":20.0},{"not_picked":["Iron Wave","Shockwave"],"picked":"Headbutt+1","floor":22.0},{"not_picked":["Pommel Strike+1","Iron Wave","Twin Strike"],"picked":"SKIP","floor":24.0},{"not_picked":["Anger","Body Slam","True Grit"],"picked":"Singing Bowl","floor":27.0},{"not_picked":["Flex","Sentinel","Armaments"],"picked":"Singing Bowl","floor":29},{"not_picked":["Sever Soul","Iron Wave","Impervious"],"picked":"Singing Bowl","floor":31},{"not_picked":["Berserk","Demon Form"],"picked":"Limit Break","floor":33},{"not_picked":["Thunderclap+1","Pommel Strike+1","Armaments"],"picked":"Singing Bowl","floor":35},{"not_picked":["Anger+1","Searing Blow","Headbutt+1"],"picked":"Singing Bowl","floor":39},{"not_picked":["Rampage+1","Shrug It Off","Pommel Strike+1"],"picked":"Singing Bowl","floor":41},{"not_picked":["Flex","Shrug It Off"],"picked":"Inflame","floor":42},{"not_picked":["Heavy Blade","Sword Boomerang+1","Hemokinesis+1"],"picked":"Singing Bowl","floor":45},{"not_picked":["Reckless Charge","Armaments","Barricade"],"picked":"Singing Bowl","floor":46},{"not_picked":["Havoc","Shockwave+1","Infernal Blade"],"picked":"Singing Bowl","floor":48}],"player_experience":1288525,"relics_obtained":[{"floor":8.0,"key":"The Courier"},{"floor":9.0,"key":"Bronze Scales"},{"floor":24.0,"key":"PreservedInsect"},{"floor":26.0,"key":"Singing Bowl"},{"floor":43,"key":"Happy Flower"}],"event_choices":[{"damage_healed":0.0,"max_hp_gain":0.0,"max_hp_loss":0.0,"gold_gain":175.0,"event_name":"Liars Game","player_choice":"AGREE","floor":3.0,"gold_loss":0.0,"damage_taken":0.0,"cards_obtained":["Doubt"]},{"cards_removed":["Doubt"],"damage_healed":0.0,"max_hp_gain":0.0,"max_hp_loss":0.0,"gold_gain":0.0,"event_name":"The Cleric","player_choice":"Card Removal","floor":4.0,"gold_loss":50.0,"damage_taken":0.0},{"damage_healed":0.0,"max_hp_gain":5.0,"max_hp_loss":0.0,"gold_gain":0.0,"event_name":"Big Fish","player_choice":"Donut","floor":5.0,"gold_loss":0.0,"damage_taken":0.0},{"damage_healed":0.0,"max_hp_gain":0.0,"max_hp_loss":0.0,"gold_gain":0.0,"event_name":"Vampires","player_choice":"Ignored","floor":19.0,"gold_loss":0.0,"damage_taken":0.0},{"damage_healed":0.0,"max_hp_gain":0.0,"max_hp_loss":0.0,"gold_gain":0.0,"event_name":"Duplicator","player_choice":"Copied","floor":21.0,"gold_loss":0.0,"damage_taken":0.0,"cards_obtained":["Heavy Blade"]},{"damage_healed":0,"gold_gain":0,"player_choice":"Simplicity","damage_taken":0,"max_hp_gain":0,"max_hp_loss":0,"event_name":"Back to Basics","floor":30,"gold_loss":0,"cards_upgraded":["Strike_R","Strike_R","Strike_R","Strike_R","Defend_R","Defend_R","Defend_R","Defend_R"]},{"damage_healed":0,"gold_gain":999,"player_choice":"Gold","damage_taken":0,"max_hp_gain":0,"max_hp_loss":0,"event_name":"MindBloom","floor":36,"gold_loss":0,"cards_obtained":["Normality","Normality"]},{"cards_removed":["Normality","Normality"],"damage_healed":0,"gold_gain":0,"player_choice":"Removed Curses","damage_taken":0,"max_hp_gain":0,"max_hp_loss":0,"event_name":"Fountain of Cleansing","floor":37,"gold_loss":0}],"is_beta":false,"boss_relics":[{"not_picked":["Lizard Tail","Snecko Eye"],"picked":"Ectoplasm"},{"not_picked":["Orrery","Fusion Hammer"],"picked":"Runic Dome"}],"items_purged_floors":[13],"is_endless":false,"potions_floor_spawned":[1,7,14,16,24,27,31,39,42,45,48],"ascension_level":0}