{"gold_per_floor":[214,214,364,162,174,174,190,207,286,300,333,333,36,104,104,176,176,188,188,108],"floor_reached":20,"playtime":698,"items_purged":["Doubt"],"score":344,"play_id":"a5b272ad-9ade-4635-be9b-f7839e14bbca","local_time":"20181031234100","is_ascension_mode":true,"campfire_choices":[{"data":"Neutralize","floor":6.0,"key":"SMITH"},{"data":"Leg Sweep","floor":12.0,"key":"SMITH"},{"data":"Noxious Fumes","floor":15,"key":"SMITH"}],"neow_cost":"NONE","seed_source_timestamp":596980071365529,"circlet_count":0,"master_deck":["Defend_G","Defend_G","Defend_G","Defend_G","Defend_G","Strike_G","Strike_G","Survivor","Neutralize+1","AscendersBane","Poisoned Stab","Dagger Spray","Flying Knee","Leg Sweep+1","Poisoned Stab","Noxious Fumes+1","Footwork","Deflect","Expertise+1","Underhanded Strike+1","Skewer+1","Writhe"],"special_seed":0,"relics":["Ring of the Snake","Tiny Chest","The Courier","Happy Flower","Snake Skull","Astrolabe","Ginger"],"potions_floor_usage":[16,16,16,16],"damage_taken":[{"damage":0.0,"enemies":"Small Slimes","floor":1.0,"turns":4.0},{"damage":1.0,"enemies":"Jaw Worm","floor":5.0,"turns":4.0},{"damage":1.0,"enemies":"Cultist","floor":7.0,"turns":4.0},{"damage":11.0,"enemies":"Red Slaver","floor":8.0,"turns":5.0},{"damage":1.0,"enemies":"Large Slime","floor":10.0,"turns":7.0},{"damage":30.0,"enemies":"Gremlin Nob","floor":11.0,"turns":4.0},{"damage":8,"enemies":"Hexaghost","floor":16,"turns":9},{"damage":15,"enemies":"Spheric Guardian","floor":18,"turns":6},{"damage":16,"enemies":"2 Thieves","floor":20,"turns":3}],"seed_played":"-581266832337917008","potions_obtained":[{"floor":5.0,"key":"EntropicBrew"},{"floor":10.0,"key":"EntropicBrew"},{"floor":18,"key":"Dexterity Potion"}],"is_trial":false,"path_per_floor":["M","?","?","$","M","R","M","M","T","M","E","R","$","T","R","B",null,"M","?","M"],"character_chosen":"THE_SILENT","items_purchased":["Tiny Chest","Noxious Fumes","Snake Skull","Footwork","Deflect"],"campfire_rested":0,"item_purchase_floors":[4,13,13,13,13],"current_hp_per_floor":[59,59,59,59,58,58,57,46,46,45,15,15,15,15,15,7,51,36,36,20],"gold":108,"neow_bonus":"HUNDRED_GOLD","is_prod":false,"is_daily":false,"chose_seed":false,"campfire_upgraded":3,"win_rate":0,"timestamp":1541043660,"path_taken":["M","?","?","?","M","R","?","?","T","M","E","R","$","?","R","BOSS","M","?","M"],"build_version":"2018-10-30","purchased_purges":1,"victory":false,"max_hp_per_floor":[66,66,66,66,66,66,66,66,66,66,66,66,66,66,66,66,66,66,66,66],"card_choices":[{"not_picked":["Flying Knee","Blade Dance"],"picked":"Poisoned Stab","floor":1.0},{"not_picked":["Storm of Steel","Backflip"],"picked":"Dagger Spray","floor":5.0},{"not_picked":["Sucker Punch","Slice"],"picked":"Flying Knee","floor":7.0},{"not_picked":["Dagger Spray","Eviscerate"],"picked":"Leg Sweep","floor":8.0},{"not_picked":["Sucker Punch","Dagger Throw"],"picked":"Poisoned Stab","floor":10.0},{"not_picked":["Sucker Punch","Venomology","Flechettes"],"picked":"SKIP","floor":11.0},{"not_picked":["Dagger Throw","Calculated Gamble","Bane"],"picked":"SKIP","floor":18}],"player_experience":760292,"relics_obtained":[{"floor":9.0,"key":"The Courier"},{"floor":11.0,"key":"Happy Flower"}],"event_choices":[{"damage_healed":0.0,"max_hp_gain":0.0,"max_hp_loss":0.0,"gold_gain":0.0,"event_name":"Shining Light","player_choice":"Ignored","floor":2.0,"gold_loss":0.0,"damage_taken":0.0},{"damage_healed":0.0,"max_hp_gain":0.0,"max_hp_loss":0.0,"gold_gain":150.0,"event_name":"Liars Game","player_choice":"AGREE","floor":3.0,"gold_loss":0.0,"damage_taken":0.0,"cards_obtained":["Doubt"]},{"damage_healed":0,"gold_gain":0,"player_choice":"Opened","damage_taken":0,"relics_obtained":["Ginger"],"max_hp_gain":0,"max_hp_loss":0,"event_name":"The Mausoleum","floor":19,"gold_loss":0,"cards_obtained":["Writhe"]}],"is_beta":true,"boss_relics":[{"not_picked":["HoveringKite","Empty Cage"],"picked":"Astrolabe"}],"items_purged_floors":[4],"is_endless":false,"potions_floor_spawned":[5,10,18],"killed_by":"2 Thieves","ascension_level":20}