{"gold_per_floor":[16,27,46,58,74,106,106,106,106,106,118,118,145,49,49,152,152,166,186,186,33,33,33,62,62,85,116,216,315,315,326,326,326],"floor_reached":33,"playtime":3291,"items_purged":["Strike_R"],"score":366,"play_id":"877231a4-bbab-4af7-a002-95f48fb62ef1","local_time":"20190422181408","is_ascension_mode":true,"campfire_choices":[{"data":"True Grit","floor":8.0,"key":"SMITH"},{"floor":12.0,"key":"REST"},{"data":"Carnage","floor":15.0,"key":"SMITH"},{"data":"Fiend Fire","floor":23.0,"key":"SMITH"},{"data":"Shrug It Off","floor":25.0,"key":"SMITH"},{"data":"Feel No Pain","floor":30.0,"key":"SMITH"},{"data":"Dark Embrace","floor":32.0,"key":"SMITH"}],"neow_cost":"NO_GOLD","seed_source_timestamp":513390802349643,"circlet_count":0,"master_deck":["Strike_R","Strike_R","Defend_R","Defend_R","Defend_R","Defend_R","Bash","Wild Strike+1","True Grit+1","Pommel Strike","Headbutt","Clothesline","Carnage+1","Armaments","Cleave","Feel No Pain+1","Warcry","Fiend Fire+1","Shrug It Off+1","Dark Embrace+1","Ghostly Armor","Battle Trance","Whirlwind","Wild Strike+1"],"special_seed":0,"relics":["Burning Blood","Du-Vu Doll","Question Card","Self Forming Clay","Mummified Hand","Pantograph","Velvet Choker","Calipers","Juzu Bracelet","PreservedInsect","StoneCalendar","Sundial"],"potions_floor_usage":[33,33],"damage_taken":[{"damage":0.0,"enemies":"Small Slimes","floor":1.0,"turns":3.0},{"damage":3.0,"enemies":"2 Louse","floor":2.0,"turns":2.0},{"damage":1.0,"enemies":"Cultist","floor":3.0,"turns":3.0},{"damage":2.0,"enemies":"2 Fungi Beasts","floor":4.0,"turns":5.0},{"damage":0.0,"enemies":"Large Slime","floor":5.0,"turns":4.0},{"damage":41.0,"enemies":"3 Sentries","floor":6.0,"turns":8.0},{"damage":13.0,"enemies":"Exordium Wildlife","floor":11.0,"turns":3.0},{"damage":12.0,"enemies":"Gremlin Nob","floor":13.0,"turns":3.0},{"damage":17.0,"enemies":"Slime Boss","floor":16.0,"turns":10.0},{"damage":19.0,"enemies":"2 Thieves","floor":18.0,"turns":4.0},{"damage":0.0,"enemies":"Spheric Guardian","floor":19.0,"turns":3.0},{"damage":2.0,"enemies":"Gremlin Leader","floor":24.0,"turns":5.0},{"damage":19.0,"enemies":"Slavers","floor":27.0,"turns":7.0},{"damage":13.0,"enemies":"Colosseum Slavers","floor":28.0,"turns":3.0},{"damage":13.0,"enemies":"Colosseum Nobs","floor":28.0,"turns":4.0},{"damage":2.0,"enemies":"Shelled Parasite and Fungi","floor":31.0,"turns":6.0},{"damage":106,"enemies":"Champ","floor":33,"turns":13}],"seed_played":"-6384146388535968734","potions_obtained":[{"floor":1.0,"key":"SteroidPotion"},{"floor":6.0,"key":"SpeedPotion"},{"floor":11.0,"key":"SteroidPotion"},{"floor":16.0,"key":"Weak Potion"},{"floor":18.0,"key":"Explosive Potion"},{"floor":24.0,"key":"BloodPotion"},{"floor":31.0,"key":"SteroidPotion"}],"is_trial":false,"path_per_floor":["M","M","M","M","M","E","?","R","T","?","M","R","E","$","R","B",null,"M","M","?","$","?","R","E","R","T","E","?","?","R","M","R","B"],"character_chosen":"IRONCLAD","items_purchased":["Feel No Pain","Warcry","Dark Embrace"],"campfire_rested":1,"item_purchase_floors":[14,14,21],"current_hp_per_floor":[80,80,80,80,80,45,38,38,38,38,31,55,49,49,49,63,76,63,69,69,69,69,69,73,73,73,60,54,54,54,58,58,0],"gold":326,"neow_bonus":"REMOVE_TWO","is_prod":false,"is_daily":false,"chose_seed":false,"campfire_upgraded":6,"win_rate":0,"timestamp":1555967648,"path_taken":["M","M","M","M","M","E","?","R","T","?","M","R","E","$","R","BOSS","M","M","?","$","?","R","E","R","T","E","?","?","R","M","R","BOSS"],"build_version":"2019-01-23","purchased_purges":1,"victory":false,"max_hp_per_floor":[80,80,80,80,80,80,80,80,80,80,80,80,80,80,80,80,80,80,80,80,80,80,80,80,80,80,80,80,80,80,80,80,80],"card_choices":[{"not_picked":["Battle Trance","Warcry"],"picked":"Wild Strike","floor":1.0},{"not_picked":["Heavy Blade","Reckless Charge"],"picked":"True Grit","floor":2.0},{"not_picked":["Bloodletting","Thunderclap"],"picked":"Pommel Strike","floor":3.0},{"not_picked":["Seeing Red","Juggernaut"],"picked":"Headbutt","floor":4.0},{"not_picked":["Shrug It Off","True Grit"],"picked":"Clothesline","floor":5.0},{"not_picked":["Flame Barrier","Warcry"],"picked":"Carnage","floor":6.0},{"not_picked":["Blood for Blood","Body Slam","Rampage"],"picked":"Armaments","floor":11.0},{"not_picked":["Flex","Thunderclap","Blood for Blood"],"picked":"Cleave","floor":13.0},{"not_picked":["Berserk","Impervious","Brutality"],"picked":"Fiend Fire","floor":16.0},{"not_picked":["Warcry","Havoc+1","Sword Boomerang"],"picked":"Shrug It Off","floor":18.0},{"not_picked":["Twin Strike","Headbutt+1","Sword Boomerang","Heavy Blade+1"],"picked":"SKIP","floor":19.0},{"not_picked":["Body Slam+1","Flex","Headbutt"],"picked":"Ghostly Armor","floor":24.0},{"not_picked":["Anger","Whirlwind","Hemokinesis+1"],"picked":"Battle Trance","floor":27.0},{"not_picked":["Pommel Strike","Burning Pact+1","Brutality"],"picked":"Whirlwind","floor":28.0},{"not_picked":["Flex","Thunderclap","Iron Wave"],"picked":"Wild Strike+1","floor":31.0}],"player_experience":324427,"relics_obtained":[{"floor":6.0,"key":"Du-Vu Doll"},{"floor":9.0,"key":"Self Forming Clay"},{"floor":13.0,"key":"Pantograph"},{"floor":24.0,"key":"Calipers"},{"floor":26.0,"key":"Juzu Bracelet"},{"floor":27.0,"key":"PreservedInsect"},{"floor":28.0,"key":"StoneCalendar"},{"floor":28.0,"key":"Sundial"}],"event_choices":[{"damage_healed":0.0,"max_hp_gain":0.0,"max_hp_loss":0.0,"gold_gain":0.0,"event_name":"Scrap Ooze","player_choice":"Success","floor":7.0,"gold_loss":0.0,"damage_taken":7.0,"relics_obtained":["Question Card"]},{"damage_healed":0.0,"max_hp_gain":0.0,"max_hp_loss":0.0,"gold_gain":0.0,"event_name":"Dead Adventurer","player_choice":"Searched \u00271\u0027 times","floor":10.0,"gold_loss":0.0,"damage_taken":0.0,"relics_obtained":["Mummified Hand"]},{"damage_healed":0.0,"max_hp_gain":0.0,"max_hp_loss":0.0,"gold_gain":0.0,"event_name":"Cursed Tome","player_choice":"Ignored","floor":20.0,"gold_loss":0.0,"damage_taken":0.0},{"damage_healed":0.0,"max_hp_gain":0.0,"max_hp_loss":0.0,"gold_gain":0.0,"event_name":"Accursed Blacksmith","player_choice":"Forge","floor":22.0,"gold_loss":0.0,"damage_taken":0.0,"cards_upgraded":["Wild Strike"]},{"damage_healed":0.0,"max_hp_gain":0.0,"max_hp_loss":0.0,"gold_gain":0.0,"event_name":"Colosseum","player_choice":"Fight","floor":28.0,"gold_loss":0.0,"damage_taken":0.0},{"damage_healed":0.0,"max_hp_gain":0.0,"max_hp_loss":0.0,"gold_gain":0.0,"event_name":"Colosseum","player_choice":"Fought Nobs","floor":28.0,"gold_loss":0.0,"damage_taken":0.0},{"damage_healed":0.0,"max_hp_gain":0.0,"max_hp_loss":0.0,"gold_gain":99.0,"event_name":"Nest","player_choice":"Stole From Cult","floor":29.0,"gold_loss":0.0,"damage_taken":0.0}],"is_beta":false,"boss_relics":[{"not_picked":["Tiny House","Cursed Key"],"picked":"Velvet Choker"}],"items_purged_floors":[21],"is_endless":false,"potions_floor_spawned":[1,6,11,16,18,24,28,31],"killed_by":"Champ","ascension_level":5}