{"gold_per_floor":[110,110,125,20,33,59,59,76,103,138,138,64,90,107,107,207,207,227,227,74,74,74,74,108,13,39,65,65,83,113,126,126,225,225,241,259,359,359,359,359,388,388,467,467,480,509,509,535,535,535],"floor_reached":51,"playtime":2776,"items_purged":[],"score":912,"play_id":"79f557c0-a78d-4113-b65e-a828b67d5337","local_time":"20190424003238","is_ascension_mode":false,"campfire_choices":[{"data":"Perfected Strike","floor":7,"key":"SMITH"},{"data":"Twin Strike","floor":11,"key":"SMITH"},{"data":"Armaments","floor":15,"key":"SMITH"},{"data":"Clothesline","floor":23,"key":"SMITH"},{"data":"Armaments","floor":28,"key":"SMITH"},{"data":"Disarm","floor":32,"key":"SMITH"},{"data":"Demon Form","floor":40,"key":"SMITH"},{"data":"Shockwave","floor":42,"key":"SMITH"},{"floor":49,"key":"REST"}],"neow_cost":"NONE","seed_source_timestamp":997941377179900,"circlet_count":0,"master_deck":["Defend_R+1","Defend_R+1","Defend_R+1","Defend_R+1","Bash+1","Infernal Blade","Headbutt","True Grit","Twin Strike+1","Power Through+1","Armaments+1","Immolate","Shrug It Off","Feed","Clothesline+1","Bite","Bite","Bite","Bite","Spot Weakness+1","Corruption","Shrug It Off+1","Disarm+1","Armaments+1","Evolve+1","Power Through","Shockwave+1","Armaments+1","Demon Form+1","Whirlwind","Disarm","Heavy Blade+1","Power Through","Immolate","Pommel Strike+1","Seeing Red+1","Madness","Madness","Heavy Blade+1"],"relics":["Burning Blood","Pen Nib","Art of War","Juzu Bracelet","Snecko Eye","War Paint","Strawberry","Pantograph","Red Mask","Runic Dome","Girya","Bag of Preparation","Self Forming Clay","Boot","Anchor"],"potions_floor_usage":[10,13,27,45],"damage_taken":[{"damage":0,"enemies":"Small Slimes","floor":1,"turns":3},{"damage":1,"enemies":"Cultist","floor":3,"turns":3},{"damage":3,"enemies":"Jaw Worm","floor":5,"turns":3},{"damage":33,"enemies":"Lagavulin","floor":6,"turns":6},{"damage":13,"enemies":"Large Slime","floor":8,"turns":7},{"damage":0,"enemies":"Gremlin Nob","floor":10,"turns":2},{"damage":27,"enemies":"Lagavulin","floor":13,"turns":9},{"damage":0,"enemies":"Exordium Thugs","floor":14,"turns":4},{"damage":21,"enemies":"The Guardian","floor":16,"turns":11},{"damage":3,"enemies":"Chosen","floor":18,"turns":5},{"damage":18,"enemies":"Gremlin Leader","floor":24,"turns":3},{"damage":10,"enemies":"Slavers","floor":27,"turns":4},{"damage":3,"enemies":"Spheric Guardian","floor":29,"turns":3},{"damage":0,"enemies":"Masked Bandits","floor":30,"turns":3},{"damage":0,"enemies":"Shelled Parasite and Fungi","floor":31,"turns":4},{"damage":64,"enemies":"Champ","floor":33,"turns":16},{"damage":0,"enemies":"3 Shapes","floor":35,"turns":4},{"damage":6,"enemies":"Orb Walker","floor":36,"turns":2},{"damage":0,"enemies":"Mind Bloom Boss Battle","floor":37,"turns":7},{"damage":13,"enemies":"Reptomancer","floor":41,"turns":6},{"damage":1,"enemies":"Jaw Worm Horde","floor":45,"turns":5},{"damage":32,"enemies":"Nemesis","floor":46,"turns":7},{"damage":24,"enemies":"Reptomancer","floor":48,"turns":6},{"damage":22,"enemies":"Awakened One","floor":50,"turns":13}],"seed_played":"-5932798580458723385","potions_obtained":[{"floor":1,"key":"Explosive Potion"},{"floor":6,"key":"GamblersBrew"},{"floor":8,"key":"Swift Potion"},{"floor":13,"key":"Swift Potion"},{"floor":16,"key":"AttackPotion"},{"floor":27,"key":"Explosive Potion"},{"floor":29,"key":"Energy Potion"},{"floor":35,"key":"Swift Potion"},{"floor":46,"key":"Swift Potion"}],"is_trial":false,"path_per_floor":["M","?","M","$","M","E","R","M","T","E","R","$","E","M","R","B",null,"M","?","$","?","?","R","E","$","T","E","R","M","?","M","R","B",null,"M","M","?","?","?","R","E","R","T","?","M","E","?","E","R","B",null],"character_chosen":"IRONCLAD","items_purchased":["Perfected Strike","Energy Potion","Armaments","Weak Potion","Spot Weakness","Corruption","Disarm","Armaments"],"campfire_rested":1,"item_purchase_floors":[4,4,12,12,20,20,25,25],"current_hp_per_floor":[88,88,88,88,88,61,61,54,54,60,60,60,39,47,47,34,88,91,91,91,91,91,91,87,87,94,97,97,104,107,110,110,81,114,117,120,124,124,124,124,128,128,128,128,131,107,91,91,130,133],"gold":535,"neow_bonus":"TEN_PERCENT_HP_BONUS","is_prod":false,"is_daily":false,"chose_seed":false,"campfire_upgraded":8,"win_rate":1,"timestamp":1556091158,"path_taken":["M","?","?","$","M","E","R","M","T","E","R","$","E","M","R","BOSS","M","?","$","?","?","R","E","$","T","E","R","M","?","M","R","BOSS","M","M","?","?","?","R","E","R","T","?","M","E","?","E","R","BOSS"],"build_version":"2019-01-23","purchased_purges":0,"victory":true,"max_hp_per_floor":[88,88,88,88,88,88,88,88,88,88,88,88,88,88,88,88,88,91,91,91,91,91,91,94,94,101,101,101,104,107,110,110,114,114,117,120,124,124,124,124,128,128,128,128,131,131,131,131,131,135],"card_choices":[{"not_picked":["Bloodletting","Rage"],"picked":"Infernal Blade","floor":1},{"not_picked":["Corruption","Clash"],"picked":"Headbutt","floor":3},{"not_picked":["Body Slam","Thunderclap"],"picked":"True Grit","floor":5},{"not_picked":["Searing Blow","Rupture"],"picked":"Twin Strike","floor":6},{"not_picked":["Wild Strike","Combust"],"picked":"Power Through","floor":8},{"not_picked":["Havoc","Warcry","Rage"],"picked":"SKIP","floor":10},{"not_picked":["Havoc","Warcry","Rage"],"picked":"SKIP","floor":10},{"not_picked":["Havoc","Intimidate"],"picked":"Immolate","floor":13},{"not_picked":["Cleave","Thunderclap"],"picked":"Shrug It Off","floor":14},{"not_picked":["Bludgeon","Reaper"],"picked":"Feed","floor":16},{"not_picked":["Havoc","Shrug It Off"],"picked":"Clothesline","floor":18},{"not_picked":["Battle Trance+1","Pummel+1"],"picked":"Shrug It Off+1","floor":24},{"not_picked":["Thunderclap","Fire Breathing+1"],"picked":"Evolve+1","floor":27},{"not_picked":["Pommel Strike","Hemokinesis"],"picked":"Power Through","floor":29},{"not_picked":["True Grit","Armaments"],"picked":"Shockwave","floor":30},{"not_picked":["Reckless Charge","Cleave+1"],"picked":"Armaments+1","floor":31},{"not_picked":["Fiend Fire","Immolate"],"picked":"Demon Form","floor":33},{"not_picked":["Intimidate+1","Sentinel+1"],"picked":"Whirlwind","floor":35},{"not_picked":["Armaments+1","Hemokinesis"],"picked":"Disarm","floor":36},{"not_picked":["Twin Strike+1","Rage"],"picked":"Heavy Blade+1","floor":37},{"not_picked":["Wild Strike","Ghostly Armor"],"picked":"Immolate","floor":41},{"not_picked":["Warcry+1","Clash"],"picked":"Pommel Strike+1","floor":45},{"not_picked":["Double Tap","Uppercut+1"],"picked":"Seeing Red+1","floor":46},{"not_picked":["Wild Strike+1","Ghostly Armor"],"picked":"Heavy Blade+1","floor":48}],"player_experience":549909,"relics_obtained":[{"floor":6,"key":"Pen Nib"},{"floor":9,"key":"Art of War"},{"floor":10,"key":"Juzu Bracelet"},{"floor":13,"key":"Blood Vial"},{"floor":24,"key":"War Paint"},{"floor":26,"key":"Strawberry"},{"floor":27,"key":"Pantograph"},{"floor":30,"key":"Red Mask"},{"floor":37,"key":"Girya"},{"floor":41,"key":"Bag of Preparation"},{"floor":43,"key":"Self Forming Clay"},{"floor":46,"key":"Boot"},{"floor":48,"key":"Anchor"}],"event_choices":[{"damage_healed":0,"gold_gain":0,"player_choice":"Upgraded","damage_taken":0,"max_hp_gain":0,"max_hp_loss":0,"event_name":"Upgrade Shrine","floor":2,"gold_loss":0,"cards_upgraded":["Bash"]},{"damage_healed":0,"gold_gain":0,"player_choice":"Became a vampire (Vial)","damage_taken":0,"max_hp_gain":0,"max_hp_loss":0,"event_name":"Vampires","floor":19,"relics_lost":["Blood Vial"],"gold_loss":0,"cards_obtained":["Bite","Bite","Bite","Bite","Bite"]},{"damage_healed":0,"gold_gain":0,"player_choice":"Ignored","damage_taken":0,"max_hp_gain":0,"max_hp_loss":0,"event_name":"Beggar","floor":21,"gold_loss":0},{"damage_healed":0,"gold_gain":0,"player_choice":"Simplicity","damage_taken":0,"max_hp_gain":0,"max_hp_loss":0,"event_name":"Back to Basics","floor":22,"gold_loss":0,"cards_upgraded":["Defend_R","Defend_R","Defend_R","Defend_R"]},{"damage_healed":0,"gold_gain":0,"player_choice":"Fought Bandits","damage_taken":0,"max_hp_gain":0,"max_hp_loss":0,"event_name":"Masked Bandits","floor":30,"gold_loss":0},{"damage_healed":0,"gold_gain":0,"player_choice":"Fight","damage_taken":0,"max_hp_gain":0,"max_hp_loss":0,"event_name":"MindBloom","floor":37,"gold_loss":0},{"damage_healed":0,"gold_gain":0,"cards_transformed":["Perfected Strike"],"player_choice":"Transformed","damage_taken":0,"max_hp_gain":0,"max_hp_loss":0,"event_name":"Transmorgrifier","floor":38,"gold_loss":0,"cards_obtained":["Power Through"]},{"damage_healed":0,"gold_gain":0,"player_choice":"Bought 0 Potions","damage_taken":0,"max_hp_gain":0,"max_hp_loss":0,"event_name":"The Woman in Blue","floor":39,"gold_loss":0},{"cards_removed":["Bite"],"damage_healed":0,"gold_gain":0,"player_choice":"Removed Attack","damage_taken":0,"max_hp_gain":0,"max_hp_loss":0,"event_name":"Falling","floor":44,"gold_loss":0},{"damage_healed":0,"gold_gain":0,"player_choice":"Embrace Madness","damage_taken":16,"max_hp_gain":0,"max_hp_loss":0,"event_name":"Winding Halls","floor":47,"gold_loss":0,"cards_obtained":["Madness","Madness"]}],"is_beta":false,"boss_relics":[{"not_picked":["Eternal Feather","Ectoplasm"],"picked":"Snecko Eye"},{"not_picked":["Runic Pyramid","Lizard Tail"],"picked":"Runic Dome"}],"items_purged_floors":[],"is_endless":false,"potions_floor_spawned":[1,6,8,13,16,18,27,29,31,33,35,46],"ascension_level":0}