{"gold_per_floor":[111,131,5,16,16,16,51,66,90,107,107,107,134,41,41,118,118,138,138,51,51,70,70,133,133,205,205,222,237,237,6,6,83,83,101,101,116,116,132,132,147,166,166,183,183,197,197,197,197,197,197],"floor_reached":51,"playtime":2873,"items_purged":["Injury","Strike_G"],"score":1254,"play_id":"5376cc94-8a96-493e-961e-8bdb0ce7bb0d","local_time":"20181026232603","is_ascension_mode":true,"campfire_choices":[{"data":"Neutralize","floor":6,"key":"SMITH"},{"floor":12,"key":"REST"},{"data":"Noxious Fumes","floor":15,"key":"SMITH"},{"data":"Burst","floor":23,"key":"SMITH"},{"data":"Footwork","floor":25,"key":"SMITH"},{"data":"Malaise","floor":27,"key":"SMITH"},{"data":"Doppelganger","floor":32,"key":"SMITH"},{"floor":40,"key":"REST"},{"data":"Malaise","floor":45,"key":"SMITH"},{"data":"Deadly Poison","floor":47,"key":"SMITH"},{"floor":49,"key":"REST"}],"neow_cost":"CURSE","seed_source_timestamp":161980972967114,"circlet_count":0,"master_deck":["Defend_G","Defend_G+1","Defend_G","Defend_G","Strike_G+1","Strike_G+1","Survivor","Neutralize+1","AscendersBane","All Out Attack","Dodge and Roll+1","Deadly Poison","Blur","Deflect","Backstab","Noxious Fumes+1","Deadly Poison+1","Malaise+1","Footwork+1","Burst+1","Doppelganger+1","Dodge and Roll","Malaise+1","Grand Finale","Deadly Poison","Cloak And Dagger","Parasite","Flechettes+1"],"relics":["Ring of the Snake","FossilizedHelix","Boot","Orichalcum","Whetstone","Regal Pillow","Busted Crown","Tiny Chest","Darkstone Periapt","Centennial Puzzle","Black Star","Anchor","Ancient Tea Set"],"potions_floor_usage":[13,24,37,50,50],"damage_taken":[{"damage":0,"enemies":"2 Louse","floor":1,"turns":3},{"damage":2,"enemies":"Jaw Worm","floor":2,"turns":4},{"damage":0,"enemies":"Cultist","floor":4,"turns":4},{"damage":17,"enemies":"Lagavulin","floor":7,"turns":8},{"damage":0,"enemies":"Lots of Slimes","floor":8,"turns":2},{"damage":0,"enemies":"Blue Slaver","floor":10,"turns":6},{"damage":15,"enemies":"Gremlin Nob","floor":13,"turns":5},{"damage":7,"enemies":"The Guardian","floor":16,"turns":10},{"damage":9,"enemies":"Chosen","floor":18,"turns":6},{"damage":0,"enemies":"3 Byrds","floor":22,"turns":5},{"damage":4,"enemies":"Gremlin Leader","floor":24,"turns":7},{"damage":0,"enemies":"Centurion and Healer","floor":28,"turns":7},{"damage":0,"enemies":"Snake Plant","floor":29,"turns":5},{"damage":23,"enemies":"Automaton","floor":33,"turns":15},{"damage":0,"enemies":"3 Darklings","floor":35,"turns":8},{"damage":1,"enemies":"3 Shapes","floor":37,"turns":6},{"damage":22,"enemies":"Transient","floor":39,"turns":6},{"damage":0,"enemies":"Maw","floor":41,"turns":10},{"damage":10,"enemies":"4 Shapes","floor":42,"turns":8},{"damage":0,"enemies":"Writhing Mass","floor":44,"turns":9},{"damage":7,"enemies":"3 Darklings","floor":46,"turns":8},{"damage":37,"enemies":"Awakened One","floor":50,"turns":28},{"damage":52,"enemies":"Donu and Deca","floor":51,"turns":9}],"seed_played":"6822659251129937772","potions_obtained":[{"floor":1,"key":"GamblersBrew"},{"floor":7,"key":"PowerPotion"},{"floor":10,"key":"Explosive Potion"},{"floor":18,"key":"Fire Potion"},{"floor":28,"key":"Block Potion"},{"floor":37,"key":"EssenceOfSteel"}],"is_trial":false,"path_per_floor":["M","M","$","M","?","R","E","M","T","M","?","R","E","$","R","B",null,"M","?","$","?","M","R","E","R","T","R","M","M","T","$","R","B",null,"M","?","M","T","M","R","M","M","T","M","R","M","R","?","R","B"],"character_chosen":"THE_SILENT","items_purchased":["Deadly Poison","Noxious Fumes","Deadly Poison","Footwork","Dodge and Roll","GhostInAJar"],"campfire_rested":3,"item_purchase_floors":[3,14,14,20,31,31],"current_hp_per_floor":[59,57,57,57,52,52,35,35,35,35,15,34,19,19,19,12,53,44,44,44,44,44,44,40,40,40,40,40,40,40,40,40,17,54,54,54,53,53,31,65,65,55,55,61,61,54,54,54,72,35,0],"gold":197,"neow_bonus":"ONE_RARE_RELIC","is_prod":false,"is_daily":false,"chose_seed":false,"campfire_upgraded":8,"win_rate":0,"timestamp":1540610763,"path_taken":["M","M","$","M","?","R","E","?","T","M","?","R","E","$","R","BOSS","M","?","?","?","M","R","E","R","T","R","?","M","?","?","R","BOSS","M","?","?","?","M","R","M","M","T","M","R","M","R","?","R","BOSS","BOSS"],"build_version":"2018-10-25v2","purchased_purges":2,"victory":false,"max_hp_per_floor":[66,66,66,66,66,66,66,66,66,66,66,66,66,66,66,66,66,66,66,66,66,66,66,66,66,66,66,66,66,66,66,66,66,66,66,66,66,66,66,66,66,66,66,72,72,72,72,72,72,72,72],"card_choices":[{"not_picked":["Dagger Spray","Cloak And Dagger"],"picked":"All Out Attack","floor":1},{"not_picked":["Outmaneuver","Underhanded Strike"],"picked":"Dodge and Roll","floor":2},{"not_picked":["Predator","Bane"],"picked":"Blur","floor":4},{"not_picked":["Flying Knee","Quick Slash","Dagger Throw"],"picked":"SKIP","floor":7},{"not_picked":["Terror","Flying Knee"],"picked":"Deflect","floor":8},{"not_picked":["Outmaneuver","Expertise","Setup"],"picked":"SKIP","floor":10},{"not_picked":["Flechettes","Backflip"],"picked":"Backstab","floor":13},{"not_picked":["Burst","Venomology"],"picked":"Malaise","floor":16},{"not_picked":["Eviscerate"],"picked":"SKIP","floor":18},{"not_picked":["Acrobatics"],"picked":"SKIP","floor":22},{"not_picked":["Slice"],"picked":"SKIP","floor":24},{"not_picked":["Underhanded Strike"],"picked":"SKIP","floor":28},{"not_picked":["Underhanded Strike"],"picked":"SKIP","floor":28},{"not_picked":["Underhanded Strike"],"picked":"SKIP","floor":28},{"not_picked":["Masterful Stab"],"picked":"SKIP","floor":29},{"not_picked":[],"picked":"Malaise","floor":33},{"not_picked":["Poisoned Stab"],"picked":"SKIP","floor":35},{"not_picked":[],"picked":"Deadly Poison","floor":37},{"not_picked":["Dagger Throw"],"picked":"SKIP","floor":39},{"not_picked":[],"picked":"Cloak And Dagger","floor":41},{"not_picked":[],"picked":"Die Die Die","floor":42},{"not_picked":[],"picked":"Flechettes+1","floor":44},{"not_picked":["Blade Dance+1"],"picked":"SKIP","floor":46}],"player_experience":737420,"relics_obtained":[{"floor":7,"key":"Orichalcum"},{"floor":9,"key":"Whetstone"},{"floor":13,"key":"Regal Pillow"},{"floor":24,"key":"Tiny Chest"},{"floor":26,"key":"Darkstone Periapt"},{"floor":30,"key":"Centennial Puzzle"},{"floor":38,"key":"Anchor"},{"floor":43,"key":"Ancient Tea Set"}],"event_choices":[{"damage_healed":0,"gold_gain":0,"player_choice":"Success","damage_taken":5,"relics_obtained":["Boot"],"max_hp_gain":0,"max_hp_loss":0,"event_name":"Scrap Ooze","floor":5,"gold_loss":0},{"damage_healed":0,"gold_gain":0,"player_choice":"Entered Light","damage_taken":20,"max_hp_gain":0,"max_hp_loss":0,"event_name":"Shining Light","floor":11,"gold_loss":0,"cards_upgraded":["Dodge and Roll","Defend_G"]},{"damage_healed":0,"gold_gain":0,"player_choice":"Got Potions","damage_taken":0,"max_hp_gain":0,"max_hp_loss":0,"event_name":"The Lab","floor":19,"gold_loss":0},{"damage_healed":0,"gold_gain":0,"cards_transformed":["Strike_G","Strike_G"],"player_choice":"Became Test Subject","damage_taken":0,"max_hp_gain":0,"max_hp_loss":0,"event_name":"Drug Dealer","floor":21,"gold_loss":0,"cards_obtained":["Burst","Doppelganger"]},{"damage_healed":0,"gold_gain":0,"cards_transformed":["Defend_G"],"player_choice":"Transformed","damage_taken":0,"max_hp_gain":0,"max_hp_loss":0,"event_name":"Transmorgrifier","floor":36,"gold_loss":0,"cards_obtained":["Grand Finale"]},{"cards_removed":["Die Die Die"],"damage_healed":0,"gold_gain":0,"player_choice":"Removed Attack","damage_taken":0,"max_hp_gain":0,"max_hp_loss":0,"event_name":"Falling","floor":48,"gold_loss":0}],"is_beta":true,"boss_relics":[{"not_picked":["Calling Bell","Empty Cage"],"picked":"Busted Crown"},{"not_picked":["Eternal Feather","White Beast Statue"],"picked":"Black Star"}],"items_purged_floors":[3,31],"is_endless":false,"potions_floor_spawned":[1,7,10,18,28,37,39,44,46],"killed_by":"Donu and Deca","ascension_level":20}