{"gold_per_floor":[17,37,37,112,7,40,52,52,52,11,11,24,24,57,57,131,131,104,130,28,28,44,75,75,89,139,139,139,152,152,184,184,262,262,274,1273,1273,1289,16,16,16,67,121,148,148,148,174,192,192,192,192],"floor_reached":52,"playtime":3352,"items_purged":["Strike_B","Normality"],"score":2003,"play_id":"c57800ac-6ec7-4517-b20d-0f0e9bb86def","local_time":"20190406150003","is_ascension_mode":true,"campfire_choices":[{"data":"Zap","floor":8.0,"key":"SMITH"},{"data":"Coolheaded","floor":11.0,"key":"SMITH"},{"floor":13.0,"key":"REST"},{"data":"Hologram","floor":15.0,"key":"SMITH"},{"data":"Reinforced Body","floor":24.0,"key":"SMITH"},{"data":"Coolheaded","floor":27.0,"key":"SMITH"},{"data":"Reboot","floor":32.0,"key":"SMITH"},{"data":"Creative AI","floor":40.0,"key":"SMITH"},{"floor":46.0,"key":"DIG"},{"floor":49,"key":"DIG"}],"neow_cost":"NO_GOLD","seed_source_timestamp":0,"circlet_count":0,"master_deck":["AscendersBane","Strike_B+1","Strike_B","Defend_B","Defend_B+1","Defend_B","Defend_B","Zap+1","Dualcast","Ball Lightning","Coolheaded+1","Gash","FTL+1","Gash","Ball Lightning","Glacier","Hologram+1","Creative AI+1","Sunder+1","Gash","Ghostly","Ghostly+1","Ghostly","Gash","Reinforced Body+1","Coolheaded+1","Decay","Reboot+1","Darkness+1","Seek","Compile Driver","Coolheaded","BootSequence","Chill","Finesse","Compile Driver+1","Glacier"],"special_seed":0,"relics":["Cracked Core","Ginger","Gambling Chip","The Courier","Mummified Hand","Sozu","Orichalcum","Happy Flower","War Paint","Pantograph","Inserter","Spirit Poop","Bag of Marbles","Pen Nib","Omamori","Du-Vu Doll","Pocketwatch","Art of War","Shovel","Anchor","Whetstone","Dream Catcher","Nunchaku","Bottled Flame"],"potions_floor_usage":[],"damage_taken":[{"damage":7.0,"enemies":"Jaw Worm","floor":1.0,"turns":3.0},{"damage":0.0,"enemies":"Small Slimes","floor":2.0,"turns":3.0},{"damage":19.0,"enemies":"Lagavulin","floor":6.0,"turns":6.0},{"damage":0.0,"enemies":"Cultist","floor":7.0,"turns":2.0},{"damage":2.0,"enemies":"3 Louse","floor":12.0,"turns":3.0},{"damage":1.0,"enemies":"Gremlin Nob","floor":14.0,"turns":3.0},{"damage":11.0,"enemies":"Slime Boss","floor":16.0,"turns":8.0},{"damage":19.0,"enemies":"2 Thieves","floor":18.0,"turns":4.0},{"damage":2.0,"enemies":"Shell Parasite","floor":22.0,"turns":6.0},{"damage":23.0,"enemies":"Gremlin Leader","floor":23.0,"turns":8.0},{"damage":3.0,"enemies":"Snake Plant","floor":25.0,"turns":5.0},{"damage":0.0,"enemies":"Colosseum Slavers","floor":28.0,"turns":4.0},{"damage":5.0,"enemies":"3 Cultists","floor":29.0,"turns":5.0},{"damage":0.0,"enemies":"Slavers","floor":31.0,"turns":5.0},{"damage":15.0,"enemies":"Champ","floor":33.0,"turns":13.0},{"damage":0.0,"enemies":"3 Darklings","floor":35.0,"turns":4.0},{"damage":0.0,"enemies":"Orb Walker","floor":38.0,"turns":4.0},{"damage":19.0,"enemies":"2 Orb Walkers","floor":42.0,"turns":5.0},{"damage":2.0,"enemies":"Reptomancer","floor":44.0,"turns":7.0},{"damage":23,"enemies":"Giant Head","floor":47,"turns":7},{"damage":0,"enemies":"Spire Growth","floor":48,"turns":6},{"damage":14,"enemies":"Time Eater","floor":50,"turns":13},{"damage":27,"enemies":"Awakened One","floor":51,"turns":17}],"seed_played":"6682578823424092047","potions_obtained":[{"floor":2.0,"key":"SkillPotion"},{"floor":7.0,"key":"FearPotion"},{"floor":12.0,"key":"Block Potion"}],"is_trial":false,"path_per_floor":["M","M","?","?","$","E","M","R","T","$","R","M","R","E","R","B",null,"M","T","$","?","M","E","R","M","T","R","?","M","?","E","R","B",null,"M","?","?","M","$","R","?","?","T","E","?","R","E","M","R","B","B",null],"character_chosen":"DEFECT","items_purchased":["Block Potion","Gash","Ball Lightning","Gash","Bag of Marbles","Pen Nib","Omamori","Du-Vu Doll","Pocketwatch","BootSequence","Art of War","Chill","Finesse"],"campfire_rested":1,"item_purchase_floors":[5,5,10,20,39,39,39,39,39,39,39,39,39],"current_hp_per_floor":[57,57,50,39,39,20,20,20,20,20,20,18,39,38,38,27,60,41,41,41,35,33,10,10,7,7,7,7,2,2,2,2,12,29,29,29,29,29,29,29,35,16,16,14,29,29,6,6,6,15,2],"gold":192,"neow_bonus":"ONE_RARE_RELIC","is_prod":false,"is_daily":false,"chose_seed":false,"campfire_upgraded":7,"win_rate":0,"timestamp":1554577203,"path_taken":["M","M","?","?","$","E","M","R","T","?","R","?","R","E","R","BOSS","M","?","$","?","M","E","R","M","T","R","?","M","?","E","R","BOSS","M","?","?","?","$","R","?","?","T","E","?","R","E","M","R","BOSS","BOSS"],"build_version":"2019-04-04","purchased_purges":2,"victory":true,"max_hp_per_floor":[71,71,71,71,71,71,71,71,71,71,71,71,71,71,71,71,71,71,71,71,35,35,35,35,35,35,35,35,35,35,35,35,35,35,35,35,35,35,35,35,35,35,35,35,29,29,29,29,29,29,29],"card_choices":[{"not_picked":["Gash","Redo"],"picked":"Ball Lightning","floor":1.0},{"not_picked":["Leap","Scrape"],"picked":"Coolheaded","floor":2.0},{"not_picked":["Hello World","Stack"],"picked":"FTL","floor":6.0},{"not_picked":["Reprogram","Leap"],"picked":"Gash","floor":7.0},{"not_picked":["Sunder","Genetic Algorithm"],"picked":"Glacier","floor":12.0},{"not_picked":["Auto Shields","Scrape"],"picked":"Hologram","floor":14.0},{"not_picked":["Meteor Strike","Hyperbeam"],"picked":"Creative AI","floor":16.0},{"not_picked":["Doom and Gloom","Recycle"],"picked":"Sunder+1","floor":18.0},{"not_picked":["Hologram","Ball Lightning"],"picked":"Gash","floor":22.0},{"not_picked":["Compile Driver","Darkness"],"picked":"Reinforced Body","floor":23.0},{"not_picked":["Chill","Double Energy"],"picked":"Coolheaded","floor":25.0},{"not_picked":["Stack","Turbo","Cold Snap"],"picked":"SKIP","floor":29.0},{"not_picked":["Sweeping Beam","Hello World","Darkness+1"],"picked":"SKIP","floor":31.0},{"not_picked":["Sweeping Beam","Hello World"],"picked":"Darkness+1","floor":31.0},{"not_picked":["Thunder Strike","Creative AI"],"picked":"Seek","floor":33.0},{"not_picked":["Stack","Heatsinks"],"picked":"Compile Driver","floor":35.0},{"not_picked":["Conserve Battery","Lockon"],"picked":"Coolheaded","floor":38.0},{"not_picked":["Stack","Turbo"],"picked":"Compile Driver+1","floor":44.0},{"not_picked":["Steam","Redo","Turbo"],"picked":"SKIP","floor":47},{"not_picked":["Coolheaded","Barrage+1"],"picked":"Glacier","floor":48}],"player_experience":954268,"relics_obtained":[{"floor":6.0,"key":"Gambling Chip"},{"floor":9.0,"key":"The Courier"},{"floor":14.0,"key":"Mummified Hand"},{"floor":19.0,"key":"Orichalcum"},{"floor":23.0,"key":"Happy Flower"},{"floor":26.0,"key":"War Paint"},{"floor":31.0,"key":"Pantograph"},{"floor":42.0,"key":"Shovel"},{"floor":43.0,"key":"Anchor"},{"floor":44.0,"key":"Whetstone"},{"floor":46.0,"key":"Dream Catcher"},{"floor":47,"key":"Nunchaku"},{"floor":49,"key":"Bottled Flame"}],"event_choices":[{"cards_removed":["Strike_B"],"damage_healed":0.0,"max_hp_gain":0.0,"max_hp_loss":0.0,"gold_gain":0.0,"event_name":"Golden Wing","player_choice":"Card Removal","floor":3.0,"gold_loss":0.0,"damage_taken":7.0},{"damage_healed":0.0,"max_hp_gain":0.0,"max_hp_loss":0.0,"gold_gain":75.0,"event_name":"World of Goop","player_choice":"Gather Gold","floor":4.0,"gold_loss":0.0,"damage_taken":11.0},{"damage_healed":0.0,"max_hp_gain":0.0,"max_hp_loss":36.0,"gold_gain":0.0,"event_name":"Ghosts","player_choice":"Became a Ghost","floor":21.0,"gold_loss":0.0,"damage_taken":0.0,"cards_obtained":["Ghostly","Ghostly","Ghostly"]},{"damage_healed":0.0,"max_hp_gain":0.0,"max_hp_loss":0.0,"gold_gain":0.0,"event_name":"Colosseum","player_choice":"Fight","floor":28.0,"gold_loss":0.0,"damage_taken":0.0},{"damage_healed":0.0,"max_hp_gain":0.0,"max_hp_loss":0.0,"gold_gain":0.0,"event_name":"Colosseum","player_choice":"Fled From Nobs","floor":28.0,"gold_loss":0.0,"damage_taken":0.0},{"damage_healed":0.0,"max_hp_gain":0.0,"max_hp_loss":0.0,"gold_gain":0.0,"event_name":"Match and Keep!","player_choice":"2 cards matched","floor":30.0,"gold_loss":0.0,"damage_taken":0.0,"cards_obtained":["Decay","Reboot"]},{"damage_healed":0.0,"max_hp_gain":0.0,"max_hp_loss":0.0,"gold_gain":999.0,"event_name":"MindBloom","player_choice":"Gold","floor":36.0,"gold_loss":0.0,"damage_taken":0.0,"cards_obtained":["Normality","Normality"]},{"cards_removed":["Normality"],"damage_healed":0.0,"max_hp_gain":0.0,"max_hp_loss":0.0,"gold_gain":0.0,"event_name":"Bonfire Elementals","player_choice":"Offered Curse","floor":37.0,"gold_loss":0.0,"damage_taken":0.0,"relics_obtained":["Spirit Poop"]},{"damage_healed":7.0,"max_hp_gain":0.0,"max_hp_loss":0.0,"gold_gain":0.0,"event_name":"Winding Halls","player_choice":"Writhe","floor":41.0,"gold_loss":0.0,"damage_taken":0.0,"cards_obtained":["Writhe"]},{"damage_healed":0.0,"max_hp_gain":0.0,"max_hp_loss":0.0,"gold_gain":0.0,"event_name":"Mysterious Sphere","player_choice":"Fight","floor":42.0,"gold_loss":0.0,"damage_taken":0.0},{"damage_healed":29.0,"max_hp_gain":0.0,"max_hp_loss":6.0,"gold_gain":0.0,"event_name":"The Moai Head","player_choice":"Heal","floor":45.0,"gold_loss":0.0,"damage_taken":0.0}],"is_beta":true,"boss_relics":[{"not_picked":["Runic Dome","Philosopher\u0027s Stone"],"picked":"Sozu"},{"not_picked":["Black Star","FrozenCore"],"picked":"Inserter"}],"items_purged_floors":[20,39],"is_endless":false,"potions_floor_spawned":[2,7,12,22,29,31,38,47],"ascension_level":20}