{"gold_per_floor":[115,115,129,145,159,159,187,187,212,238,25,25,25,25,25,128,128,140,160,160],"floor_reached":20,"playtime":1768,"items_purged":[],"score":228,"play_id":"9f9a021a-9b42-49be-a882-17ec2ce462b0","local_time":"20190418194708","is_ascension_mode":true,"campfire_choices":[{"floor":6,"key":"REST"},{"floor":8,"key":"REST"},{"floor":12,"key":"REST"},{"floor":15,"key":"REST"}],"neow_cost":"NONE","seed_source_timestamp":175438581633808,"circlet_count":0,"master_deck":["Defend_G","Defend_G","Defend_G","Defend_G","Strike_G","Strike_G","Strike_G","Strike_G","Survivor","Neutralize","Dagger Spray","Blade Dance","Well Laid Plans","Blur","Tools of the Trade","Die Die Die","Infinite Blades","Pain","Adrenaline","PiercingWail","Backflip","Finisher","Well Laid Plans","Dagger Spray","Infinite Blades","Unload"],"relics":["Ring of the Snake","Pear","Unceasing Top","Art of War","Happy Flower","Oddly Smooth Stone","WarpedTongs","Orrery"],"potions_floor_usage":[7,7,10,10,18],"damage_taken":[{"damage":2,"enemies":"Cultist","floor":1,"turns":4},{"damage":6,"enemies":"Jaw Worm","floor":3,"turns":5},{"damage":7,"enemies":"Small Slimes","floor":4,"turns":4},{"damage":20,"enemies":"Gremlin Gang","floor":5,"turns":5},{"damage":42,"enemies":"Lagavulin","floor":7,"turns":8},{"damage":21,"enemies":"Gremlin Nob","floor":10,"turns":6},{"damage":32,"enemies":"Hexaghost","floor":16,"turns":12},{"damage":24,"enemies":"Spheric Guardian","floor":18,"turns":4},{"damage":16,"enemies":"Chosen","floor":19,"turns":6},{"damage":34,"enemies":"Snake Plant","floor":20,"turns":5}],"seed_played":"-1360404385640448946","potions_obtained":[{"floor":1,"key":"LiquidBronze"},{"floor":4,"key":"FearPotion"},{"floor":5,"key":"SpeedPotion"},{"floor":7,"key":"Weak Potion"},{"floor":10,"key":"SpeedPotion"},{"floor":18,"key":"SpeedPotion"}],"is_trial":false,"path_per_floor":["M","T","M","M","M","R","E","R","T","E","$","R","?","?","R","B",null,"M","M","M"],"character_chosen":"THE_SILENT","items_purchased":["Oddly Smooth Stone","Infinite Blades"],"campfire_rested":4,"item_purchase_floors":[11,11],"current_hp_per_floor":[68,78,72,65,45,69,27,51,51,30,30,54,47,47,71,39,70,46,30,0],"gold":160,"neow_bonus":"REMOVE_CARD","is_prod":false,"is_daily":false,"chose_seed":false,"campfire_upgraded":0,"win_rate":0,"timestamp":1555627628,"path_taken":["M","?","M","M","M","R","E","R","T","E","$","R","?","?","R","BOSS","M","M","?"],"build_version":"2019-01-23","purchased_purges":0,"victory":false,"max_hp_per_floor":[70,80,80,80,80,80,80,80,80,80,80,80,80,80,80,80,80,80,80,80],"card_choices":[{"not_picked":["Calculated Gamble","Prepared"],"picked":"Dagger Spray","floor":1},{"not_picked":["Backstab","Finisher"],"picked":"Blade Dance","floor":3},{"not_picked":["Outmaneuver","Riddle With Holes"],"picked":"Well Laid Plans","floor":4},{"not_picked":["Caltrops","Quick Slash"],"picked":"Blur","floor":5},{"not_picked":["Expertise","Bane"],"picked":"Tools of the Trade","floor":7},{"not_picked":["Catalyst","PiercingWail"],"picked":"Die Die Die","floor":10},{"not_picked":["Wraith Form v2","Doppelganger"],"picked":"Adrenaline","floor":16},{"not_picked":["Expertise","Acrobatics"],"picked":"PiercingWail","floor":17},{"not_picked":["Deflect","Poisoned Stab"],"picked":"Backflip","floor":17},{"not_picked":["Catalyst","Outmaneuver"],"picked":"Finisher","floor":17},{"not_picked":["Predator","Bane"],"picked":"Well Laid Plans","floor":17},{"not_picked":["Quick Slash","Dodge and Roll"],"picked":"Dagger Spray","floor":17},{"not_picked":["Bane","Underhanded Strike"],"picked":"Infinite Blades","floor":18},{"not_picked":["Predator","Poisoned Stab"],"picked":"Unload","floor":19}],"player_experience":292201,"relics_obtained":[{"floor":2,"key":"Pear"},{"floor":7,"key":"Unceasing Top"},{"floor":9,"key":"Art of War"},{"floor":10,"key":"Happy Flower"}],"event_choices":[{"cards_removed":["Defend_G"],"damage_healed":0,"gold_gain":0,"player_choice":"Card Removal","damage_taken":7,"max_hp_gain":0,"max_hp_loss":0,"event_name":"Golden Wing","floor":13,"gold_loss":0},{"damage_healed":0,"gold_gain":0,"player_choice":"Rummage","damage_taken":0,"relics_obtained":["WarpedTongs"],"max_hp_gain":0,"max_hp_loss":0,"event_name":"Accursed Blacksmith","floor":14,"gold_loss":0,"cards_obtained":["Pain"]}],"is_beta":false,"boss_relics":[{"not_picked":["Tiny House","White Beast Statue"],"picked":"Orrery"}],"items_purged_floors":[],"is_endless":false,"potions_floor_spawned":[1,4,5,7,10,18],"killed_by":"Snake Plant","ascension_level":5}