{"gold_per_floor":[361,361,69,84,96,96,129,129,152,184,184,2,2,2,2,76,76,92,12,27,27,27,27,27,44,69,19,19,19,19,30,30,30],"floor_reached":33,"playtime":1286,"items_purged":["Strike_G","Strike_G"],"score":698,"play_id":"103e4f25-eb9a-4f99-92ea-2f9b5ee229b4","local_time":"20190418231754","is_ascension_mode":true,"campfire_choices":[{"data":"Neutralize","floor":6,"key":"SMITH"},{"data":"Noxious Fumes","floor":8,"key":"SMITH"},{"data":"Dagger Spray","floor":15,"key":"SMITH"},{"floor":23,"key":"REST"},{"floor":24,"key":"REST"},{"floor":30,"key":"REST"},{"floor":32,"key":"REST"}],"neow_cost":"TEN_PERCENT_HP_LOSS","seed_source_timestamp":4327559201405,"circlet_count":0,"master_deck":["AscendersBane","Defend_G","Defend_G","Defend_G","Defend_G","Defend_G","Strike_G","Strike_G","Survivor","Neutralize+1","Well Laid Plans","Dagger Spray+1","Quick Slash","Flying Knee","Noxious Fumes+1","Cloak And Dagger","PiercingWail","Parasite","Corpse Explosion+1","Regret","Parasite","Writhe","Noxious Fumes","Backflip","Catalyst","Calculated Gamble","PiercingWail","Prepared+1"],"relics":["Ring of the Snake","Juzu Bracelet","Happy Flower","Dream Catcher","Calling Bell","Snake Skull","WingedGreaves","Nloth\u0027s Gift","Bag of Preparation","Bottled Tornado"],"potions_floor_usage":[7,10,10,16,31,33],"damage_taken":[{"damage":5,"enemies":"Small Slimes","floor":1,"turns":5},{"damage":0,"enemies":"Jaw Worm","floor":4,"turns":7},{"damage":1,"enemies":"Cultist","floor":5,"turns":4},{"damage":36,"enemies":"3 Sentries","floor":7,"turns":14},{"damage":3,"enemies":"Gremlin Nob","floor":10,"turns":4},{"damage":0,"enemies":"The Guardian","floor":16,"turns":13},{"damage":19,"enemies":"Chosen","floor":18,"turns":7},{"damage":10,"enemies":"Spheric Guardian","floor":20,"turns":6},{"damage":58,"enemies":"Cultist and Chosen","floor":25,"turns":6},{"damage":17,"enemies":"Snake Plant","floor":31,"turns":5},{"damage":42,"enemies":"Collector","floor":33,"turns":2}],"seed_played":"-5743121681393882346","potions_obtained":[{"floor":4,"key":"Regen Potion"},{"floor":5,"key":"Poison Potion"},{"floor":7,"key":"Strength Potion"},{"floor":16,"key":"LiquidBronze"},{"floor":31,"key":"Ancient Potion"}],"is_trial":false,"path_per_floor":["M","?","$","M","M","R","E","R","T","E","?","$","?","?","R","B",null,"M","$","M","?","?","R","R","M","T","$","T","?","R","M","R","B"],"character_chosen":"THE_SILENT","items_purchased":["Well Laid Plans","GhostInAJar","Dagger Spray","PiercingWail","AttackPotion","Noxious Fumes","PiercingWail"],"campfire_rested":4,"item_purchase_floors":[3,3,3,12,12,19,27],"current_hp_per_floor":[54,59,59,59,58,58,22,22,22,19,19,19,35,28,28,28,56,37,37,27,27,27,46,65,7,7,7,7,7,26,9,28,0],"gold":30,"neow_bonus":"TWO_FIFTY_GOLD","is_prod":false,"is_daily":false,"chose_seed":false,"campfire_upgraded":3,"win_rate":0,"timestamp":1555643874,"path_taken":["M","?","$","M","M","R","E","R","T","E","?","$","?","?","R","BOSS","M","$","M","?","?","R","R","M","T","$","?","?","R","M","R","BOSS"],"build_version":"2019-04-04","purchased_purges":2,"victory":false,"max_hp_per_floor":[60,65,65,65,65,65,65,65,65,65,65,65,65,65,65,65,65,65,65,65,65,65,65,65,65,65,65,65,65,65,65,65,65],"card_choices":[{"not_picked":["Slice","Infinite Blades","Bane"],"picked":"SKIP","floor":1},{"not_picked":["Prepared","Underhanded Strike"],"picked":"Quick Slash","floor":4},{"not_picked":["Accuracy","Cloak And Dagger"],"picked":"Flying Knee","floor":5},{"not_picked":["Underhanded Strike","Blade Dance"],"picked":"Noxious Fumes","floor":7},{"not_picked":["Flying Knee","Accuracy"],"picked":"Cloak And Dagger","floor":10},{"not_picked":["Burst","Phantasmal Killer"],"picked":"Corpse Explosion","floor":16},{"not_picked":["Dagger Spray","Poisoned Stab","Bane"],"picked":"SKIP","floor":18},{"not_picked":["Bane","Slice","Underhanded Strike"],"picked":"SKIP","floor":20},{"not_picked":["Slice","Dodge and Roll"],"picked":"Backflip","floor":23},{"not_picked":["Cloak And Dagger","Outmaneuver"],"picked":"Catalyst","floor":24},{"not_picked":["Dodge and Roll","Phantasmal Killer"],"picked":"Calculated Gamble","floor":25},{"not_picked":["Escape Plan","Dagger Spray+1"],"picked":"Prepared+1","floor":30},{"not_picked":["Sucker Punch","Prepared","Underhanded Strike"],"picked":"SKIP","floor":31}],"player_experience":994986,"relics_obtained":[{"floor":7,"key":"Juzu Bracelet"},{"floor":9,"key":"Happy Flower"},{"floor":10,"key":"Dream Catcher"},{"floor":17,"key":"Snake Skull"},{"floor":17,"key":"Darkstone Periapt"},{"floor":17,"key":"WingedGreaves"},{"floor":26,"key":"Bag of Preparation"},{"floor":28,"key":"Bottled Tornado"}],"event_choices":[{"damage_healed":0,"gold_gain":0,"player_choice":"Donut","damage_taken":0,"max_hp_gain":5,"max_hp_loss":0,"event_name":"Big Fish","floor":2,"gold_loss":0},{"damage_healed":0,"gold_gain":0,"player_choice":"Fled","damage_taken":0,"max_hp_gain":0,"max_hp_loss":0,"event_name":"Scrap Ooze","floor":11,"gold_loss":0},{"damage_healed":16,"gold_gain":0,"player_choice":"Healed and dodged fight","damage_taken":0,"max_hp_gain":0,"max_hp_loss":0,"event_name":"Mushrooms","floor":13,"gold_loss":0,"cards_obtained":["Parasite"]},{"cards_removed":["Strike_G"],"damage_healed":0,"gold_gain":0,"player_choice":"Card Removal","damage_taken":7,"max_hp_gain":0,"max_hp_loss":0,"event_name":"Golden Wing","floor":14,"gold_loss":0},{"damage_healed":0,"gold_gain":0,"player_choice":"Upgraded","damage_taken":0,"max_hp_gain":0,"max_hp_loss":0,"event_name":"Upgrade Shrine","floor":21,"gold_loss":0,"cards_upgraded":["Corpse Explosion"]},{"damage_healed":0,"gold_gain":0,"player_choice":"Traded Relic","damage_taken":0,"relics_obtained":["Nloth\u0027s Gift"],"max_hp_gain":0,"max_hp_loss":0,"event_name":"N\u0027loth","floor":22,"relics_lost":["Darkstone Periapt"],"gold_loss":0}],"is_beta":true,"boss_relics":[{"not_picked":["Ring of the Serpent","Lizard Tail"],"picked":"Calling Bell"}],"items_purged_floors":[3,12],"is_endless":false,"potions_floor_spawned":[4,5,7,16,31],"killed_by":"Collector","ascension_level":20}