{"gold_per_floor":[215,231,231,156,175,175,193,225,248,248,264,264,289,289],"floor_reached":14,"playtime":1072,"items_purged":["Defend_G"],"score":105,"play_id":"f8735e5a-5d2c-40e0-95ea-5a7a165f9a54","local_time":"20181208113712","is_ascension_mode":true,"campfire_choices":[{"data":"Outmaneuver","floor":6,"key":"SMITH"},{"floor":10,"key":"REST"}],"neow_cost":"NONE","seed_source_timestamp":485215106119160,"circlet_count":0,"master_deck":["Defend_G","Defend_G","Defend_G","Defend_G","Strike_G","Strike_G","Strike_G","Strike_G","Strike_G","Survivor","Neutralize","Outmaneuver+1","Deflect","Bouncing Flask","Backflip","Noxious Fumes","Poisoned Stab"],"relics":["Ring of the Snake","Pen Nib","Lantern","Juzu Bracelet"],"potions_floor_usage":[13],"damage_taken":[{"damage":2,"enemies":"Jaw Worm","floor":1,"turns":5},{"damage":0,"enemies":"2 Louse","floor":2,"turns":3},{"damage":0,"enemies":"Cultist","floor":5,"turns":3},{"damage":5,"enemies":"Red Slaver","floor":7,"turns":5},{"damage":19,"enemies":"Lagavulin","floor":8,"turns":6},{"damage":12,"enemies":"3 Louse","floor":11,"turns":4},{"damage":41,"enemies":"3 Sentries","floor":13,"turns":8},{"damage":33,"enemies":"Exordium Thugs","floor":14,"turns":5}],"seed_played":"2906299747372230236","potions_obtained":[{"floor":7,"key":"Energy Potion"},{"floor":8,"key":"PowerPotion"}],"is_trial":false,"path_per_floor":["M","M","?","$","M","R","M","E","T","R","M","?","E","M"],"character_chosen":"THE_SILENT","items_purchased":[],"campfire_rested":1,"item_purchase_floors":[],"current_hp_per_floor":[68,68,73,73,73,73,68,49,49,71,59,59,18,0],"gold":289,"neow_bonus":"HUNDRED_GOLD","is_prod":false,"is_daily":false,"chose_seed":false,"campfire_upgraded":1,"win_rate":0,"timestamp":1544283432,"path_taken":["M","M","?","$","M","R","M","E","T","R","M","?","E","M"],"build_version":"2018-12-06","purchased_purges":1,"victory":false,"max_hp_per_floor":[70,70,75,75,75,75,75,75,75,75,75,75,75,75],"card_choices":[{"not_picked":["Calculated Gamble","Flying Knee"],"picked":"Outmaneuver","floor":1},{"not_picked":["All Out Attack","Underhanded Strike","Expertise"],"picked":"SKIP","floor":2},{"not_picked":["Dash","Distraction"],"picked":"Deflect","floor":5},{"not_picked":["Bane","Well Laid Plans"],"picked":"Bouncing Flask","floor":7},{"not_picked":["Footwork","Blade Dance"],"picked":"Backflip","floor":8},{"not_picked":["Quick Slash","Outmaneuver"],"picked":"Noxious Fumes","floor":11},{"not_picked":["Blade Dance","Acrobatics"],"picked":"Poisoned Stab","floor":13}],"player_experience":81473,"relics_obtained":[{"floor":8,"key":"Pen Nib"},{"floor":9,"key":"Lantern"},{"floor":13,"key":"Juzu Bracelet"}],"event_choices":[{"damage_healed":0,"gold_gain":0,"player_choice":"Donut","damage_taken":0,"max_hp_gain":5,"max_hp_loss":0,"event_name":"Big Fish","floor":3,"gold_loss":0},{"damage_healed":0,"gold_gain":0,"player_choice":"Bought 0 Potions","damage_taken":0,"max_hp_gain":0,"max_hp_loss":0,"event_name":"The Woman in Blue","floor":12,"gold_loss":0}],"is_beta":false,"boss_relics":[],"items_purged_floors":[4],"is_endless":false,"potions_floor_spawned":[7,8],"killed_by":"Exordium Thugs","ascension_level":1}