{"gold_per_floor":[219,219,21,21,39,70,70,98,151,151,167,198,198,213,213,306,306,327,371,200,214,214,255,255,290,347,386,386,386,407,21,21,110,110,133,258,39,39,52,92,108,142,168,207,220,220,220,220,220,220,220],"floor_reached":52,"playtime":4019,"items_purged":["Strike_B"],"score":2349,"play_id":"7c608241-236e-416a-9e16-5ed3c2826b1c","local_time":"20190316233043","is_ascension_mode":true,"campfire_choices":[{"data":"Lockon","floor":7.0,"key":"SMITH"},{"floor":10.0,"key":"REST"},{"data":"Self Repair","floor":15.0,"key":"SMITH"},{"data":"Buffer","floor":29.0,"key":"SMITH"},{"data":"Defragment","floor":32,"key":"SMITH"},{"data":"Seek","floor":49,"key":"SMITH"}],"neow_cost":"NONE","seed_source_timestamp":19481604155238,"circlet_count":0,"master_deck":["AscendersBane","Dualcast","Cold Snap","Lockon+1","Chill","Sweeping Beam","Compile Driver","Self Repair+1","Ball Lightning","Echo Form","Electrodynamics","Conserve Battery","Gash","Leap","Buffer+1","Auto Shields","Leap","BootSequence","Steam","Conserve Battery","Coolheaded","Coolheaded","Ghostly","Ghostly","Ghostly","Ball Lightning","Defragment+1","Doom and Gloom","Conserve Battery","Skim","Seek+1","Sweeping Beam","Gash+1","Compile Driver"],"special_seed":0,"relics":["Cracked Core","Anchor","Juzu Bracelet","Centennial Puzzle","Symbiotic Virus","Golden Idol","Pandora\u0027s Box","Red Mask","DataDisk","Enchiridion","Shuriken","Vajra","Tiny Chest","Smiling Mask","MutagenicStrength","Art of War","Sozu","Peace Pipe","ClockworkSouvenir","Sundial","Mercury Hourglass","Potion Belt","Oddly Smooth Stone","Omamori","Orichalcum"],"potions_floor_usage":[40],"damage_taken":[{"damage":1.0,"enemies":"Small Slimes","floor":1.0,"turns":3.0},{"damage":3.0,"enemies":"Jaw Worm","floor":5.0,"turns":3.0},{"damage":26.0,"enemies":"Lagavulin","floor":6.0,"turns":10.0},{"damage":6.0,"enemies":"Gremlin Nob","floor":8.0,"turns":3.0},{"damage":3.0,"enemies":"2 Louse","floor":11.0,"turns":3.0},{"damage":17.0,"enemies":"Lagavulin","floor":12.0,"turns":6.0},{"damage":2.0,"enemies":"Exordium Thugs","floor":14.0,"turns":3.0},{"damage":27.0,"enemies":"Slime Boss","floor":16.0,"turns":9.0},{"damage":14.0,"enemies":"Shell Parasite","floor":18.0,"turns":7.0},{"damage":18.0,"enemies":"Masked Bandits","floor":19.0,"turns":4.0},{"damage":13.0,"enemies":"Spheric Guardian","floor":21.0,"turns":6.0},{"damage":0.0,"enemies":"Slavers","floor":23.0,"turns":4.0},{"damage":11.0,"enemies":"Gremlin Leader","floor":25.0,"turns":7.0},{"damage":18.0,"enemies":"Slavers","floor":27.0,"turns":5.0},{"damage":3,"enemies":"Centurion and Healer","floor":30,"turns":9},{"damage":0,"enemies":"Automaton","floor":33,"turns":10},{"damage":3,"enemies":"3 Darklings","floor":35,"turns":6},{"damage":0,"enemies":"Mind Bloom Boss Battle","floor":36,"turns":6},{"damage":0,"enemies":"Orb Walker","floor":39,"turns":2},{"damage":0,"enemies":"Reptomancer","floor":40,"turns":5},{"damage":0,"enemies":"Sphere and 2 Shapes","floor":41,"turns":5},{"damage":0,"enemies":"Giant Head","floor":42,"turns":9},{"damage":28,"enemies":"Reptomancer","floor":44,"turns":5},{"damage":0,"enemies":"Maw","floor":45,"turns":7},{"damage":4,"enemies":"Awakened One","floor":50,"turns":14},{"damage":0,"enemies":"Time Eater","floor":51,"turns":9}],"seed_played":"417037524362105947","potions_obtained":[{"floor":1.0,"key":"Block Potion"},{"floor":5.0,"key":"Explosive Potion"},{"floor":11.0,"key":"SteroidPotion"},{"floor":19.0,"key":"Energy Potion"},{"floor":30,"key":"Energy Potion"}],"is_trial":false,"path_per_floor":["M","?","$","?","M","E","R","E","T","R","M","E","?","M","R","B",null,"M","?","$","M","?","E","?","E","T","E","?","R","M","$","R","B",null,"M","?","$","T","M","E","M","E","T","E","M","?","?","?","R","B","B",null],"character_chosen":"DEFECT","items_purchased":["Lockon","Chill","DataDisk","Defragment","Doom and Gloom","Art of War","Conserve Battery","ClockworkSouvenir"],"campfire_rested":1,"item_purchase_floors":[3,3,20,31,31,31,31,37],"current_hp_per_floor":[63,63,63,63,60,34,34,28,28,49,53,43,43,48,48,41,58,64,56,56,63,42,42,32,31,31,13,13,13,30,30,30,32,32,32,32,32,32,32,32,32,32,32,24,32,22,22,22,22,18,18],"gold":220,"neow_bonus":"HUNDRED_GOLD","is_prod":false,"is_daily":false,"chose_seed":false,"campfire_upgraded":5,"win_rate":0,"timestamp":1552793443,"path_taken":["M","?","$","?","M","E","R","E","T","R","M","E","?","M","R","BOSS","M","?","$","M","?","E","?","E","T","E","?","R","M","$","R","BOSS","M","?","$","?","M","E","M","E","T","E","M","?","?","?","R","BOSS","BOSS"],"build_version":"2019-03-15","purchased_purges":1,"victory":true,"max_hp_per_floor":[71,71,71,71,71,71,71,71,71,71,71,71,64,64,64,64,64,64,64,64,64,64,64,32,32,32,32,32,32,32,32,32,32,32,32,32,32,32,32,32,32,32,32,32,32,32,32,32,32,32,32],"card_choices":[{"not_picked":["Chill","Conserve Battery"],"picked":"Cold Snap","floor":1.0},{"not_picked":["Cold Snap","Stack"],"picked":"Sweeping Beam","floor":5.0},{"not_picked":["Rainbow","White Noise"],"picked":"Compile Driver","floor":6.0},{"not_picked":["Turbo","Coolheaded"],"picked":"Self Repair","floor":8.0},{"not_picked":["BootSequence","Force Field"],"picked":"Ball Lightning","floor":11.0},{"not_picked":["Gash","Barrage","Ball Lightning"],"picked":"SKIP","floor":12.0},{"not_picked":["Hologram","Cold Snap"],"picked":"Echo Form","floor":14.0},{"not_picked":["Amplify","Rainbow"],"picked":"Electrodynamics","floor":16.0},{"not_picked":["Ball Lightning","Conserve Battery"],"picked":"Steam","floor":18.0},{"not_picked":["Self Repair","Hello World"],"picked":"Conserve Battery","floor":19.0},{"not_picked":["Hologram","Beam Cell"],"picked":"Coolheaded","floor":21.0},{"not_picked":["Hologram","Machine Learning"],"picked":"Coolheaded","floor":23.0},{"not_picked":["Coolheaded","Steam","Chaos"],"picked":"SKIP","floor":25.0},{"not_picked":["Sweeping Beam","Stack","Sunder"],"picked":"SKIP","floor":27.0},{"not_picked":["Melter","Reinforced Body"],"picked":"Ball Lightning","floor":30},{"not_picked":["Rebound+1","Turbo","Conserve Battery+1"],"picked":"SKIP","floor":35},{"not_picked":["Rebound","Redo+1"],"picked":"Skim","floor":39},{"not_picked":["Beam Cell+1","Leap"],"picked":"Seek","floor":40},{"not_picked":["Self Repair","Hello World+1"],"picked":"Sweeping Beam","floor":41},{"not_picked":["Lockon","Tempest"],"picked":"Gash+1","floor":42},{"not_picked":["Gash","Steam"],"picked":"Compile Driver","floor":44},{"not_picked":["Sweeping Beam","Rebound+1","Lockon"],"picked":"SKIP","floor":45},{"not_picked":["Mayhem","PanicButton"],"picked":"Good Instincts","floor":46}],"player_experience":907320,"relics_obtained":[{"floor":6.0,"key":"Anchor"},{"floor":8.0,"key":"Juzu Bracelet"},{"floor":9.0,"key":"Centennial Puzzle"},{"floor":12.0,"key":"Symbiotic Virus"},{"floor":19.0,"key":"Red Mask"},{"floor":22.0,"key":"Enchiridion"},{"floor":23.0,"key":"Shuriken"},{"floor":25.0,"key":"Vajra"},{"floor":26.0,"key":"Tiny Chest"},{"floor":27.0,"key":"Smiling Mask"},{"floor":36,"key":"Peace Pipe"},{"floor":38,"key":"Sundial"},{"floor":40,"key":"Mercury Hourglass"},{"floor":42,"key":"Potion Belt"},{"floor":43,"key":"Oddly Smooth Stone"},{"floor":44,"key":"Omamori"}],"event_choices":[{"damage_healed":0.0,"max_hp_gain":0.0,"max_hp_loss":0.0,"gold_gain":0.0,"event_name":"The Cleric","player_choice":"Leave","floor":2.0,"gold_loss":0.0,"damage_taken":0.0},{"damage_healed":0.0,"max_hp_gain":0.0,"max_hp_loss":0.0,"gold_gain":0.0,"event_name":"Liars Game","player_choice":"Ignored","floor":4.0,"gold_loss":0.0,"damage_taken":0.0},{"damage_healed":0.0,"max_hp_gain":0.0,"max_hp_loss":7.0,"gold_gain":0.0,"event_name":"Golden Idol","player_choice":"Lose Max HP","floor":13.0,"gold_loss":0.0,"damage_taken":0.0,"relics_obtained":["Golden Idol"]},{"damage_healed":0.0,"max_hp_gain":0.0,"max_hp_loss":0.0,"gold_gain":0.0,"event_name":"Masked Bandits","player_choice":"Fought Bandits","floor":19.0,"gold_loss":0.0,"damage_taken":0.0},{"damage_healed":0.0,"max_hp_gain":0.0,"max_hp_loss":0.0,"gold_gain":0.0,"event_name":"Cursed Tome","player_choice":"Obtained Book","floor":22.0,"gold_loss":0.0,"damage_taken":21.0},{"damage_healed":0.0,"max_hp_gain":0.0,"max_hp_loss":32.0,"gold_gain":0.0,"event_name":"Ghosts","player_choice":"Became a Ghost","floor":24.0,"gold_loss":0.0,"damage_taken":0.0,"cards_obtained":["Ghostly","Ghostly","Ghostly"]},{"damage_healed":0.0,"max_hp_gain":0.0,"max_hp_loss":0.0,"gold_gain":0.0,"event_name":"Drug Dealer","player_choice":"Inject Mutagens","floor":28.0,"gold_loss":0.0,"damage_taken":0.0,"relics_obtained":["MutagenicStrength"]},{"damage_healed":0,"gold_gain":0,"player_choice":"Fight","damage_taken":0,"max_hp_gain":0,"max_hp_loss":0,"event_name":"MindBloom","floor":36,"gold_loss":0},{"damage_healed":0,"gold_gain":0,"player_choice":"Memory 3","damage_taken":10,"max_hp_gain":0,"max_hp_loss":0,"event_name":"SensoryStone","floor":46,"gold_loss":0},{"cards_removed":["Good Instincts"],"damage_healed":0,"gold_gain":0,"player_choice":"Gave Card","damage_taken":0,"relics_obtained":["Orichalcum"],"max_hp_gain":0,"max_hp_loss":0,"event_name":"WeMeetAgain","floor":47,"gold_loss":0},{"cards_removed":["Zap"],"damage_healed":0,"gold_gain":0,"player_choice":"Removed Skill","damage_taken":0,"max_hp_gain":0,"max_hp_loss":0,"event_name":"Falling","floor":48,"gold_loss":0}],"is_beta":true,"boss_relics":[{"not_picked":["Eternal Feather","Ectoplasm"],"picked":"Pandora\u0027s Box"},{"not_picked":["Fusion Hammer","Lizard Tail"],"picked":"Sozu"}],"items_purged_floors":[3],"is_endless":false,"potions_floor_spawned":[1,5,11,19,30,40,42,44],"ascension_level":20}