{"gold_per_floor":[113,131,141,154,35,67,67,86,86,86,86,97,47,59,59,157,157,167,182,182,182,182,182,216,233,315,315,332,352,352,363,363,463,463,483,483,502,8,19,19],"floor_reached":40,"playtime":2814,"items_purged":[],"score":439,"play_id":"85ca9b1e-c266-46e9-96fd-d128124118e0","local_time":"20181124215947","is_ascension_mode":false,"campfire_choices":[{"floor":7,"key":"REST"},{"data":"Perfected Strike","floor":11,"key":"SMITH"},{"data":"Metallicize","floor":15,"key":"SMITH"},{"floor":23,"key":"REST"},{"floor":30,"key":"REST"},{"floor":32,"key":"REST"}],"neow_cost":"PERCENT_DAMAGE","seed_source_timestamp":722948063001467,"circlet_count":0,"master_deck":["Strike_R","Strike_R","Strike_R","Strike_R","Strike_R","Defend_R","Defend_R","Defend_R","Metallicize+1","Shockwave","Twin Strike","Clothesline","Inflame","Pommel Strike","Heavy Blade","Perfected Strike+1","Twin Strike","Demon Form","Perfected Strike","Shrug It Off","Twin Strike","Ghostly Armor+1","Metallicize","Impervious+1","Headbutt","Demon Form","Pommel Strike+1","Perfected Strike","Pommel Strike","Barricade","Ghostly Armor+1","Headbutt"],"relics":["Burning Blood","Sundial","Kunai","Velvet Choker","MutagenicStrength","Paper Frog","Vajra","Toxic Egg 2","Runic Pyramid","Regal Pillow"],"potions_floor_usage":[16,25,27,28,33,39,40],"damage_taken":[{"damage":0,"enemies":"2 Louse","floor":1,"turns":4},{"damage":3,"enemies":"Cultist","floor":2,"turns":5},{"damage":7,"enemies":"Small Slimes","floor":3,"turns":4},{"damage":15,"enemies":"Gremlin Gang","floor":4,"turns":8},{"damage":19,"enemies":"Gremlin Nob","floor":6,"turns":5},{"damage":7,"enemies":"Exordium Wildlife","floor":8,"turns":4},{"damage":0,"enemies":"Large Slime","floor":12,"turns":2},{"damage":6,"enemies":"Blue Slaver","floor":14,"turns":3},{"damage":50,"enemies":"The Guardian","floor":16,"turns":7},{"damage":34,"enemies":"3 Byrds","floor":18,"turns":6},{"damage":39,"enemies":"2 Thieves","floor":19,"turns":4},{"damage":34,"enemies":"Book of Stabbing","floor":24,"turns":4},{"damage":24,"enemies":"Snake Plant","floor":25,"turns":3},{"damage":0,"enemies":"Centurion and Healer","floor":27,"turns":1},{"damage":4,"enemies":"Snecko","floor":28,"turns":3},{"damage":28,"enemies":"Chosen and Byrds","floor":29,"turns":5},{"damage":21,"enemies":"Sentry and Sphere","floor":31,"turns":4},{"damage":44,"enemies":"Collector","floor":33,"turns":10},{"damage":36,"enemies":"3 Shapes","floor":35,"turns":4},{"damage":16,"enemies":"Orb Walker","floor":37,"turns":3},{"damage":14,"enemies":"Transient","floor":39,"turns":5},{"damage":69,"enemies":"Nemesis","floor":40,"turns":5}],"seed_played":"-4378267894171769343","potions_obtained":[{"floor":1,"key":"FearPotion"},{"floor":6,"key":"SneckoOil"},{"floor":12,"key":"SmokeBomb"},{"floor":14,"key":"Block Potion"},{"floor":16,"key":"Explosive Potion"},{"floor":18,"key":"Strength Potion"},{"floor":24,"key":"Energy Potion"},{"floor":28,"key":"SpeedPotion"},{"floor":37,"key":"Fire Potion"}],"is_trial":false,"path_per_floor":["M","M","M","M","$","E","R","M","T","?","R","M","?","M","R","B",null,"M","M","$","?","?","R","E","M","T","M","M","M","R","M","R","B",null,"M","?","M","$","M","E"],"character_chosen":"IRONCLAD","items_purchased":["Inflame","Pommel Strike","Perfected Strike","Pommel Strike","Barricade","Regal Pillow","Ghostly Armor+1","Swift Potion"],"campfire_rested":4,"item_purchase_floors":[5,5,38,38,38,38,38,38],"current_hp_per_floor":[78,81,80,71,71,58,86,85,85,90,90,96,96,96,96,52,101,73,40,40,40,40,70,42,24,24,30,32,10,40,25,55,17,101,71,71,61,61,53,0],"gold":19,"neow_bonus":"TWENTY_PERCENT_HP_BONUS","is_prod":false,"is_daily":false,"chose_seed":false,"campfire_upgraded":2,"win_rate":0.0,"timestamp":1543111187,"path_taken":["M","M","M","M","$","E","R","M","T","?","R","M","?","M","R","BOSS","M","M","$","?","?","R","E","?","T","M","M","M","R","M","R","BOSS","M","?","?","$","M","E"],"build_version":"2018-11-15","purchased_purges":0,"victory":false,"max_hp_per_floor":[96,96,96,96,96,96,96,96,96,101,101,101,101,101,101,101,101,101,101,101,101,101,101,101,101,101,101,101,101,101,101,101,101,101,101,101,101,101,101,101],"card_choices":[{"not_picked":["Dual Wield","Warcry"],"picked":"Metallicize","floor":1},{"not_picked":["Pummel","Clothesline"],"picked":"Shockwave","floor":2},{"not_picked":["Power Through","Dropkick"],"picked":"Twin Strike","floor":3},{"not_picked":["Iron Wave","Feel No Pain"],"picked":"Clothesline","floor":4},{"not_picked":["Rage","Iron Wave"],"picked":"Heavy Blade","floor":6},{"not_picked":["Feel No Pain","Thunderclap"],"picked":"Perfected Strike","floor":8},{"not_picked":["Iron Wave","Power Through","Flame Barrier"],"picked":"SKIP","floor":12},{"not_picked":["Clothesline","Rupture"],"picked":"Twin Strike","floor":14},{"not_picked":["Double Tap","Fiend Fire"],"picked":"Demon Form","floor":16},{"not_picked":["Feel No Pain","Warcry","Second Wind"],"picked":"SKIP","floor":18},{"not_picked":["Bloodletting","Power Through","Reckless Charge"],"picked":"SKIP","floor":19},{"not_picked":["Searing Blow","Cleave"],"picked":"Perfected Strike","floor":24},{"not_picked":["Thunderclap","Iron Wave"],"picked":"Shrug It Off","floor":25},{"not_picked":["Disarm+1","Flex+1"],"picked":"Twin Strike","floor":28},{"not_picked":["Second Wind+1","Flame Barrier+1"],"picked":"Ghostly Armor+1","floor":29},{"not_picked":["Shrug It Off+1","Dual Wield+1"],"picked":"Metallicize","floor":31},{"not_picked":["Berserk","Juggernaut"],"picked":"Impervious+1","floor":33},{"not_picked":["Clothesline+1","Warcry+1"],"picked":"Headbutt","floor":35},{"not_picked":["Headbutt","Heavy Blade"],"picked":"Pommel Strike+1","floor":37},{"not_picked":["Anger","Clothesline+1"],"picked":"Headbutt","floor":39}],"player_experience":34065,"relics_obtained":[{"floor":6,"key":"Sundial"},{"floor":9,"key":"Kunai"},{"floor":24,"key":"Vajra"},{"floor":26,"key":"Toxic Egg 2"}],"event_choices":[{"damage_healed":0,"gold_gain":0,"player_choice":"Donut","damage_taken":0,"max_hp_gain":5,"max_hp_loss":0,"event_name":"Big Fish","floor":10,"gold_loss":0},{"cards_removed":["Bash"],"damage_healed":0,"gold_gain":0,"player_choice":"Card Removal","damage_taken":0,"max_hp_gain":0,"max_hp_loss":0,"event_name":"The Cleric","floor":13,"gold_loss":50},{"damage_healed":0,"gold_gain":0,"player_choice":"Inject Mutagens","damage_taken":0,"relics_obtained":["MutagenicStrength"],"max_hp_gain":0,"max_hp_loss":0,"event_name":"Drug Dealer","floor":21,"gold_loss":0},{"damage_healed":0,"gold_gain":0,"player_choice":"Gave Potion","damage_taken":0,"relics_obtained":["Paper Frog"],"max_hp_gain":0,"max_hp_loss":0,"event_name":"WeMeetAgain","floor":22,"gold_loss":0},{"damage_healed":0,"gold_gain":0,"cards_transformed":["Defend_R"],"player_choice":"Transformed","damage_taken":0,"max_hp_gain":0,"max_hp_loss":0,"event_name":"Transmorgrifier","floor":36,"gold_loss":0,"cards_obtained":["Demon Form"]}],"is_beta":false,"boss_relics":[{"not_picked":["Cursed Key","Coffee Dripper"],"picked":"Velvet Choker"},{"not_picked":["Philosopher\u0027s Stone","Empty Cage"],"picked":"Runic Pyramid"}],"items_purged_floors":[],"is_endless":false,"potions_floor_spawned":[1,6,12,14,16,18,24,27,28,37],"killed_by":"Nemesis","ascension_level":0}