{"gold_per_floor":[116,116,128,147,12,12,44,56,56,88,88,7,7,41,41,115,165,179,75,75,20,33,44,54,54,108,140,140,140,140,174,174,252,252,263,263,485,504,504,504,516,516,516,516,527,18,53,53,53,53],"floor_reached":50,"playtime":2157,"items_purged":["Strike_G"],"score":1127,"play_id":"e44df44d-f4e6-4baf-9c9a-770bfa7c8913","local_time":"20180925001839","is_ascension_mode":true,"campfire_choices":[{"floor":6.0,"key":"REST"},{"floor":11.0,"key":"REST"},{"floor":13.0,"key":"REST"},{"floor":15.0,"key":"REST"},{"floor":25.0,"key":"REST"},{"floor":28.0,"key":"REST"},{"floor":32,"key":"REST"},{"data":"Footwork","floor":40,"key":"SMITH"},{"data":"Envenom","floor":42,"key":"SMITH"},{"floor":44,"key":"REST"},{"floor":49,"key":"REST"}],"neow_cost":"NONE","seed_source_timestamp":622139945016163,"circlet_count":0,"master_deck":["Defend_G+1","Defend_G+1","Defend_G+1","Defend_G+1","Defend_G+1","Strike_G+1","Strike_G+1","Strike_G+1","Survivor","Neutralize","AscendersBane","Envenom+1","Dagger Spray","Poisoned Stab","Deadly Poison","Die Die Die+1","Infinite Blades","Dodge and Roll+1","Die Die Die+1","Crippling Poison+1","Footwork+1","Dodge and Roll+1","Blade Dance+1","Dodge and Roll+1","Die Die Die+1","Deflect+1","Cloak And Dagger+1","Cloak And Dagger+1","Backflip+1","Terror+1","Die Die Die+1","Dodge and Roll+1","Dagger Spray+1","Sucker Punch+1","Backflip+1","Sucker Punch+1","Prepared+1","Trip+1","Acrobatics+1"],"special_seed":0,"relics":["Ring of the Snake","Molten Egg 2","Question Card","Ornamental Fan","Toxic Egg 2","Bottled Lightning","Tiny House","Dream Catcher","PreservedInsect","Red Mask","Cursed Key","TwistedFunnel","Gremlin Horn"],"potions_floor_usage":[31,33,45,48,50],"damage_taken":[{"damage":1.0,"enemies":"2 Louse","floor":1.0,"turns":3.0},{"damage":7.0,"enemies":"Small Slimes","floor":3.0,"turns":3.0},{"damage":7.0,"enemies":"Cultist","floor":4.0,"turns":4.0},{"damage":11.0,"enemies":"Lagavulin","floor":7.0,"turns":6.0},{"damage":9.0,"enemies":"Red Slaver","floor":8.0,"turns":4.0},{"damage":18.0,"enemies":"3 Sentries","floor":10.0,"turns":6.0},{"damage":34.0,"enemies":"Gremlin Nob","floor":14.0,"turns":5.0},{"damage":27.0,"enemies":"The Guardian","floor":16.0,"turns":12.0},{"damage":18.0,"enemies":"Shell Parasite","floor":18.0,"turns":8.0},{"damage":9.0,"enemies":"Chosen","floor":22.0,"turns":4.0},{"damage":3.0,"enemies":"Snecko","floor":23.0,"turns":8.0},{"damage":7.0,"enemies":"Centurion and Healer","floor":24.0,"turns":4.0},{"damage":26.0,"enemies":"Slavers","floor":27.0,"turns":4.0},{"damage":0.0,"enemies":"Book of Stabbing","floor":30.0,"turns":1.0},{"damage":0,"enemies":"Masked Bandits","floor":31,"turns":2},{"damage":65,"enemies":"Collector","floor":33,"turns":13},{"damage":0,"enemies":"3 Darklings","floor":35,"turns":2},{"damage":3,"enemies":"Orb Walker","floor":38,"turns":5},{"damage":18,"enemies":"3 Darklings","floor":41,"turns":3},{"damage":7,"enemies":"Jaw Worm Horde","floor":45,"turns":3},{"damage":12,"enemies":"2 Orb Walkers","floor":47,"turns":3},{"damage":0,"enemies":"Spire Growth","floor":48,"turns":1},{"damage":58,"enemies":"Donu and Deca","floor":50,"turns":8}],"seed_played":"-4514745655585286027","potions_obtained":[{"floor":8.0,"key":"FearPotion"},{"floor":10.0,"key":"EssenceOfSteel"},{"floor":16.0,"key":"SmokeBomb"},{"floor":17.0,"key":"SteroidPotion"},{"floor":31,"key":"GhostInAJar"},{"floor":35,"key":"SteroidPotion"},{"floor":38,"key":"Strength Potion"}],"is_trial":false,"path_per_floor":["M","?","M","M","$","R","E","M","T","E","R","?","R","E","R","B",null,"M","$","?","$","M","M","M","R","T","E","R","?","E","?","R","B",null,"M","?","?","M","?","R","M","R","T","R","M","$","E","M","R"],"character_chosen":"THE_SILENT","items_purchased":["FearPotion","Footwork","Dodge and Roll+1","Blade Dance+1","TwistedFunnel","SmokeBomb","Prepared+1","Trip+1"],"campfire_rested":9,"item_purchase_floors":[5,19,19,21,46,46,46,46],"current_hp_per_floor":[58,38,31,24,24,43,32,23,23,5,24,24,43,9,28,1,55,37,37,51,51,42,39,32,53,53,27,48,48,48,48,69,4,54,54,54,54,51,51,51,33,33,33,54,47,47,35,35,56,0],"gold":53,"neow_bonus":"ONE_RANDOM_RARE_CARD","is_prod":false,"is_daily":false,"chose_seed":false,"campfire_upgraded":2,"win_rate":0,"timestamp":1537849119,"path_taken":["M","?","?","M","?","R","E","M","T","E","R","?","R","E","R","BOSS","M","$","?","$","M","M","M","R","T","E","R","?","E","?","R","BOSS","M","?","?","M","?","R","M","R","T","R","M","$","E","?","R","BOSS"],"build_version":"2018-09-20","purchased_purges":1,"victory":false,"max_hp_per_floor":[66,66,66,66,66,66,66,66,66,66,66,66,66,66,66,66,71,71,71,71,71,71,71,71,71,71,71,71,71,71,71,71,71,71,71,71,71,71,71,71,71,71,71,71,71,71,71,71,71,71],"card_choices":[{"not_picked":["Outmaneuver","Backflip"],"picked":"Dagger Spray","floor":1.0},{"not_picked":["Tactician","PiercingWail"],"picked":"Poisoned Stab","floor":3.0},{"not_picked":["Dagger Spray","Dodge and Roll"],"picked":"Deadly Poison","floor":4.0},{"not_picked":["Underhanded Strike","Blur"],"picked":"Die Die Die","floor":7.0},{"not_picked":["Escape Plan","Deflect"],"picked":"Infinite Blades","floor":8.0},{"not_picked":["Flying Knee+1","Slice+1","Dagger Spray+1","Poisoned Stab+1"],"picked":"SKIP","floor":10.0},{"not_picked":["Bane+1","Dagger Throw+1","Infinite Blades"],"picked":"Dodge and Roll+1","floor":14.0},{"not_picked":["Burst+1","Phantasmal Killer+1","Tools of the Trade"],"picked":"Die Die Die+1","floor":16.0},{"not_picked":["Slice+1","Backflip+1","Dagger Spray+1"],"picked":"Crippling Poison+1","floor":17.0},{"not_picked":["Acrobatics+1","Dagger Spray+1","Heel Hook+1","Poisoned Stab+1"],"picked":"SKIP","floor":18.0},{"not_picked":["Flechettes+1","Predator+1","Dagger Spray+1"],"picked":"Dodge and Roll+1","floor":22.0},{"not_picked":["Sucker Punch+1","Underhanded Strike+1","Slice+1"],"picked":"Die Die Die+1","floor":23.0},{"not_picked":["Backflip+1","Quick Slash+1","Acrobatics+1"],"picked":"Deflect+1","floor":24.0},{"not_picked":["Venomology+1","Masterful Stab+1","Prepared+1"],"picked":"Cloak And Dagger+1","floor":27.0},{"not_picked":["Poisoned Stab+1","Deadly Poison+1","Sucker Punch+1"],"picked":"Cloak And Dagger+1","floor":28.0},{"not_picked":["Bane+1","Dagger Spray+1","Sucker Punch+1"],"picked":"Backflip+1","floor":31},{"not_picked":["Backstab+1","Eviscerate+1","Well Laid Plans+1"],"picked":"Terror+1","floor":32},{"not_picked":["Bullet Time+1","Doppelganger+1","Tools of the Trade"],"picked":"Die Die Die+1","floor":33},{"not_picked":["Flying Knee+1","Blade Dance+1","Dagger Spray+1"],"picked":"Dodge and Roll+1","floor":35},{"not_picked":["Crippling Poison+1","Skewer+1","Reflex+1"],"picked":"Sucker Punch+1","floor":38},{"not_picked":["Tactician+1","Caltrops","Underhanded Strike+1","Riddle With Holes+1"],"picked":"SKIP","floor":41},{"not_picked":["Escape Plan+1","Poisoned Stab+1","Heel Hook+1"],"picked":"Backflip+1","floor":44},{"not_picked":["Endless Agony+1","Distraction+1","Bane+1"],"picked":"Sucker Punch+1","floor":45},{"not_picked":["Deadly Poison+1","Sucker Punch+1","Wraith Form v2"],"picked":"Acrobatics+1","floor":47}],"player_experience":623529,"relics_obtained":[{"floor":7.0,"key":"Molten Egg 2"},{"floor":9.0,"key":"Question Card"},{"floor":10.0,"key":"Ornamental Fan"},{"floor":14.0,"key":"Bottled Lightning"},{"floor":26.0,"key":"Dream Catcher"},{"floor":27.0,"key":"PreservedInsect"},{"floor":31,"key":"Red Mask"},{"floor":47,"key":"Gremlin Horn"}],"event_choices":[{"event_name":"Shining Light","player_choice":"Entered Light","floor":2.0,"damage_taken":0.0},{"event_name":"WeMeetAgain","player_choice":"Gold","floor":12.0,"damage_taken":0.0},{"event_name":"The Library","player_choice":"Heal","floor":20.0,"damage_taken":0.0},{"event_name":"Back to Basics","player_choice":"Simplicity","floor":29.0,"damage_taken":0.0},{"event_name":"Masked Bandits","player_choice":"Fought Bandits","floor":31,"damage_taken":0},{"event_name":"Transmorgrifier","player_choice":"Transform","floor":36,"damage_taken":0},{"event_name":"Tomb of Lord Red Mask","player_choice":"Wore Mask","floor":37,"damage_taken":0},{"event_name":"SensoryStone","player_choice":"Memory 1","floor":39,"damage_taken":0}],"is_beta":true,"boss_relics":[{"not_picked":["HoveringKite","Coffee Dripper"],"picked":"Tiny House"},{"not_picked":["Ring of the Serpent","Astrolabe"],"picked":"Cursed Key"}],"items_purged_floors":[5],"is_endless":false,"potions_floor_spawned":[8,10,16,24,30,31,35,38,48],"killed_by":"Donu and Deca","ascension_level":20}