{"gold_per_floor":[117,136,155,230,10,10,44,44,44,61,30,30,58,69,69,148,148,166,59,59,77,127,127,127],"floor_reached":24,"playtime":1131,"items_purged":[],"score":408,"play_id":"32f280d3-405f-422b-9975-7ee46da1e75d","local_time":"20181003015111","is_ascension_mode":true,"campfire_choices":[{"floor":6.0,"key":"REST"},{"floor":12.0,"key":"REST"},{"data":"Neutralize","floor":15.0,"key":"SMITH"},{"floor":23.0,"key":"REST"}],"neow_cost":"NONE","seed_source_timestamp":595433692795967,"circlet_count":0,"master_deck":["Defend_G","Defend_G","Defend_G","Defend_G","Defend_G","Strike_G","Strike_G","Strike_G","Strike_G","Strike_G","Survivor","Neutralize+1","AscendersBane","Dagger Throw","Dagger Spray","Underhanded Strike","Corpse Explosion","Blur","Flying Knee","Storm of Steel","Skewer","Dodge and Roll","Adrenaline","Dash","Dash","Acrobatics","Acrobatics"],"special_seed":0,"relics":["Snecko Eye","Shuriken","Pantograph","Blue Candle","Prayer Wheel","Sozu","Enchiridion"],"potions_floor_usage":[],"damage_taken":[{"damage":8.0,"enemies":"Jaw Worm","floor":1.0,"turns":7.0},{"damage":12.0,"enemies":"Small Slimes","floor":2.0,"turns":4.0},{"damage":6.0,"enemies":"Cultist","floor":3.0,"turns":5.0},{"damage":5.0,"enemies":"3 Sentries","floor":7.0,"turns":4.0},{"damage":3.0,"enemies":"Looter","floor":10.0,"turns":3.0},{"damage":12.0,"enemies":"Lagavulin","floor":13.0,"turns":5.0},{"damage":0.0,"enemies":"2 Fungi Beasts","floor":14.0,"turns":2.0},{"damage":25.0,"enemies":"Hexaghost","floor":16.0,"turns":8.0},{"damage":2.0,"enemies":"2 Thieves","floor":18.0,"turns":2.0},{"damage":19.0,"enemies":"3 Byrds","floor":21.0,"turns":4.0},{"damage":25,"enemies":"Slavers","floor":24,"turns":3}],"seed_played":"47714498250517436","potions_obtained":[{"floor":2.0,"key":"Block Potion"},{"floor":10.0,"key":"GhostInAJar"},{"floor":14.0,"key":"EssenceOfSteel"},{"floor":16.0,"key":"GhostInAJar"}],"is_trial":false,"path_per_floor":["M","M","M","?","$","R","E","?","T","M","$","R","E","M","R","B",null,"M","$","?","M","?","R"],"character_chosen":"THE_SILENT","items_purchased":["Corpse Explosion","SteroidPotion","Flying Knee","Dash","Acrobatics"],"campfire_rested":3,"item_purchase_floors":[5,5,11,19,19],"current_hp_per_floor":[51,39,33,22,22,41,36,25,25,22,22,41,29,29,29,29,57,55,55,34,15,15,34,9],"gold":127,"neow_bonus":"BOSS_RELIC","is_prod":false,"is_daily":false,"chose_seed":false,"campfire_upgraded":1,"win_rate":0,"timestamp":1538545871,"path_taken":["M","M","M","?","$","R","E","?","T","M","?","R","E","?","R","BOSS","M","$","?","M","?","R","E"],"build_version":"2018-10-01","purchased_purges":0,"victory":false,"max_hp_per_floor":[66,66,66,66,66,66,66,66,66,66,66,66,66,66,66,66,66,66,66,66,66,66,66,66],"card_choices":[{"not_picked":["Blade Dance","Outmaneuver"],"picked":"Dagger Throw","floor":1.0},{"not_picked":["PiercingWail","Flying Knee"],"picked":"Dagger Spray","floor":2.0},{"not_picked":["Deflect","Flying Knee"],"picked":"Underhanded Strike","floor":3.0},{"not_picked":["Underhanded Strike","Venomology"],"picked":"Blur","floor":7.0},{"not_picked":["Deadly Poison","Dagger Spray","PiercingWail"],"picked":"SKIP","floor":10.0},{"not_picked":["Slice","Glass Knife"],"picked":"Storm of Steel","floor":13.0},{"not_picked":["Acrobatics","Deadly Poison"],"picked":"Skewer","floor":14.0},{"not_picked":["Underhanded Strike","Deflect"],"picked":"Dodge and Roll","floor":14.0},{"not_picked":["Unload","Burst"],"picked":"Adrenaline","floor":16.0},{"not_picked":["Crippling Poison","Dagger Throw"],"picked":"Dash","floor":18.0},{"not_picked":["Masterful Stab","Heel Hook","Dodge and Roll"],"picked":"SKIP","floor":18.0},{"not_picked":["Prepared+1","PiercingWail"],"picked":"Acrobatics","floor":21.0},{"not_picked":["Flying Knee","Venomology","Dodge and Roll"],"picked":"SKIP","floor":21.0}],"player_experience":652153,"relics_obtained":[{"floor":7.0,"key":"Shuriken"},{"floor":9.0,"key":"Blue Candle"},{"floor":13.0,"key":"Prayer Wheel"},{"floor":20.0,"key":"Enchiridion"}],"event_choices":[{"event_name":"World of Goop","player_choice":"Gather Gold","floor":4.0,"damage_taken":0.0},{"event_name":"Scrap Ooze","player_choice":"success","floor":8.0,"damage_taken":11.0},{"event_name":"Cursed Tome","player_choice":"Obtained Book","floor":20.0,"damage_taken":0.0},{"event_name":"Nest","player_choice":"Stole From Cult","floor":22.0,"damage_taken":0.0}],"is_beta":true,"boss_relics":[{"not_picked":["Tiny House","Coffee Dripper"],"picked":"Sozu"}],"items_purged_floors":[],"is_endless":false,"potions_floor_spawned":[2,10,14,16,18],"killed_by":"Slavers","ascension_level":20}