{"gold_per_floor":[209,209,220,220,239,280,280,280,307,321,321,271,271,286,286,417,417,440,170,170,295,394,394,415,450,498,498,573,196,196,221,221,352,352,372,1371,1704,1704,1717,1717,1728,1756,1806,1818,1830,1281,700,719,719,719],"floor_reached":51,"playtime":1398,"items_purged":["Strike_R","Strike_R","Normality","Normality"],"score":764,"play_id":"e644d74c-f2df-41c5-8c0e-41fefa3d6c5a","local_time":"20190423203646","is_ascension_mode":false,"campfire_choices":[{"data":"Bash","floor":7.0,"key":"SMITH"},{"data":"Spot Weakness","floor":11.0,"key":"SMITH"},{"data":"Defend_R","floor":13.0,"key":"SMITH"},{"data":"Defend_R","floor":15.0,"key":"SMITH"},{"data":"Uppercut","floor":23,"key":"SMITH"},{"data":"Heavy Blade","floor":27,"key":"SMITH"},{"data":"Defend_R","floor":30,"key":"SMITH"},{"data":"Twin Strike","floor":32,"key":"SMITH"},{"floor":40,"key":"REST"},{"floor":49,"key":"REST"}],"neow_cost":"NONE","seed_source_timestamp":82607162394778,"circlet_count":0,"master_deck":["Strike_R","Strike_R","Strike_R","Defend_R+1","Defend_R+1","Defend_R+1","Defend_R+1","Bash+1","Spot Weakness+1","Shockwave+1","Inflame+1","Juggernaut+1","Headbutt+1","Uppercut+1","Pommel Strike+1","Twin Strike+1","Heavy Blade+1","Heavy Blade+1","Heavy Blade","Limit Break","Whirlwind","Mayhem+1","Panache+1","Corruption+1","Finesse","Infernal Blade+1"],"special_seed":0,"relics":["Burning Blood","War Paint","Frozen Egg 2","PreservedInsect","Snecko Eye","Membership Card","Nilry\u0027s Codex","Pocketwatch","Pantograph","Bag of Preparation","Orichalcum","DollysMirror","Juzu Bracelet","Thread and Needle","Fusion Hammer","Boot","MawBank","MealTicket","Darkstone Periapt","Ancient Tea Set","ClockworkSouvenir","Bottled Lightning","Bottled Tornado"],"potions_floor_usage":[33,33,50,50,50],"damage_taken":[{"damage":5.0,"enemies":"Jaw Worm","floor":1.0,"turns":5.0},{"damage":3.0,"enemies":"Cultist","floor":3.0,"turns":5.0},{"damage":7.0,"enemies":"Small Slimes","floor":5.0,"turns":4.0},{"damage":30.0,"enemies":"Lagavulin","floor":6.0,"turns":6.0},{"damage":8.0,"enemies":"Red Slaver","floor":10.0,"turns":5.0},{"damage":5.0,"enemies":"2 Fungi Beasts","floor":14.0,"turns":6.0},{"damage":44.0,"enemies":"Slime Boss","floor":16.0,"turns":12.0},{"damage":0.0,"enemies":"Chosen","floor":18.0,"turns":4.0},{"damage":10,"enemies":"Colosseum Slavers","floor":21,"turns":4},{"damage":7,"enemies":"Colosseum Nobs","floor":21,"turns":3},{"damage":14,"enemies":"2 Thieves","floor":24,"turns":3},{"damage":1,"enemies":"Gremlin Leader","floor":25,"turns":5},{"damage":5,"enemies":"Snake Plant","floor":31,"turns":2},{"damage":4,"enemies":"Automaton","floor":33,"turns":6},{"damage":5,"enemies":"3 Shapes","floor":35,"turns":3},{"damage":3,"enemies":"Orb Walker","floor":39,"turns":2},{"damage":0,"enemies":"Transient","floor":41,"turns":5},{"damage":34,"enemies":"Nemesis","floor":42,"turns":5},{"damage":1,"enemies":"Writhing Mass","floor":48,"turns":3},{"damage":7,"enemies":"Donu and Deca","floor":50,"turns":4}],"seed_played":"1932825587863334514","potions_obtained":[{"floor":1.0,"key":"AttackPotion"},{"floor":6.0,"key":"Weak Potion"},{"floor":10.0,"key":"Ancient Potion"},{"floor":14.0,"key":"PowerPotion"},{"floor":24,"key":"Regen Potion"},{"floor":31,"key":"EssenceOfSteel"},{"floor":35,"key":"SpeedPotion"},{"floor":39,"key":"SpeedPotion"}],"is_trial":false,"path_per_floor":["M","?","M","?","M","E","R","?","T","M","R","?","R","M","R","B",null,"M","$","?","?","?","R","M","E","T","R","?","$","R","M","R","B",null,"M","?","?","?","M","R","M","E","T","?","?","$","$","M","R","B",null],"character_chosen":"IRONCLAD","items_purchased":["Membership Card","Uppercut","DollysMirror","Juzu Bracelet","Thread and Needle","Limit Break","MealTicket","Darkstone Periapt","Ancient Tea Set","Whirlwind","Mayhem+1","ClockworkSouvenir","Bottled Lightning","Bottled Tornado","Panache+1","Corruption+1","Finesse"],"campfire_rested":2,"item_purchase_floors":[19,19,29,29,29,46,46,46,46,46,46,47,47,47,47,47,47],"current_hp_per_floor":[80,80,80,80,79,55,55,55,55,53,53,53,53,54,54,16,80,80,80,64,59,59,59,51,56,56,56,48,48,48,49,49,80,80,80,80,80,80,80,80,80,52,52,52,52,52,67,72,76,75],"gold":719,"neow_bonus":"HUNDRED_GOLD","is_prod":false,"is_daily":false,"chose_seed":false,"campfire_upgraded":8,"win_rate":0,"timestamp":1556073406,"path_taken":["M","?","?","?","M","E","R","?","T","?","R","?","R","M","R","BOSS","M","$","?","?","?","R","M","E","T","R","?","$","R","M","R","BOSS","M","?","?","?","M","R","M","E","T","?","?","?","$","M","R","BOSS"],"build_version":"2019-01-23","purchased_purges":4,"victory":true,"max_hp_per_floor":[80,80,80,80,80,80,80,80,80,80,80,80,80,80,80,80,80,80,80,80,80,80,80,80,80,80,80,80,80,80,80,80,80,80,80,80,80,80,80,80,80,80,80,76,76,76,76,76,76,76],"card_choices":[{"not_picked":["Disarm","Shrug It Off"],"picked":"Spot Weakness","floor":1.0},{"not_picked":["Armaments","Rampage"],"picked":"Shockwave","floor":3.0},{"not_picked":["Pommel Strike","True Grit","Warcry"],"picked":"SKIP","floor":5.0},{"not_picked":["Wild Strike","Havoc","Thunderclap"],"picked":"SKIP","floor":6.0},{"not_picked":["Perfected Strike","Shrug It Off","Berserk+1"],"picked":"SKIP","floor":10.0},{"not_picked":["Headbutt","Sever Soul"],"picked":"Inflame+1","floor":14.0},{"not_picked":["Brutality+1","Exhume"],"picked":"Juggernaut+1","floor":16.0},{"not_picked":["Wild Strike","Burning Pact"],"picked":"Headbutt+1","floor":18.0},{"not_picked":["Wild Strike","Headbutt"],"picked":"Pommel Strike+1","floor":21},{"not_picked":["True Grit","Havoc+1"],"picked":"Twin Strike","floor":24},{"not_picked":["Flex","Battle Trance"],"picked":"Heavy Blade","floor":25},{"not_picked":["Double Tap","Warcry","Clash+1"],"picked":"SKIP","floor":31},{"not_picked":["Thunderclap","Iron Wave","Bloodletting+1"],"picked":"SKIP","floor":35},{"not_picked":["Shrug It Off+1","Armaments"],"picked":"Heavy Blade","floor":39},{"not_picked":["Body Slam","Clash+1","True Grit"],"picked":"SKIP","floor":41},{"not_picked":["Twin Strike+1","Fire Breathing+1","Dropkick"],"picked":"SKIP","floor":42},{"not_picked":["Infernal Blade+1","Flex+1","Intimidate"],"picked":"SKIP","floor":48},{"not_picked":["Flex+1","Intimidate"],"picked":"Infernal Blade+1","floor":48}],"player_experience":1293662,"relics_obtained":[{"floor":6.0,"key":"War Paint"},{"floor":9.0,"key":"PreservedInsect"},{"floor":20.0,"key":"Nilry\u0027s Codex"},{"floor":21,"key":"Pocketwatch"},{"floor":21,"key":"Pantograph"},{"floor":25,"key":"Bag of Preparation"},{"floor":26,"key":"Orichalcum"},{"floor":42,"key":"Boot"},{"floor":43,"key":"MawBank"}],"event_choices":[{"damage_healed":0.0,"max_hp_gain":0.0,"max_hp_loss":0.0,"gold_gain":0.0,"event_name":"The Woman in Blue","player_choice":"Bought 0 Potions","floor":2.0,"gold_loss":0.0,"damage_taken":0.0},{"damage_healed":0.0,"max_hp_gain":0.0,"max_hp_loss":0.0,"gold_gain":0.0,"event_name":"Golden Idol","player_choice":"Take Wound","floor":4.0,"gold_loss":0.0,"damage_taken":0.0,"relics_obtained":["Golden Idol"],"cards_obtained":["Injury"]},{"damage_healed":0.0,"max_hp_gain":0.0,"max_hp_loss":0.0,"gold_gain":0.0,"event_name":"WeMeetAgain","player_choice":"Gave Potion","floor":8.0,"gold_loss":0.0,"damage_taken":0.0,"relics_obtained":["Frozen Egg 2"]},{"cards_removed":["Injury"],"damage_healed":0.0,"max_hp_gain":0.0,"max_hp_loss":0.0,"gold_gain":0.0,"event_name":"The Cleric","player_choice":"Card Removal","floor":12.0,"gold_loss":50.0,"damage_taken":0.0},{"damage_healed":0.0,"max_hp_gain":0.0,"max_hp_loss":0.0,"gold_gain":0.0,"event_name":"Cursed Tome","player_choice":"Obtained Book","floor":20.0,"gold_loss":0.0,"damage_taken":16.0},{"damage_healed":0,"gold_gain":0,"player_choice":"Fight","damage_taken":0,"max_hp_gain":0,"max_hp_loss":0,"event_name":"Colosseum","floor":21,"gold_loss":0},{"damage_healed":0,"gold_gain":0,"player_choice":"Fought Nobs","damage_taken":0,"max_hp_gain":0,"max_hp_loss":0,"event_name":"Colosseum","floor":21,"gold_loss":0},{"damage_healed":0,"gold_gain":99,"player_choice":"Stole From Cult","damage_taken":0,"max_hp_gain":0,"max_hp_loss":0,"event_name":"Nest","floor":22,"gold_loss":0},{"damage_healed":0,"gold_gain":75,"player_choice":"Touch","damage_taken":8,"max_hp_gain":0,"max_hp_loss":0,"event_name":"FaceTrader","floor":28,"gold_loss":0},{"damage_healed":0,"gold_gain":999,"player_choice":"Gold","damage_taken":0,"max_hp_gain":0,"max_hp_loss":0,"event_name":"MindBloom","floor":36,"gold_loss":0,"cards_obtained":["Normality","Normality"]},{"damage_healed":0,"gold_gain":333,"player_choice":"Gave Idol","damage_taken":0,"max_hp_gain":0,"max_hp_loss":0,"event_name":"The Moai Head","floor":37,"relics_lost":["Golden Idol"],"gold_loss":0},{"damage_healed":0,"gold_gain":0,"player_choice":"Ignored","damage_taken":0,"max_hp_gain":0,"max_hp_loss":0,"event_name":"Tomb of Lord Red Mask","floor":38,"gold_loss":0},{"damage_healed":0,"gold_gain":0,"player_choice":"Max HP","damage_taken":0,"max_hp_gain":0,"max_hp_loss":4,"event_name":"Winding Halls","floor":44,"gold_loss":0},{"damage_healed":0,"gold_gain":0,"player_choice":"Got Potions","damage_taken":0,"max_hp_gain":0,"max_hp_loss":0,"event_name":"Lab","floor":45,"gold_loss":0}],"is_beta":false,"boss_relics":[{"not_picked":["Mark of Pain","Runic Pyramid"],"picked":"Snecko Eye"},{"not_picked":["Tiny House","Eternal Feather"],"picked":"Fusion Hammer"}],"items_purged_floors":[19,29,46,47],"is_endless":false,"potions_floor_spawned":[1,6,10,14,21,24,31,35,39],"ascension_level":0}