{"gold_per_floor":[119,138,288,4,79,79,5,5,5,5,38,54,73,87,87,164,164,177,42,55,5,5,5,16,16,41,41,41,41,58,58,58,137,137,154,154,46,64,82,82,82,115,139,139,139,0,0,0,0,0],"floor_reached":50,"playtime":1770,"items_purged":["Doubt","Strike_B","Strike_B","Strike_B"],"score":953,"play_id":"979f5079-6fd0-44ba-b411-3bd3f32b4b5c","local_time":"20190328010352","is_ascension_mode":true,"campfire_choices":[{"data":"Zap","floor":6.0,"key":"SMITH"},{"data":"Static Discharge","floor":8.0,"key":"SMITH"},{"data":"White Noise","floor":10.0,"key":"SMITH"},{"floor":15.0,"key":"REST"},{"data":"Defragment","floor":23.0,"key":"SMITH"},{"data":"Doom and Gloom","floor":25.0,"key":"SMITH"},{"data":"Rainbow","floor":27.0,"key":"SMITH"},{"floor":29.0,"key":"REST"},{"floor":32.0,"key":"REST"},{"floor":40,"key":"REST"},{"floor":44,"key":"REST"},{"floor":47,"key":"REST"},{"floor":49,"key":"REST"}],"neow_cost":"NONE","seed_source_timestamp":260254128404770,"circlet_count":0,"master_deck":["AscendersBane","Defend_B","Defend_B","Defend_B","Defend_B","Zap+1","Dualcast","Compile Driver","White Noise+1","Static Discharge+1","Leap","Gash","Gash","Rainbow+1","Echo Form","Ball Lightning","Defragment+1","Doom and Gloom+1","Capacitor+1","Electrodynamics","Coolheaded","Echo Form","Cold Snap","Conserve Battery","Turbo+1","Writhe","Coolheaded"],"special_seed":0,"relics":["FrozenCore","Smiling Mask","Bag of Preparation","Mercury Hourglass","Turnip","StoneCalendar","Vajra","Cursed Key","Dodecahedron","Potion Belt","Red Mask"],"potions_floor_usage":[50,50],"damage_taken":[{"damage":0.0,"enemies":"Cultist","floor":1.0,"turns":4.0},{"damage":7.0,"enemies":"Small Slimes","floor":2.0,"turns":3.0},{"damage":10.0,"enemies":"Lagavulin","floor":11.0,"turns":7.0},{"damage":2.0,"enemies":"Jaw Worm","floor":12.0,"turns":2.0},{"damage":0.0,"enemies":"Looter","floor":13.0,"turns":2.0},{"damage":18.0,"enemies":"Lots of Slimes","floor":14.0,"turns":3.0},{"damage":11.0,"enemies":"The Guardian","floor":16.0,"turns":7.0},{"damage":14.0,"enemies":"Spheric Guardian","floor":18.0,"turns":5.0},{"damage":1.0,"enemies":"Chosen","floor":20.0,"turns":7.0},{"damage":9.0,"enemies":"Centurion and Healer","floor":24.0,"turns":6.0},{"damage":13.0,"enemies":"3 Cultists","floor":30.0,"turns":4.0},{"damage":36.0,"enemies":"Collector","floor":33.0,"turns":7.0},{"damage":19,"enemies":"3 Darklings","floor":35,"turns":3},{"damage":8,"enemies":"3 Shapes","floor":38,"turns":4},{"damage":7,"enemies":"Writhing Mass","floor":39,"turns":8},{"damage":68,"enemies":"Nemesis","floor":42,"turns":8},{"damage":79,"enemies":"Awakened One","floor":50,"turns":8}],"seed_played":"3710552101589223984","potions_obtained":[{"floor":1.0,"key":"GamblersBrew"},{"floor":2.0,"key":"SpeedPotion"},{"floor":33.0,"key":"Fire Potion"},{"floor":39,"key":"FairyPotion"},{"floor":42,"key":"SneckoOil"}],"is_trial":false,"path_per_floor":["M","M","?","$","?","R","?","R","T","R","E","M","M","M","R","B",null,"M","$","M","$","?","R","M","R","T","R","?","R","M","?","R","B",null,"M","?","$","M","M","R","T","E","T","R","?","?","R","?","R","B"],"character_chosen":"DEFECT","items_purchased":["Bag of Preparation","Static Discharge","Defragment","Cold Snap"],"campfire_rested":7,"item_purchase_floors":[4,4,19,37],"current_hp_per_floor":[64,57,57,57,46,46,46,46,46,46,36,34,34,16,37,26,60,46,46,45,45,25,25,16,16,16,16,16,38,25,25,47,11,60,41,41,41,33,26,48,48,7,7,29,29,29,51,51,73,0],"gold":0,"neow_bonus":"RANDOM_COMMON_RELIC","is_prod":false,"is_daily":false,"chose_seed":false,"campfire_upgraded":6,"win_rate":0,"timestamp":1553749432,"path_taken":["M","?","?","$","?","R","?","R","T","R","E","M","M","M","R","BOSS","M","$","M","?","?","R","?","R","T","R","?","R","M","?","R","BOSS","M","?","$","?","M","R","?","E","T","R","?","?","R","?","R","BOSS"],"build_version":"2019-03-15","purchased_purges":4,"victory":false,"max_hp_per_floor":[71,71,71,71,71,71,71,71,71,71,71,71,71,71,71,71,71,71,71,71,71,76,76,76,76,76,76,76,76,76,76,76,76,76,76,76,76,76,76,76,76,76,76,76,76,76,76,76,76,76],"card_choices":[{"not_picked":["Stack","Barrage"],"picked":"Compile Driver","floor":1.0},{"not_picked":["Scrape","Go for the Eyes"],"picked":"White Noise","floor":2.0},{"not_picked":["Hello World","Fusion"],"picked":"Leap","floor":11.0},{"not_picked":["Recycle","Conserve Battery"],"picked":"Gash","floor":12.0},{"not_picked":["Hologram","Conserve Battery"],"picked":"Gash","floor":13.0},{"not_picked":["Capacitor","Scrape"],"picked":"Rainbow","floor":14.0},{"not_picked":["All For One","Seek"],"picked":"Echo Form","floor":16.0},{"not_picked":["Beam Cell","Cold Snap"],"picked":"Ball Lightning","floor":18.0},{"not_picked":["Sweeping Beam","Rebound","Stack"],"picked":"SKIP","floor":20.0},{"not_picked":["Thunder Strike","Barrage"],"picked":"Doom and Gloom","floor":24.0},{"not_picked":["Lockon","Tempest"],"picked":"Capacitor","floor":30.0},{"not_picked":["Multi-Cast","Core Surge"],"picked":"Electrodynamics","floor":33.0},{"not_picked":["Hello World","Steam"],"picked":"Coolheaded","floor":35},{"not_picked":["Rebound","Aggregate"],"picked":"Conserve Battery","floor":38},{"not_picked":["Tempest","Streamline"],"picked":"Turbo+1","floor":39},{"not_picked":["Steam","Cold Snap","Aggregate"],"picked":"SKIP","floor":42}],"player_experience":937778,"relics_obtained":[{"floor":9.0,"key":"Turnip"},{"floor":11.0,"key":"StoneCalendar"},{"floor":26.0,"key":"Vajra"},{"floor":42,"key":"Dodecahedron"},{"floor":43,"key":"Potion Belt"}],"event_choices":[{"damage_healed":0.0,"max_hp_gain":0.0,"max_hp_loss":0.0,"gold_gain":150.0,"event_name":"Liars Game","player_choice":"AGREE","floor":3.0,"gold_loss":0.0,"damage_taken":0.0,"cards_obtained":["Doubt"]},{"damage_healed":0.0,"max_hp_gain":0.0,"max_hp_loss":0.0,"gold_gain":75.0,"event_name":"World of Goop","player_choice":"Gather Gold","floor":5.0,"gold_loss":0.0,"damage_taken":11.0},{"damage_healed":0.0,"max_hp_gain":0.0,"max_hp_loss":0.0,"gold_gain":0.0,"event_name":"WeMeetAgain","player_choice":"Paid Gold","floor":7.0,"gold_loss":74.0,"damage_taken":0.0,"relics_obtained":["Mercury Hourglass"]},{"damage_healed":0.0,"max_hp_gain":5.0,"max_hp_loss":0.0,"gold_gain":0.0,"event_name":"Forgotten Altar","player_choice":"Shed Blood","floor":22.0,"gold_loss":0.0,"damage_taken":25.0},{"damage_healed":0.0,"max_hp_gain":0.0,"max_hp_loss":0.0,"gold_gain":0.0,"event_name":"Beggar","player_choice":"Ignored","floor":28.0,"gold_loss":0.0,"damage_taken":0.0},{"damage_healed":0.0,"max_hp_gain":0.0,"max_hp_loss":0.0,"gold_gain":0.0,"event_name":"Upgrade Shrine","player_choice":"Upgraded","floor":31.0,"gold_loss":0.0,"damage_taken":0.0,"cards_upgraded":["Capacitor"]},{"damage_healed":0,"gold_gain":0,"player_choice":"Copied","damage_taken":0,"max_hp_gain":0,"max_hp_loss":0,"event_name":"Duplicator","floor":36,"gold_loss":0,"cards_obtained":["Echo Form"]},{"damage_healed":0,"gold_gain":0,"player_choice":"Memory 1","damage_taken":0,"max_hp_gain":0,"max_hp_loss":0,"event_name":"SensoryStone","floor":45,"gold_loss":0},{"damage_healed":0,"gold_gain":0,"player_choice":"Paid","damage_taken":0,"relics_obtained":["Red Mask"],"max_hp_gain":0,"max_hp_loss":0,"event_name":"Tomb of Lord Red Mask","floor":46,"gold_loss":139},{"damage_healed":0,"gold_gain":0,"cards_transformed":["Strike_B"],"player_choice":"Transformed","damage_taken":0,"max_hp_gain":0,"max_hp_loss":0,"event_name":"Transmorgrifier","floor":48,"gold_loss":0,"cards_obtained":["Coolheaded"]}],"is_beta":true,"boss_relics":[{"not_picked":["Runic Dome","Tiny House"],"picked":"FrozenCore"},{"not_picked":["Inserter","Velvet Choker"],"picked":"Cursed Key"}],"items_purged_floors":[4,19,21,37],"is_endless":false,"potions_floor_spawned":[1,2,11,18,30,33,39,42],"killed_by":"Awakened One","ascension_level":20}