{"gold_per_floor":[361,376,390,402,44,44,44,44,44,44,44,70,83,17,17,95,95,95,95,95,95,95,95,95,95,95,95,95,95,95,95,95,95],"floor_reached":33,"playtime":1475,"items_purged":[],"score":570,"play_id":"70cc8922-ab9f-44a7-a1d3-4f15dac066b3","local_time":"20180926000833","is_ascension_mode":true,"campfire_choices":[{"floor":6.0,"key":"REST"},{"data":"Skewer","floor":8.0,"key":"SMITH"},{"data":"Neutralize","floor":10.0,"key":"SMITH"},{"data":"Terror","floor":15.0,"key":"SMITH"},{"floor":23.0,"key":"REST"},{"data":"Dagger Spray","floor":25.0,"key":"SMITH"},{"data":"After Image","floor":27.0,"key":"SMITH"},{"floor":30.0,"key":"REST"},{"floor":32.0,"key":"REST"}],"neow_cost":"PERCENT_DAMAGE","seed_source_timestamp":0,"circlet_count":0,"master_deck":["Defend_G","Defend_G","Defend_G","Defend_G","Defend_G","Strike_G","Strike_G","Strike_G","Strike_G","Survivor","Neutralize+1","AscendersBane","Poisoned Stab","Flying Knee","Skewer+1","Dagger Spray+1","Cloak And Dagger","Leg Sweep","Crippling Poison","Terror+1","After Image+1","Backflip","Deadly Poison+1"],"special_seed":0,"relics":["Ring of the Snake","Singing Bowl","The Courier","Thread and Needle","Paper Crane","Ectoplasm","Tingsha","Dodecahedron","Mummified Hand"],"potions_floor_usage":[],"damage_taken":[{"damage":9.0,"enemies":"Jaw Worm","floor":1.0,"turns":9.0},{"damage":0.0,"enemies":"2 Louse","floor":2.0,"turns":3.0},{"damage":4.0,"enemies":"Small Slimes","floor":3.0,"turns":3.0},{"damage":4.0,"enemies":"Blue Slaver","floor":4.0,"turns":4.0},{"damage":7.0,"enemies":"3 Sentries","floor":12.0,"turns":7.0},{"damage":2.0,"enemies":"Exordium Wildlife","floor":13.0,"turns":3.0},{"damage":16.0,"enemies":"Slime Boss","floor":16.0,"turns":14.0},{"damage":0.0,"enemies":"3 Byrds","floor":18.0,"turns":6.0},{"damage":4.0,"enemies":"Colosseum Slavers","floor":19.0,"turns":5.0},{"damage":10.0,"enemies":"Chosen","floor":20.0,"turns":6.0},{"damage":1.0,"enemies":"Shelled Parasite and Fungi","floor":22.0,"turns":7.0},{"damage":15.0,"enemies":"Gremlin Leader","floor":24.0,"turns":8.0},{"damage":6.0,"enemies":"Centurion and Healer","floor":28.0,"turns":6.0},{"damage":0.0,"enemies":"Snecko","floor":29.0,"turns":4.0},{"damage":31.0,"enemies":"Book of Stabbing","floor":31.0,"turns":6.0},{"damage":58,"enemies":"Collector","floor":33,"turns":8}],"seed_played":"8040217924967170150","potions_obtained":[{"floor":1.0,"key":"FairyPotion"},{"floor":4.0,"key":"EntropicBrew"},{"floor":12.0,"key":"FairyPotion"},{"floor":16.0,"key":"EssenceOfSteel"},{"floor":18.0,"key":"AttackPotion"},{"floor":22.0,"key":"EssenceOfSteel"},{"floor":24.0,"key":"GhostInAJar"}],"is_trial":false,"path_per_floor":["M","M","M","M","$","R","?","R","T","R","T","E","M","$","R","B",null,"M","?","M","?","M","R","E","R","T","R","M","M","R","E","R"],"character_chosen":"THE_SILENT","items_purchased":["Singing Bowl","Cloak And Dagger","Terror"],"campfire_rested":4,"item_purchase_floors":[5,5,14],"current_hp_per_floor":[35,35,31,27,27,46,39,39,39,39,39,32,30,30,30,14,53,55,51,43,33,32,53,40,40,40,40,34,36,58,29,51,0],"gold":95,"neow_bonus":"TWO_FIFTY_GOLD","is_prod":false,"is_daily":false,"chose_seed":false,"campfire_upgraded":5,"win_rate":0,"timestamp":1537934913,"path_taken":["M","M","M","M","$","R","?","R","T","R","?","E","M","$","R","BOSS","M","?","?","?","M","R","E","R","T","R","M","M","R","E","R","BOSS"],"build_version":"2018-09-24","purchased_purges":0,"victory":false,"max_hp_per_floor":[66,66,66,66,66,66,66,66,66,66,66,66,66,66,66,66,66,68,68,70,70,70,70,72,72,72,72,72,74,74,76,76,76],"card_choices":[{"not_picked":["Bane","Cloak And Dagger"],"picked":"Poisoned Stab","floor":1.0},{"not_picked":["PiercingWail","Blade Dance"],"picked":"Flying Knee","floor":2.0},{"not_picked":["Heel Hook","Flying Knee"],"picked":"Skewer","floor":3.0},{"not_picked":["Prepared","Poisoned Stab"],"picked":"Dagger Spray","floor":4.0},{"not_picked":["Backflip","Finisher"],"picked":"Leg Sweep","floor":12.0},{"not_picked":["Caltrops","Backflip"],"picked":"Crippling Poison","floor":13.0},{"not_picked":["Phantasmal Killer","Tools of the Trade"],"picked":"After Image","floor":16.0},{"not_picked":["Leg Sweep","Deflect+1","Eviscerate"],"picked":"Singing Bowl","floor":18.0},{"not_picked":["Cloak And Dagger","Flying Knee","Slice"],"picked":"Singing Bowl","floor":20.0},{"not_picked":["Concentrate","Riddle With Holes"],"picked":"Backflip","floor":22.0},{"not_picked":["Phantasmal Killer","Heel Hook","Slice"],"picked":"Singing Bowl","floor":24.0},{"not_picked":["Bane","Acrobatics"],"picked":"Deadly Poison+1","floor":28.0},{"not_picked":["Masterful Stab","Acrobatics","Cloak And Dagger"],"picked":"Singing Bowl","floor":29.0},{"not_picked":["Dagger Throw","Well Laid Plans","PiercingWail"],"picked":"Singing Bowl","floor":31.0}],"player_experience":627136,"relics_obtained":[{"floor":9.0,"key":"The Courier"},{"floor":11.0,"key":"Thread and Needle"},{"floor":12.0,"key":"Paper Crane"},{"floor":24.0,"key":"Tingsha"},{"floor":26.0,"key":"Dodecahedron"},{"floor":31.0,"key":"Mummified Hand"}],"event_choices":[{"event_name":"Golden Wing","player_choice":"Card Removal","floor":7.0,"damage_taken":0.0},{"event_name":"Colosseum","player_choice":"Fight","floor":19.0,"damage_taken":0.0},{"event_name":"Colosseum","player_choice":"Fled From Nobs","floor":19.0,"damage_taken":0.0},{"event_name":"Wheel of Change","player_choice":"Damage","floor":21.0,"damage_taken":0.0}],"is_beta":true,"boss_relics":[{"not_picked":["Philosopher\u0027s Stone","Empty Cage"],"picked":"Ectoplasm"}],"items_purged_floors":[],"is_endless":false,"potions_floor_spawned":[1,4,12,16,18,22,24],"killed_by":"Collector","ascension_level":20}