{"gold_per_floor":[111,9,9,28,44,44,63,88,111,140,155,155,172,172,172,246,246,257,257,277,277,12,12,46,46,46,46,62,62,75,90,90,162,162,180,180,26,46,46,46,73,98,110,122,134,146,158,184,196,208],"floor_reached":51,"playtime":3236,"items_purged":[],"score":1240,"play_id":"2a955d98-e559-4c93-adc1-0951986bcec1","local_time":"20180804014146","is_ascension_mode":true,"campfire_choices":[{"data":"Neutralize","floor":6.0,"key":"SMITH"},{"data":"Well Laid Plans","floor":12.0,"key":"SMITH"},{"data":"Adrenaline","floor":15.0,"key":"SMITH"},{"floor":23.0,"key":"REST"},{"floor":25.0,"key":"REST"},{"floor":29.0,"key":"REST"},{"floor":32.0,"key":"REST"},{"data":"Footwork","floor":40.0,"key":"SMITH"},{"data":"Doppelganger","floor":45,"key":"SMITH"},{"floor":49,"key":"REST"}],"neow_cost":"NONE","seed_source_timestamp":459744968353512,"circlet_count":0,"master_deck":["Defend_G+1","Defend_G+1","Defend_G+1","Defend_G+1","Defend_G+1","Strike_G+1","Strike_G+1","Strike_G+1","Strike_G+1","Survivor+1","Neutralize+1","AscendersBane","Endless Agony+1","Infinite Blades+1","Deflect+1","Poisoned Stab+1","Dagger Throw+1","Endless Agony+1","PiercingWail+1","Heel Hook+1","Well Laid Plans+1","Adrenaline+1","Adrenaline+1","Dodge and Roll+1","Dodge and Roll+1","Cloak And Dagger+1","Clumsy","Footwork+1","Malaise+1","Doppelganger+1","Purity+1","Cloak And Dagger+1","Writhe","Outmaneuver+1","Footwork+1","Dagger Throw+1"],"special_seed":0,"relics":["Ring of the Snake","Vajra","Letter Opener","Art of War","Oddly Smooth Stone","Molten Egg 2","Cursed Key","Nilry\u0027s Codex","Bottled Lightning","Juzu Bracelet","Bag of Marbles","Runic Pyramid","Regal Pillow","MawBank","Mark of the Bloom"],"potions_floor_usage":[50,50],"damage_taken":[{"damage":0.0,"enemies":"Cultist","floor":1.0,"turns":5.0},{"damage":1.0,"enemies":"Small Slimes","floor":4.0,"turns":3.0},{"damage":4.0,"enemies":"Jaw Worm","floor":5.0,"turns":4.0},{"damage":0.0,"enemies":"Looter","floor":7.0,"turns":3.0},{"damage":14.0,"enemies":"Gremlin Nob","floor":8.0,"turns":4.0},{"damage":2.0,"enemies":"Lagavulin","floor":10.0,"turns":5.0},{"damage":0.0,"enemies":"3 Louse","floor":11.0,"turns":3.0},{"damage":0.0,"enemies":"Red Slaver","floor":13.0,"turns":4.0},{"damage":12.0,"enemies":"The Guardian","floor":16.0,"turns":14.0},{"damage":7.0,"enemies":"Chosen","floor":18.0,"turns":5.0},{"damage":6.0,"enemies":"2 Thieves","floor":20.0,"turns":4.0},{"damage":19.0,"enemies":"Book of Stabbing","floor":24.0,"turns":5.0},{"damage":20.0,"enemies":"Snake Plant","floor":28.0,"turns":5.0},{"damage":10.0,"enemies":"Snecko","floor":30.0,"turns":5.0},{"damage":14.0,"enemies":"Sentry and Sphere","floor":31.0,"turns":6.0},{"damage":7.0,"enemies":"Champ","floor":33.0,"turns":22.0},{"damage":9.0,"enemies":"Orb Walker","floor":35.0,"turns":4.0},{"damage":5.0,"enemies":"Flame Bruiser 1 Orb","floor":38.0,"turns":9.0},{"damage":0.0,"enemies":"Nemesis","floor":41.0,"turns":9.0},{"damage":0,"enemies":"4 Shapes","floor":42,"turns":10},{"damage":0,"enemies":"Flame Bruiser 2 Orb","floor":48,"turns":9},{"damage":31,"enemies":"Time Eater","floor":50,"turns":20}],"seed_played":"-957024366656621439","potions_obtained":[{"floor":4.0,"key":"Ancient Potion"},{"floor":7.0,"key":"Fire Potion"},{"floor":13.0,"key":"PowerPotion"},{"floor":20.0,"key":"GhostInAJar"},{"floor":30.0,"key":"GhostInAJar"},{"floor":41.0,"key":"AttackPotion"},{"floor":48,"key":"EssenceOfSteel"}],"is_trial":false,"path_per_floor":["M","$","T","M","M","R","M","E","T","E","M","R","M","?","R","B",null,"M","?","M","?","$","R","E","R","T","T","M","R","M","M","R","B",null,"M","?","$","M","?","R","E","M","T","?","R","?","?","M","R","B"],"character_chosen":"THE_SILENT","items_purchased":["Infinite Blades","Deflect","Bottled Lightning","Dodge and Roll","Regal Pillow"],"campfire_rested":5,"item_purchase_floors":[2,2,22,22,37],"current_hp_per_floor":[59,59,59,58,54,54,54,40,40,38,38,38,38,38,38,26,56,49,28,22,22,22,41,22,41,41,41,21,40,30,16,35,28,57,48,48,48,43,56,56,56,56,56,56,56,56,56,56,56,25],"gold":220,"neow_bonus":"RANDOM_COMMON_RELIC","is_prod":false,"is_daily":false,"chose_seed":false,"campfire_upgraded":5,"win_rate":0,"timestamp":1533361306,"path_taken":["M","$","?","M","M","R","M","E","T","E","M","R","?","?","R","BOSS","M","?","M","?","$","R","E","R","T","?","M","R","M","M","R","BOSS","M","?","$","M","?","R","E","M","T","?","R","?","?","M","R","BOSS"],"build_version":"2018-08-02","purchased_purges":0,"victory":true,"max_hp_per_floor":[66,66,66,66,66,66,66,66,66,66,66,66,66,66,66,66,66,66,66,66,66,66,66,66,66,66,66,66,66,66,66,66,66,66,66,66,66,66,66,66,66,66,66,66,66,66,66,66,66,66],"card_choices":[{"not_picked":["Quick Slash","Slice"],"picked":"Endless Agony","floor":1.0},{"not_picked":["Deflect","Poisoned Stab","Flying Knee"],"picked":"SKIP","floor":4.0},{"not_picked":["Deflect","Flying Knee"],"picked":"Poisoned Stab","floor":4.0},{"not_picked":["Bouncing Flask","Deadly Poison"],"picked":"Dagger Throw","floor":5.0},{"not_picked":["Dagger Spray","Deflect"],"picked":"Endless Agony","floor":7.0},{"not_picked":["Crippling Poison","Poisoned Stab"],"picked":"PiercingWail","floor":8.0},{"not_picked":["Dagger Throw","Bouncing Flask"],"picked":"Heel Hook","floor":10.0},{"not_picked":["Prepared","Cloak And Dagger"],"picked":"Well Laid Plans","floor":11.0},{"not_picked":["Masterful Stab+1","Dagger Spray+1"],"picked":"Adrenaline","floor":13.0},{"not_picked":["Bullet Time","Night Terror"],"picked":"Adrenaline","floor":16.0},{"not_picked":["Flying Knee+1","Deflect"],"picked":"Dodge and Roll","floor":18.0},{"not_picked":["Catalyst","Slice+1","Quick Slash+1"],"picked":"SKIP","floor":20.0},{"not_picked":["Finisher+1","Predator+1"],"picked":"Cloak And Dagger","floor":24.0},{"not_picked":["Dagger Spray+1","Slice+1","Acrobatics"],"picked":"SKIP","floor":28.0},{"not_picked":["Quick Slash+1","PiercingWail"],"picked":"Footwork","floor":30.0},{"not_picked":["Bouncing Flask","Sucker Punch+1"],"picked":"Malaise","floor":31.0},{"not_picked":["Die Die Die+1","Venomology"],"picked":"Doppelganger","floor":33.0},{"not_picked":["Quick Slash+1","Poisoned Stab+1","Eviscerate+1"],"picked":"SKIP","floor":35.0},{"not_picked":["Magnetism","Dramatic Entrance+1"],"picked":"Purity","floor":36.0},{"not_picked":["Deadly Poison","Endless Agony+1"],"picked":"Cloak And Dagger+1","floor":38.0},{"not_picked":["PiercingWail","Storm of Steel"],"picked":"Outmaneuver+1","floor":41.0},{"not_picked":["Masterful Stab+1","Quick Slash+1"],"picked":"Footwork","floor":42},{"not_picked":["Quick Slash+1","Acrobatics"],"picked":"Dagger Throw+1","floor":48}],"player_experience":444730,"relics_obtained":[{"floor":3.0,"key":"Letter Opener"},{"floor":8.0,"key":"Art of War"},{"floor":9.0,"key":"Oddly Smooth Stone"},{"floor":10.0,"key":"Molten Egg 2"},{"floor":19.0,"key":"Nilry\u0027s Codex"},{"floor":24.0,"key":"Juzu Bracelet"},{"floor":27.0,"key":"Bag of Marbles"},{"floor":41.0,"key":"MawBank"}],"event_choices":[{"event_name":"Liars Game","player_choice":"disagreed","floor":14.0,"damage_taken":0.0},{"event_name":"Cursed Tome","player_choice":"Obtained Book","floor":19.0,"damage_taken":0.0},{"event_name":"Upgrade Shrine","player_choice":"Upgraded","floor":21.0,"damage_taken":0.0},{"event_name":"SensoryStone","player_choice":"Memory 1","floor":36.0,"damage_taken":0.0},{"event_name":"Winding Halls","player_choice":"Writhe","floor":39.0,"damage_taken":0.0},{"event_name":"Upgrade Shrine","player_choice":"Upgraded","floor":44,"damage_taken":0},{"event_name":"Purifier","player_choice":"One Purge","floor":46,"damage_taken":0},{"event_name":"MindBloom","player_choice":"Upgrade","floor":47,"damage_taken":0}],"is_beta":false,"boss_relics":[{"not_picked":["White Beast Statue","Eternal Feather"],"picked":"Cursed Key"},{"not_picked":["HoveringKite","Calling Bell"],"picked":"Runic Pyramid"}],"items_purged_floors":[],"is_endless":false,"potions_floor_spawned":[4,7,13,20,24,30,41,48],"ascension_level":15}