{"gold_per_floor":[115,135,135,1,1,1,33,52,52,85,110,110,43,57,57,128,128,141,152,152,152,67,67,82,82,107,134,146,158,197,219,231,315,327,358,51,151,171,171,200,215,31,58,58,58,72,72,100,100,100,100],"floor_reached":52,"playtime":3585,"items_purged":["Strike_G"],"score":1872,"play_id":"bb57fc32-00bc-48c1-9f9f-cb69397813aa","local_time":"20190419001757","is_ascension_mode":true,"campfire_choices":[{"data":"Wraith Form v2","floor":6,"key":"SMITH"},{"data":"Neutralize","floor":12,"key":"SMITH"},{"data":"Noxious Fumes","floor":15,"key":"SMITH"},{"data":"Adrenaline","floor":23,"key":"SMITH"},{"floor":25,"key":"REST"},{"data":"Infinite Blades","floor":32,"key":"SMITH"},{"data":"Apotheosis","floor":45,"key":"SMITH"},{"floor":47,"key":"REST"},{"data":"Night Terror","floor":49,"key":"SMITH"}],"neow_cost":"NONE","seed_source_timestamp":5624974558448,"circlet_count":0,"master_deck":["AscendersBane","Defend_G","Defend_G","Defend_G","Defend_G","Survivor","Neutralize+1","Poisoned Stab","Wraith Form v2+1","Noxious Fumes+1","Blade Dance","PiercingWail","Blade Dance","Backstab","Adrenaline+1","Envenom+1","Burst+1","Crippling Poison+1","Noxious Fumes","Cloak And Dagger","Footwork+1","Backstab","Infinite Blades+1","Night Terror+1","Well Laid Plans","Deadly Poison+1","Backflip","Blur","Apotheosis+1","Parasite","Leg Sweep+1"],"relics":["Ring of the Snake","PreservedInsect","Dead Branch","Mango","Ninja Scroll","Bronze Scales","Regal Pillow","Astrolabe","Potion Belt","MawBank","Sundial","Cursed Key","Centennial Puzzle","Torii","Matryoshka","Meat on the Bone","Happy Flower","Art of War"],"potions_floor_usage":[7,19,33,33,40,40,50,50],"damage_taken":[{"damage":7,"enemies":"Jaw Worm","floor":1,"turns":7},{"damage":6,"enemies":"Small Slimes","floor":2,"turns":5},{"damage":6,"enemies":"3 Sentries","floor":7,"turns":7},{"damage":1,"enemies":"Cultist","floor":8,"turns":4},{"damage":8,"enemies":"Lagavulin","floor":10,"turns":7},{"damage":0,"enemies":"Looter","floor":14,"turns":1},{"damage":6,"enemies":"The Guardian","floor":16,"turns":9},{"damage":5,"enemies":"Spheric Guardian","floor":18,"turns":5},{"damage":3,"enemies":"2 Thieves","floor":19,"turns":1},{"damage":0,"enemies":"Snake Plant","floor":24,"turns":5},{"damage":15,"enemies":"Centurion and Healer","floor":27,"turns":5},{"damage":8,"enemies":"Book of Stabbing","floor":30,"turns":3},{"damage":16,"enemies":"Cultist and Chosen","floor":31,"turns":5},{"damage":41,"enemies":"Champ","floor":33,"turns":12},{"damage":0,"enemies":"3 Darklings","floor":35,"turns":5},{"damage":0,"enemies":"Mind Bloom Boss Battle","floor":37,"turns":6},{"damage":7,"enemies":"Orb Walker","floor":38,"turns":3},{"damage":17,"enemies":"Reptomancer","floor":40,"turns":6},{"damage":6,"enemies":"Spire Growth","floor":41,"turns":6},{"damage":9,"enemies":"Transient","floor":46,"turns":6},{"damage":0,"enemies":"Giant Head","floor":48,"turns":7},{"damage":14,"enemies":"Awakened One","floor":50,"turns":20},{"damage":33,"enemies":"Time Eater","floor":51,"turns":18}],"seed_played":"-2699607183603287407","potions_obtained":[{"floor":7,"key":"Explosive Potion"},{"floor":8,"key":"SteroidPotion"},{"floor":24,"key":"Regen Potion"},{"floor":27,"key":"SkillPotion"},{"floor":35,"key":"AttackPotion"},{"floor":38,"key":"SteroidPotion"},{"floor":40,"key":"Fire Potion"},{"floor":46,"key":"SkillPotion"}],"is_trial":false,"path_per_floor":["M","M","?","$","?","R","E","M","T","E","T","R","?","M","R","B",null,"M","M","?","?","?","R","M","R","T","M","?","$","E","M","R","B",null,"M","$","?","M","?","E","M","$","T","?","R","M","R","E","R","B","B",null],"character_chosen":"THE_SILENT","items_purchased":["Noxious Fumes","Poison Potion","Well Laid Plans","Centennial Puzzle","Apotheosis"],"campfire_rested":2,"item_purchase_floors":[4,4,36,36,42],"current_hp_per_floor":[52,46,46,46,46,46,40,39,53,45,45,45,45,45,45,39,70,65,62,62,39,39,39,39,79,79,64,64,64,56,40,40,8,66,66,66,66,59,59,42,36,36,36,36,36,39,79,79,79,65,44],"gold":100,"neow_bonus":"RANDOM_COMMON_RELIC","is_prod":false,"is_daily":false,"chose_seed":false,"campfire_upgraded":7,"win_rate":0,"timestamp":1555647477,"path_taken":["M","M","?","$","?","R","E","M","T","E","?","R","?","M","R","BOSS","M","M","?","?","?","R","M","R","T","M","?","$","E","M","R","BOSS","M","$","?","M","?","E","?","$","T","?","R","M","R","E","R","BOSS","BOSS"],"build_version":"2019-04-04","purchased_purges":1,"victory":true,"max_hp_per_floor":[66,66,66,66,66,66,66,66,80,80,80,80,80,80,80,80,80,80,80,80,85,85,85,85,85,85,85,85,85,85,85,85,85,85,85,85,85,85,85,85,85,85,85,85,85,85,85,85,85,85,85],"card_choices":[{"not_picked":["Prepared","Sucker Punch","Slice"],"picked":"SKIP","floor":1},{"not_picked":["Choke","Underhanded Strike"],"picked":"Poisoned Stab","floor":2},{"not_picked":["Blur","Riddle With Holes"],"picked":"Blade Dance","floor":7},{"not_picked":["Caltrops","Dagger Spray"],"picked":"PiercingWail","floor":8},{"not_picked":["Dodge and Roll","Outmaneuver"],"picked":"Blade Dance","floor":10},{"not_picked":["Acrobatics","Backflip"],"picked":"Backstab","floor":14},{"not_picked":["Die Die Die","Burst"],"picked":"Adrenaline","floor":16},{"not_picked":["Flechettes","Blade Dance"],"picked":"Noxious Fumes","floor":18},{"not_picked":["Deadly Poison","Backflip"],"picked":"Cloak And Dagger","floor":19},{"not_picked":["Riddle With Holes","Bane","All Out Attack"],"picked":"SKIP","floor":24},{"not_picked":["Dagger Spray","Underhanded Strike"],"picked":"Footwork","floor":27},{"not_picked":["Prepared","Poisoned Stab+1","Caltrops"],"picked":"SKIP","floor":30},{"not_picked":["Skewer","Underhanded Strike"],"picked":"Infinite Blades","floor":31},{"not_picked":["Storm of Steel","Die Die Die"],"picked":"Night Terror","floor":33},{"not_picked":["Bane","All Out Attack","Prepared"],"picked":"SKIP","floor":35},{"not_picked":["Heel Hook+1","Setup"],"picked":"Deadly Poison+1","floor":37},{"not_picked":["Acrobatics","Concentrate"],"picked":"Backflip","floor":38},{"not_picked":["Expertise","Dagger Throw"],"picked":"Blur","floor":40},{"not_picked":["Accuracy","Outmaneuver","Deadly Poison"],"picked":"SKIP","floor":41},{"not_picked":["Deadly Poison+1","Skewer","Acrobatics"],"picked":"SKIP","floor":46},{"not_picked":["Blade Dance+1","Eviscerate"],"picked":"Leg Sweep+1","floor":48}],"player_experience":996272,"relics_obtained":[{"floor":7,"key":"Dead Branch"},{"floor":9,"key":"Mango"},{"floor":10,"key":"Ninja Scroll"},{"floor":11,"key":"Bronze Scales"},{"floor":26,"key":"MawBank"},{"floor":30,"key":"Sundial"},{"floor":37,"key":"Torii"},{"floor":40,"key":"Matryoshka"},{"floor":43,"key":"Meat on the Bone"},{"floor":43,"key":"Happy Flower"},{"floor":48,"key":"Art of War"}],"event_choices":[{"damage_healed":0,"gold_gain":0,"cards_transformed":["Strike_G"],"player_choice":"Change","damage_taken":0,"max_hp_gain":0,"max_hp_loss":0,"event_name":"Living Wall","floor":3,"gold_loss":0,"cards_obtained":["Wraith Form v2"]},{"damage_healed":0,"gold_gain":0,"player_choice":"Fled","damage_taken":0,"max_hp_gain":0,"max_hp_loss":0,"event_name":"Scrap Ooze","floor":5,"gold_loss":0},{"damage_healed":0,"gold_gain":0,"player_choice":"Paid Gold","damage_taken":0,"relics_obtained":["Regal Pillow"],"max_hp_gain":0,"max_hp_loss":0,"event_name":"WeMeetAgain","floor":13,"gold_loss":67},{"damage_healed":0,"gold_gain":0,"player_choice":"Ignored","damage_taken":0,"max_hp_gain":0,"max_hp_loss":0,"event_name":"Vampires","floor":20,"gold_loss":0},{"damage_healed":0,"gold_gain":0,"player_choice":"Shed Blood","damage_taken":28,"max_hp_gain":5,"max_hp_loss":0,"event_name":"Forgotten Altar","floor":21,"gold_loss":0},{"damage_healed":0,"gold_gain":0,"player_choice":"Obtained Relic","damage_taken":0,"relics_obtained":["Potion Belt"],"max_hp_gain":0,"max_hp_loss":0,"event_name":"Addict","floor":22,"gold_loss":85},{"damage_healed":0,"gold_gain":0,"player_choice":"Read","damage_taken":0,"max_hp_gain":0,"max_hp_loss":0,"event_name":"The Library","floor":28,"gold_loss":0,"cards_obtained":["Backstab"]},{"damage_healed":0,"gold_gain":0,"player_choice":"Fight","damage_taken":0,"max_hp_gain":0,"max_hp_loss":0,"event_name":"MindBloom","floor":37,"gold_loss":0},{"cards_removed":["Defend_G"],"damage_healed":0,"gold_gain":0,"player_choice":"Card Removal","damage_taken":0,"max_hp_gain":0,"max_hp_loss":0,"event_name":"Wheel of Change","floor":39,"gold_loss":0},{"damage_healed":0,"gold_gain":0,"player_choice":"Upgraded","damage_taken":0,"max_hp_gain":0,"max_hp_loss":0,"event_name":"Upgrade Shrine","floor":44,"gold_loss":0,"cards_upgraded":["Footwork"]}],"is_beta":true,"boss_relics":[{"not_picked":["Empty Cage","Coffee Dripper"],"picked":"Astrolabe"},{"not_picked":["Calling Bell","Sozu"],"picked":"Cursed Key"}],"items_purged_floors":[36],"is_endless":false,"potions_floor_spawned":[7,8,10,14,16,18,24,27,35,38,40,46],"ascension_level":20}