{"gold_per_floor":[115,130,205,224,79,113,113,142,142,172,184,184,199,233,233,336,336,346,356,356,376,122,122,4,4,29,29,47,64,64,64,64,169,169,186,186,204,304,315,315,328,328,328,328,328,328,24,24,24,24],"floor_reached":51,"playtime":4017,"items_purged":["Strike_B","Defend_B","Defend_B"],"score":685,"play_id":"be62ce86-2269-499a-b967-6ced0349dd2c","local_time":"20190316184723","is_ascension_mode":true,"campfire_choices":[{"data":"Darkness","floor":7,"key":"SMITH"},{"floor":12,"key":"REST"},{"floor":15,"key":"REST"},{"data":"Defragment","floor":23,"key":"SMITH"},{"floor":27,"key":"REST"},{"floor":30,"key":"REST"},{"floor":32,"key":"REST"},{"floor":40,"key":"DIG"},{"floor":42,"key":"DIG"},{"floor":44,"key":"REST"},{"floor":46,"key":"DIG"},{"floor":49,"key":"DIG"}],"neow_cost":"NONE","seed_source_timestamp":340081354644404,"circlet_count":0,"master_deck":["Strike_B","Strike_B","Strike_B","Defend_B","Defend_B","Zap","Dualcast","Chill","Chaos","Compile Driver","Darkness+1","Fusion","Glacier","Conserve Battery","Cold Snap","Machine Learning","Lockon+1","Defragment+1","Zap","Hologram","Ball Lightning","Loop","Leap","Necronomicurse","Capacitor+1","Fusion+1","Meteor Strike","Coolheaded","Apotheosis","Defragment","Hologram+1","Barrage+1","Loop"],"relics":["Cracked Core","NeowsBlessing","Shovel","Ornamental Fan","Pantograph","Mercury Hourglass","DataDisk","Velvet Choker","Bag of Preparation","Necronomicon","Blood Vial","Torii","Busted Crown","Ginger","Ancient Tea Set","Molten Egg 2","Toxic Egg 2","Darkstone Periapt","Boot"],"potions_floor_usage":[6,8,14,16,28,33,39,50,50,50],"damage_taken":[{"damage":0,"enemies":"Jaw Worm","floor":1,"turns":1},{"damage":0,"enemies":"Small Slimes","floor":2,"turns":1},{"damage":0,"enemies":"Cultist","floor":4,"turns":1},{"damage":9,"enemies":"Lagavulin","floor":6,"turns":5},{"damage":26,"enemies":"Gremlin Nob","floor":8,"turns":4},{"damage":13,"enemies":"Lagavulin","floor":10,"turns":6},{"damage":0,"enemies":"3 Louse","floor":11,"turns":3},{"damage":1,"enemies":"Blue Slaver","floor":13,"turns":4},{"damage":18,"enemies":"Gremlin Nob","floor":14,"turns":5},{"damage":15,"enemies":"Slime Boss","floor":16,"turns":10},{"damage":0,"enemies":"3 Byrds","floor":18,"turns":5},{"damage":11,"enemies":"Chosen","floor":19,"turns":6},{"damage":31,"enemies":"Snake Plant","floor":21,"turns":4},{"damage":5,"enemies":"Chosen and Byrds","floor":28,"turns":4},{"damage":14,"enemies":"Sentry and Sphere","floor":29,"turns":6},{"damage":25,"enemies":"Collector","floor":33,"turns":9},{"damage":0,"enemies":"Orb Walker","floor":35,"turns":4},{"damage":10,"enemies":"3 Darklings","floor":37,"turns":6},{"damage":0,"enemies":"Mind Bloom Boss Battle","floor":38,"turns":4},{"damage":14,"enemies":"Writhing Mass","floor":39,"turns":4},{"damage":16,"enemies":"4 Shapes","floor":41,"turns":3},{"damage":69,"enemies":"Awakened One","floor":50,"turns":11}],"seed_played":"7368359162515795636","potions_obtained":[{"floor":2,"key":"Dexterity Potion"},{"floor":4,"key":"EssenceOfSteel"},{"floor":11,"key":"Weak Potion"},{"floor":13,"key":"Strength Potion"},{"floor":14,"key":"GamblersBrew"},{"floor":18,"key":"Explosive Potion"},{"floor":29,"key":"Energy Potion"},{"floor":33,"key":"Strength Potion"},{"floor":35,"key":"Energy Potion"}],"is_trial":false,"path_per_floor":["M","M","?","M","$","E","R","E","T","E","M","R","M","E","R","B",null,"M","M","?","M","$","R","$","?","T","R","M","M","R","T","R","B",null,"M","?","M","?","M","R","M","R","T","R","?","R","$","?","R","B",null],"character_chosen":"DEFECT","items_purchased":["Darkness","Bag of Preparation","Loop","Leap","Barrage+1","Loop","FocusPotion"],"campfire_rested":6,"item_purchase_floors":[5,22,24,24,47,47,47],"current_hp_per_floor":[75,75,64,64,64,55,55,29,29,16,16,38,37,19,41,51,75,75,64,64,33,33,33,33,17,17,39,36,24,46,46,68,50,75,75,75,65,75,61,61,47,47,47,69,69,69,69,69,69,6],"gold":24,"neow_bonus":"THREE_ENEMY_KILL","is_prod":false,"is_daily":false,"chose_seed":false,"campfire_upgraded":2,"win_rate":0,"timestamp":1552772843,"path_taken":["M","M","?","M","$","E","R","E","T","E","M","R","M","E","R","BOSS","M","M","?","?","$","R","$","?","T","R","M","M","R","?","R","BOSS","M","?","M","?","M","R","M","R","T","R","?","R","?","?","R","BOSS"],"build_version":"2019-01-23","purchased_purges":3,"victory":true,"max_hp_per_floor":[75,75,75,75,75,75,75,75,75,75,75,75,75,75,75,75,75,75,75,75,75,75,75,75,75,75,75,75,75,75,75,75,75,75,75,75,75,75,75,75,75,75,75,75,75,75,75,75,75,75],"card_choices":[{"not_picked":["Beam Cell","Sunder"],"picked":"Chill","floor":1},{"not_picked":["Steam","Barrage"],"picked":"Chaos","floor":2},{"not_picked":["Turbo","Scrape"],"picked":"Compile Driver","floor":4},{"not_picked":["Compile Driver","Static Discharge"],"picked":"Fusion","floor":6},{"not_picked":["Recycle","Gash"],"picked":"Glacier","floor":8},{"not_picked":["Stack","Force Field","Steam"],"picked":"SKIP","floor":10},{"not_picked":["Consume","Seek"],"picked":"Conserve Battery","floor":11},{"not_picked":["Chill","Rebound","White Noise"],"picked":"SKIP","floor":13},{"not_picked":["Hello World","Reprogram"],"picked":"Cold Snap","floor":14},{"not_picked":["Buffer","Core Surge"],"picked":"Machine Learning","floor":16},{"not_picked":["Gash","Cold Snap+1"],"picked":"Lockon+1","floor":18},{"not_picked":["Blizzard","Conserve Battery"],"picked":"Defragment","floor":19},{"not_picked":["Conserve Battery","Cold Snap"],"picked":"Ball Lightning","floor":21},{"not_picked":["Go for the Eyes","Reinforced Body"],"picked":"Capacitor+1","floor":28},{"not_picked":["Hologram","Reinforced Body"],"picked":"Fusion+1","floor":29},{"not_picked":["Machine Learning","Seek"],"picked":"Meteor Strike","floor":33},{"not_picked":[],"picked":"Coolheaded","floor":35},{"not_picked":[],"picked":"Apotheosis","floor":36},{"not_picked":[],"picked":"Defragment","floor":37},{"not_picked":[],"picked":"Hologram+1","floor":39},{"not_picked":["Redo"],"picked":"SKIP","floor":41}],"player_experience":202987,"relics_obtained":[{"floor":6,"key":"Shovel"},{"floor":8,"key":"Ornamental Fan"},{"floor":9,"key":"Pantograph"},{"floor":10,"key":"Mercury Hourglass"},{"floor":14,"key":"DataDisk"},{"floor":25,"key":"Necronomicon"},{"floor":26,"key":"Blood Vial"},{"floor":31,"key":"Torii"},{"floor":38,"key":"Ginger"},{"floor":40,"key":"Ancient Tea Set"},{"floor":42,"key":"Molten Egg 2"},{"floor":43,"key":"Toxic Egg 2"},{"floor":46,"key":"Darkstone Periapt"},{"floor":49,"key":"Boot"}],"event_choices":[{"damage_healed":0,"gold_gain":75,"player_choice":"Gather Gold","damage_taken":11,"max_hp_gain":0,"max_hp_loss":0,"event_name":"World of Goop","floor":3,"gold_loss":0},{"damage_healed":0,"gold_gain":0,"player_choice":"2 cards matched","damage_taken":0,"max_hp_gain":0,"max_hp_loss":0,"event_name":"Match and Keep!","floor":20,"gold_loss":0,"cards_obtained":["Zap","Hologram"]},{"damage_healed":0,"gold_gain":0,"player_choice":"Obtained Book","damage_taken":16,"max_hp_gain":0,"max_hp_loss":0,"event_name":"Cursed Tome","floor":25,"gold_loss":0},{"damage_healed":0,"gold_gain":0,"player_choice":"Memory 1","damage_taken":0,"max_hp_gain":0,"max_hp_loss":0,"event_name":"SensoryStone","floor":36,"gold_loss":0},{"damage_healed":0,"gold_gain":0,"player_choice":"Fight","damage_taken":0,"max_hp_gain":0,"max_hp_loss":0,"event_name":"MindBloom","floor":38,"gold_loss":0},{"damage_healed":0,"gold_gain":0,"player_choice":"Ignored","damage_taken":0,"max_hp_gain":0,"max_hp_loss":0,"event_name":"Tomb of Lord Red Mask","floor":45,"gold_loss":0},{"damage_healed":0,"gold_gain":0,"player_choice":"Ignored","damage_taken":0,"max_hp_gain":0,"max_hp_loss":0,"event_name":"Mysterious Sphere","floor":48,"gold_loss":0}],"is_beta":false,"boss_relics":[{"not_picked":["Calling Bell","FrozenCore"],"picked":"Velvet Choker"},{"not_picked":["Astrolabe","Empty Cage"],"picked":"Busted Crown"}],"items_purged_floors":[5,22,47],"is_endless":false,"potions_floor_spawned":[2,4,11,13,14,18,29,33,35,37],"ascension_level":2}