{"gold_per_floor":[118,118,118,130,143,178,188,188,188,221,236,247,279,297,297,398,398,412,426,426,525,543,543,543,418,418,433,459,459,473,506,506,607,607,617,839,839,436,536,536,536,551,574,131,131,20,20,40,40,40],"floor_reached":50,"playtime":4687,"items_purged":["Strike_R"],"score":700,"play_id":"7f153fed-ee01-4eff-8317-fca9ce439bd1","local_time":"20190420164053","is_ascension_mode":true,"campfire_choices":[{"floor":8.0,"key":"REST"},{"floor":15.0,"key":"REST"},{"floor":23.0,"key":"REST"},{"floor":29,"key":"REST"},{"floor":32,"key":"REST"},{"data":"1","floor":40,"key":"LIFT"},{"data":"2","floor":41,"key":"LIFT"},{"data":"3","floor":45,"key":"LIFT"},{"data":"Demon Form","floor":49,"key":"SMITH"}],"neow_cost":"NONE","seed_source_timestamp":334046664280646,"circlet_count":0,"master_deck":["Defend_R","Defend_R","Defend_R","Bash","Uppercut","Clothesline","Spot Weakness","Barricade","Disarm","Bloodletting","Demon Form+1","Headbutt","Cleave","Shrug It Off+1","Armaments","Flame Barrier+1","Reaper","Double Tap+1","Shockwave+1","Entrench+1","True Grit+1","Armaments","Rage","Sword Boomerang","Armaments","Rupture","Whirlwind","Rage","Shockwave","Dual Wield","Armaments"],"special_seed":0,"relics":["Burning Blood","Ancient Tea Set","Girya","Singing Bowl","Ginger","Omamori","Ornamental Fan","Velvet Choker","Mummified Hand","Red Mask","WingedGreaves","Astrolabe","Paper Frog","Lee\u0027s Waffle","Bag of Preparation","Membership Card","Shuriken"],"potions_floor_usage":[27,28,33,48,50,50],"damage_taken":[{"damage":5.0,"enemies":"2 Louse","floor":1.0,"turns":3.0},{"damage":4.0,"enemies":"Small Slimes","floor":4.0,"turns":3.0},{"damage":0.0,"enemies":"Cultist","floor":5.0,"turns":3.0},{"damage":33.0,"enemies":"Lagavulin","floor":6.0,"turns":8.0},{"damage":11.0,"enemies":"Looter","floor":7.0,"turns":3.0},{"damage":35.0,"enemies":"3 Sentries","floor":10.0,"turns":8.0},{"damage":33.0,"enemies":"Large Slime","floor":11.0,"turns":8.0},{"damage":10.0,"enemies":"3 Louse","floor":12.0,"turns":4.0},{"damage":18.0,"enemies":"Gremlin Nob","floor":13.0,"turns":3.0},{"damage":20.0,"enemies":"Exordium Wildlife","floor":14.0,"turns":6.0},{"damage":33.0,"enemies":"Hexaghost","floor":16.0,"turns":11.0},{"damage":13.0,"enemies":"3 Byrds","floor":18.0,"turns":7.0},{"damage":35.0,"enemies":"2 Thieves","floor":19.0,"turns":4.0},{"damage":43.0,"enemies":"Centurion and Healer","floor":22.0,"turns":6.0},{"damage":25,"enemies":"3 Cultists","floor":27,"turns":5},{"damage":34,"enemies":"Masked Bandits","floor":28,"turns":5},{"damage":11,"enemies":"Snecko","floor":30,"turns":4},{"damage":32,"enemies":"Gremlin Leader","floor":31,"turns":8},{"damage":34,"enemies":"Champ","floor":33,"turns":10},{"damage":36,"enemies":"Orb Walker","floor":35,"turns":6},{"damage":12,"enemies":"3 Shapes","floor":42,"turns":7},{"damage":33,"enemies":"Maw","floor":48,"turns":10},{"damage":166,"enemies":"Donu and Deca","floor":50,"turns":10}],"seed_played":"1964740711641562408","potions_obtained":[{"floor":4.0,"key":"EssenceOfSteel"},{"floor":6.0,"key":"Regen Potion"},{"floor":7.0,"key":"Regen Potion"},{"floor":12.0,"key":"FearPotion"},{"floor":14.0,"key":"Block Potion"},{"floor":19.0,"key":"Regen Potion"},{"floor":22.0,"key":"AttackPotion"},{"floor":31,"key":"SkillPotion"},{"floor":42,"key":"Regen Potion"}],"is_trial":false,"path_per_floor":["M","?","?","M","M","E","M","R","T","E","M","M","E","M","R","B",null,"M","M","?","?","M","R","?","$","T","M","?","R","M","E","R","B",null,"M","?","T","$","?","R","R","M","T","$","R","$","?","M","R","B"],"character_chosen":"IRONCLAD","items_purchased":["Energy Potion","Lee\u0027s Waffle","Armaments","Rage","BloodPotion","Membership Card","Shuriken","Armaments","Rupture","Whirlwind","Rage","Shockwave","Dual Wield","GamblersBrew"],"campfire_rested":5,"item_purchase_floors":[25,38,38,38,38,44,44,44,44,44,44,46,46,46],"current_hp_per_floor":[80,73,73,75,80,53,50,74,74,82,55,53,41,27,52,27,71,64,37,37,37,15,41,70,70,70,53,27,54,49,23,50,22,75,52,52,52,99,99,99,99,93,93,93,93,93,93,93,93,0],"gold":40,"neow_bonus":"RANDOM_COMMON_RELIC","is_prod":false,"is_daily":false,"chose_seed":false,"campfire_upgraded":1,"win_rate":0,"timestamp":1555789253,"path_taken":["M","?","?","M","M","E","M","R","T","E","M","?","E","M","R","BOSS","M","M","?","?","M","R","?","$","T","?","?","R","M","E","R","BOSS","M","?","?","$","?","R","R","?","T","?","R","$","?","?","R","BOSS"],"build_version":"2019-01-23","purchased_purges":1,"victory":false,"max_hp_per_floor":[80,80,80,80,80,80,82,82,82,82,82,84,84,84,84,86,86,86,88,88,88,88,88,88,88,88,90,92,92,92,92,92,92,92,92,92,92,99,99,99,99,99,99,99,99,99,99,99,99,99],"card_choices":[{"not_picked":["True Grit","Headbutt"],"picked":"Uppercut","floor":1.0},{"not_picked":["Anger","Perfected Strike"],"picked":"Clothesline","floor":4.0},{"not_picked":["Havoc","Anger"],"picked":"Spot Weakness","floor":5.0},{"not_picked":["Warcry","Sword Boomerang"],"picked":"Barricade","floor":6.0},{"not_picked":["Anger","Havoc","Perfected Strike"],"picked":"Singing Bowl","floor":7.0},{"not_picked":["Armaments","Havoc"],"picked":"Disarm","floor":10.0},{"not_picked":["Havoc","Reckless Charge"],"picked":"Bloodletting","floor":11.0},{"not_picked":["Anger","Reckless Charge","Havoc"],"picked":"Singing Bowl","floor":12.0},{"not_picked":["Clothesline","Clash"],"picked":"Demon Form","floor":13.0},{"not_picked":["Pommel Strike","Anger"],"picked":"Headbutt","floor":14.0},{"not_picked":["Dark Embrace","Brutality","Juggernaut"],"picked":"Singing Bowl","floor":16.0},{"not_picked":["Spot Weakness","Warcry"],"picked":"Cleave","floor":18.0},{"not_picked":["Thunderclap","Perfected Strike","Clothesline"],"picked":"Singing Bowl","floor":19.0},{"not_picked":["Iron Wave","Havoc"],"picked":"Shrug It Off+1","floor":22.0},{"not_picked":["Headbutt","Twin Strike","Whirlwind"],"picked":"Singing Bowl","floor":27},{"not_picked":["Dropkick","Blood for Blood","Bloodletting"],"picked":"Singing Bowl","floor":28},{"not_picked":["Intimidate","Clothesline"],"picked":"Armaments","floor":30},{"not_picked":["Sever Soul+1","Reckless Charge"],"picked":"Flame Barrier+1","floor":31},{"not_picked":["Demon Form","Berserk"],"picked":"Reaper","floor":33},{"not_picked":["Havoc","Thunderclap+1"],"picked":"True Grit+1","floor":35},{"not_picked":["Blood for Blood","Thunderclap+1"],"picked":"Sword Boomerang","floor":42},{"not_picked":["Wild Strike","Rampage"],"picked":"Armaments","floor":48}],"player_experience":306326,"relics_obtained":[{"floor":6.0,"key":"Singing Bowl"},{"floor":9.0,"key":"Ginger"},{"floor":10.0,"key":"Omamori"},{"floor":13.0,"key":"Ornamental Fan"},{"floor":26,"key":"Mummified Hand"},{"floor":28,"key":"Red Mask"},{"floor":31,"key":"WingedGreaves"},{"floor":37,"key":"Paper Frog"},{"floor":43,"key":"Bag of Preparation"}],"event_choices":[{"damage_healed":0.0,"max_hp_gain":0.0,"max_hp_loss":0.0,"gold_gain":0.0,"event_name":"Scrap Ooze","player_choice":"Success","floor":2.0,"gold_loss":0.0,"damage_taken":7.0,"relics_obtained":["Girya"]},{"cards_removed":["Strike_R"],"damage_healed":0.0,"max_hp_gain":0.0,"max_hp_loss":0.0,"gold_gain":0.0,"event_name":"Purifier","player_choice":"Purged","floor":3.0,"gold_loss":0.0,"damage_taken":0.0},{"damage_healed":0.0,"max_hp_gain":0.0,"max_hp_loss":0.0,"gold_gain":0.0,"event_name":"Ghosts","player_choice":"Ignored","floor":20.0,"gold_loss":0.0,"damage_taken":0.0},{"damage_healed":0.0,"max_hp_gain":0.0,"max_hp_loss":0.0,"gold_gain":99.0,"event_name":"Nest","player_choice":"Stole From Cult","floor":21.0,"gold_loss":0.0,"damage_taken":0.0},{"damage_healed":29,"gold_gain":0,"player_choice":"Heal","damage_taken":0,"max_hp_gain":0,"max_hp_loss":0,"event_name":"The Library","floor":24,"gold_loss":0},{"damage_healed":0,"gold_gain":0,"player_choice":"Fought Bandits","damage_taken":0,"max_hp_gain":0,"max_hp_loss":0,"event_name":"Masked Bandits","floor":28,"gold_loss":0},{"damage_healed":0,"gold_gain":222,"player_choice":"Wore Mask","damage_taken":0,"max_hp_gain":0,"max_hp_loss":0,"event_name":"Tomb of Lord Red Mask","floor":36,"gold_loss":0},{"damage_healed":0,"gold_gain":100,"player_choice":"Pray","damage_taken":0,"max_hp_gain":0,"max_hp_loss":0,"event_name":"Golden Shrine","floor":39,"gold_loss":0},{"cards_removed":["Defend_R"],"damage_healed":0,"gold_gain":0,"player_choice":"Purged","damage_taken":0,"max_hp_gain":0,"max_hp_loss":0,"event_name":"Purifier","floor":47,"gold_loss":0}],"is_beta":false,"boss_relics":[{"not_picked":["Mark of Pain","Calling Bell"],"picked":"Velvet Choker"},{"not_picked":["White Beast Statue","Black Star"],"picked":"Astrolabe"}],"items_purged_floors":[25],"is_endless":false,"potions_floor_spawned":[4,6,7,12,14,19,22,31,42],"killed_by":"Donu and Deca","ascension_level":5}