{"gold_per_floor":[121,147,234,246,208,220,232,267,279,314,326,186,222,238,238,238],"floor_reached":16,"playtime":302,"items_purged":["Strike_R"],"score":98,"play_id":"cdc36991-c431-4353-a02e-9f5a5af259c7","local_time":"20190423022809","is_ascension_mode":false,"campfire_choices":[{"data":"Inflame","floor":7.0,"key":"SMITH"},{"data":"Bash","floor":11.0,"key":"SMITH"},{"floor":15.0,"key":"REST"}],"neow_cost":"NONE","seed_source_timestamp":18384751094901,"circlet_count":0,"master_deck":["Strike_R","Strike_R","Strike_R","Defend_R","Defend_R","Defend_R","Defend_R","Bash+1","Twin Strike","Inflame+1","Flame Barrier","Inflame","Metallicize"],"special_seed":0,"relics":["Burning Blood","MawBank","Golden Idol","Centennial Puzzle","Du-Vu Doll","Strawberry","Oddly Smooth Stone"],"potions_floor_usage":[16],"damage_taken":[{"damage":0.0,"enemies":"Small Slimes","floor":1.0,"turns":3.0},{"damage":0.0,"enemies":"2 Louse","floor":2.0,"turns":2.0},{"damage":1.0,"enemies":"Cultist","floor":8.0,"turns":3.0},{"damage":5.0,"enemies":"Lagavulin","floor":13.0,"turns":5.0},{"damage":41.0,"enemies":"Gremlin Gang","floor":14.0,"turns":4.0},{"damage":41,"enemies":"Hexaghost","floor":16,"turns":11}],"seed_played":"-3066896304954277405","potions_obtained":[{"floor":8.0,"key":"EssenceOfSteel"},{"floor":13.0,"key":"SpeedPotion"},{"floor":14.0,"key":"Fire Potion"}],"is_trial":false,"path_per_floor":["M","M","?","?","?","?","R","M","T","T","R","$","E","M","R","B"],"character_chosen":"IRONCLAD","items_purchased":["Inflame"],"campfire_rested":1,"item_purchase_floors":[12],"current_hp_per_floor":[80,80,69,49,49,37,37,42,42,49,49,49,50,15,41,0],"gold":238,"neow_bonus":"RANDOM_COMMON_RELIC","is_prod":false,"is_daily":false,"chose_seed":false,"campfire_upgraded":2,"win_rate":0,"timestamp":1556008089,"path_taken":["M","M","?","?","?","?","R","M","T","?","R","$","E","M","R","BOSS"],"build_version":"2019-01-23","purchased_purges":1,"victory":false,"max_hp_per_floor":[80,80,80,80,80,80,80,80,80,87,87,87,87,87,87,87],"card_choices":[{"not_picked":["Power Through","Anger"],"picked":"Twin Strike","floor":1.0},{"not_picked":["Disarm","Searing Blow"],"picked":"Inflame","floor":2.0},{"not_picked":["Rupture","Headbutt"],"picked":"Flame Barrier","floor":8.0},{"not_picked":["Feel No Pain","Searing Blow"],"picked":"Metallicize","floor":13.0},{"not_picked":["Armaments","Blood for Blood","Metallicize"],"picked":"SKIP","floor":14.0}],"player_experience":1289679,"relics_obtained":[{"floor":9.0,"key":"Du-Vu Doll"},{"floor":10.0,"key":"Strawberry"},{"floor":13.0,"key":"Oddly Smooth Stone"}],"event_choices":[{"damage_healed":0.0,"max_hp_gain":0.0,"max_hp_loss":0.0,"gold_gain":75.0,"event_name":"World of Goop","player_choice":"Gather Gold","floor":3.0,"gold_loss":0.0,"damage_taken":11.0},{"damage_healed":0.0,"max_hp_gain":0.0,"max_hp_loss":0.0,"gold_gain":0.0,"event_name":"Golden Idol","player_choice":"Take Damage","floor":4.0,"gold_loss":0.0,"damage_taken":20.0,"relics_obtained":["Golden Idol"]},{"cards_removed":["Strike_R"],"damage_healed":0.0,"max_hp_gain":0.0,"max_hp_loss":0.0,"gold_gain":0.0,"event_name":"The Cleric","player_choice":"Card Removal","floor":5.0,"gold_loss":50.0,"damage_taken":0.0},{"damage_healed":0.0,"max_hp_gain":0.0,"max_hp_loss":0.0,"gold_gain":0.0,"event_name":"Scrap Ooze","player_choice":"Success","floor":6.0,"gold_loss":0.0,"damage_taken":12.0,"relics_obtained":["Centennial Puzzle"]}],"is_beta":false,"boss_relics":[],"items_purged_floors":[12],"is_endless":false,"potions_floor_spawned":[8,13,14],"killed_by":"Hexaghost","ascension_level":0}