{"gold_per_floor":[10,30,30,42,62,95,95,109,109,109,123,135,135,148,148,222,222,208,24,43,56,56,56,19,19,19,19,19,19,33,49,49,122,122,135,147,167,41,41,41,41,41,41,53,63,63,96,96,96,96],"floor_reached":50,"playtime":2562,"items_purged":["Strike_G","Strike_G+1"],"score":877,"play_id":"0807f21e-19f9-419c-9cea-92d815c51231","local_time":"20180804023039","is_ascension_mode":true,"campfire_choices":[{"data":"Predator","floor":7.0,"key":"SMITH"},{"floor":10.0,"key":"REST"},{"data":"Bouncing Flask","floor":13.0,"key":"SMITH"},{"data":"Catalyst","floor":15.0,"key":"SMITH"},{"data":"Noxious Fumes","floor":23.0,"key":"SMITH"},{"data":"Well Laid Plans","floor":25.0,"key":"SMITH"},{"data":"A Thousand Cuts","floor":32.0,"key":"SMITH"},{"floor":40.0,"key":"REST"},{"floor":42.0,"key":"REST"},{"data":"Burst","floor":49.0,"key":"SMITH"}],"neow_cost":"NO_GOLD","seed_source_timestamp":463497940183993,"circlet_count":0,"master_deck":["Defend_G+1","Defend_G+1","Defend_G+1","Defend_G+1","Defend_G+1","Strike_G+1","Strike_G+1","Strike_G+1","Survivor","Neutralize+1","AscendersBane","Predator","Deflect","Predator+1","PiercingWail","Bouncing Flask+1","Escape Plan","Dodge and Roll","Catalyst+1","A Thousand Cuts+1","Infinite Blades","Noxious Fumes+1","Leg Sweep","Acrobatics+1","Leg Sweep","Well Laid Plans+1","Burst","Dodge and Roll","Deflect","Dagger Throw+1","Blur+1","Burst+1"],"special_seed":0,"relics":["Ring of the Snake","Whetstone","Bottled Flame","Sozu","Matryoshka","Runic Pyramid","StoneCalendar","Omamori","Lantern","Unceasing Top"],"potions_floor_usage":[],"damage_taken":[{"damage":2.0,"enemies":"Cultist","floor":1.0,"turns":4.0},{"damage":1.0,"enemies":"2 Louse","floor":2.0,"turns":4.0},{"damage":0.0,"enemies":"Jaw Worm","floor":4.0,"turns":5.0},{"damage":6.0,"enemies":"Exordium Thugs","floor":5.0,"turns":5.0},{"damage":36.0,"enemies":"Lagavulin","floor":6.0,"turns":9.0},{"damage":19.0,"enemies":"Exordium Wildlife","floor":8.0,"turns":7.0},{"damage":0.0,"enemies":"Large Slime","floor":11.0,"turns":4.0},{"damage":4.0,"enemies":"3 Louse","floor":12.0,"turns":4.0},{"damage":1.0,"enemies":"2 Fungi Beasts","floor":14.0,"turns":4.0},{"damage":8.0,"enemies":"Hexaghost","floor":16.0,"turns":8.0},{"damage":2.0,"enemies":"2 Thieves","floor":18.0,"turns":4.0},{"damage":0.0,"enemies":"Chosen","floor":20.0,"turns":4.0},{"damage":18.0,"enemies":"Snecko","floor":21.0,"turns":4.0},{"damage":0.0,"enemies":"Centurion and Healer","floor":30.0,"turns":9.0},{"damage":11.0,"enemies":"Sentry and Sphere","floor":31.0,"turns":7.0},{"damage":5.0,"enemies":"Champ","floor":33.0,"turns":9.0},{"damage":6.0,"enemies":"Orb Walker","floor":35.0,"turns":5.0},{"damage":5.0,"enemies":"Flame Bruiser 1 Orb","floor":36.0,"turns":6.0},{"damage":39.0,"enemies":"Transient","floor":37.0,"turns":5.0},{"damage":0.0,"floor":39.0,"turns":6.0},{"damage":12.0,"enemies":"Spire Growth","floor":44.0,"turns":4.0},{"damage":12.0,"enemies":"Flame Bruiser 2 Orb","floor":45.0,"turns":7.0},{"damage":7.0,"enemies":"Nemesis","floor":47.0,"turns":5.0},{"damage":24,"enemies":"Awakened One","floor":50,"turns":5}],"seed_played":"-3789873456576358261","potions_obtained":[{"floor":1.0,"key":"FairyPotion"},{"floor":6.0,"key":"Energy Potion"},{"floor":12.0,"key":"SpeedPotion"}],"is_trial":false,"path_per_floor":["M","M","$","M","M","E","R","M","T","R","M","M","R","M","R","B",null,"M","$","M","M","?","R","$","R","T","$","?","?","M","M","R","B",null,"M","M","M","$","?","R","?","R","T","M","M","?","E","?","R"],"character_chosen":"THE_SILENT","items_purchased":["Noxious Fumes","Leg Sweep","Well Laid Plans","Dodge and Roll"],"campfire_rested":3,"item_purchase_floors":[19,19,24,38],"current_hp_per_floor":[69,68,68,68,62,26,26,7,7,30,30,26,26,25,25,17,63,61,61,61,43,43,43,43,43,43,43,59,59,59,48,48,43,69,63,58,19,19,19,42,42,65,65,53,41,57,50,50,50,26],"gold":96,"neow_bonus":"TWENTY_PERCENT_HP_BONUS","is_prod":false,"is_daily":false,"chose_seed":false,"campfire_upgraded":7,"win_rate":0,"timestamp":1533364239,"path_taken":["M","M","?","M","M","E","R","M","T","R","?","M","R","M","R","BOSS","M","$","M","M","?","R","$","R","T","$","?","?","M","M","R","BOSS","M","M","?","$","?","R","?","R","T","M","?","?","E","?","R","BOSS"],"build_version":"2018-08-02","purchased_purges":2,"victory":false,"max_hp_per_floor":[78,78,78,78,78,78,78,78,78,78,78,78,78,78,78,78,78,78,78,78,78,78,78,78,78,78,78,78,78,78,78,78,78,78,78,78,78,78,78,78,78,78,78,78,78,78,78,78,78,78],"card_choices":[{"not_picked":["Riddle With Holes","Expertise"],"picked":"Predator","floor":1.0},{"not_picked":["Concentrate","All Out Attack"],"picked":"Deflect","floor":2.0},{"not_picked":["Acrobatics","Catalyst"],"picked":"Predator","floor":4.0},{"not_picked":["Dagger Spray","Acrobatics"],"picked":"PiercingWail","floor":5.0},{"not_picked":["Flying Knee","Unload"],"picked":"Bouncing Flask","floor":6.0},{"not_picked":["Heel Hook","Eviscerate"],"picked":"Escape Plan","floor":8.0},{"not_picked":["Underhanded Strike","Dagger Spray"],"picked":"Dodge and Roll","floor":11.0},{"not_picked":["Flying Knee","Deflect"],"picked":"Catalyst","floor":12.0},{"not_picked":["Outmaneuver","All Out Attack"],"picked":"Flying Knee","floor":14.0},{"not_picked":["Die Die Die","Storm of Steel"],"picked":"A Thousand Cuts","floor":16.0},{"not_picked":["Underhanded Strike+1","Outmaneuver+1"],"picked":"Infinite Blades","floor":18.0},{"not_picked":["Outmaneuver","Prepared"],"picked":"Acrobatics+1","floor":20.0},{"not_picked":["Noxious Fumes","Flying Knee"],"picked":"Leg Sweep","floor":21.0},{"not_picked":["Finisher","Flying Knee","Flechettes"],"picked":"SKIP","floor":30.0},{"not_picked":["Finisher","Flying Knee","Flechettes"],"picked":"SKIP","floor":30.0},{"not_picked":["Finisher","Flying Knee","Flechettes"],"picked":"SKIP","floor":30.0},{"not_picked":["Finisher","Flying Knee","Flechettes"],"picked":"SKIP","floor":30.0},{"not_picked":["Slice","Outmaneuver","Dagger Throw"],"picked":"SKIP","floor":31.0},{"not_picked":["Die Die Die","Tools of the Trade"],"picked":"Burst","floor":33.0},{"not_picked":["Bane","Slice","Accuracy"],"picked":"SKIP","floor":35.0},{"not_picked":["Leg Sweep+1","All Out Attack","Choke+1"],"picked":"SKIP","floor":36.0},{"not_picked":["Slice+1","Poisoned Stab+1","Acrobatics"],"picked":"SKIP","floor":37.0},{"not_picked":["Prepared","Calculated Gamble"],"picked":"Deflect","floor":44.0},{"not_picked":["Slice+1","Outmaneuver"],"picked":"Dagger Throw+1","floor":45.0},{"not_picked":["Masterful Stab","Bane"],"picked":"Blur+1","floor":47.0}],"player_experience":447966,"relics_obtained":[{"floor":6.0,"key":"Whetstone"},{"floor":9.0,"key":"Bottled Flame"},{"floor":26.0,"key":"Matryoshka"},{"floor":39.0,"key":"StoneCalendar"},{"floor":43.0,"key":"Omamori"},{"floor":43.0,"key":"Lantern"},{"floor":47.0,"key":"Unceasing Top"}],"event_choices":[{"event_name":"Back to Basics","player_choice":"Simplicity","floor":22.0,"damage_taken":0.0},{"event_name":"The Library","player_choice":"Heal","floor":28.0,"damage_taken":0.0},{"event_name":"The Lab","player_choice":"Got Potions","floor":29.0,"damage_taken":0.0},{"event_name":"MindBloom","player_choice":"Fight","floor":39.0,"damage_taken":0.0},{"event_name":"Falling","player_choice":"Removed Attack","floor":41.0,"damage_taken":0.0},{"event_name":"Winding Halls","player_choice":"Writhe","floor":46.0,"damage_taken":0.0},{"event_name":"Match and Keep!","player_choice":"2 cards matched","floor":48.0,"damage_taken":0.0}],"is_beta":false,"boss_relics":[{"not_picked":["Ectoplasm","Tiny House"],"picked":"Sozu"},{"not_picked":["Orrery","Coffee Dripper"],"picked":"Runic Pyramid"}],"items_purged_floors":[19,38],"is_endless":false,"potions_floor_spawned":[1,6,8,12,14,20,31,36,37,44,45],"killed_by":"Awakened One","ascension_level":15}