{"gold_per_floor":[116,131,148,148,160,160,179,206,206,206,236,252,252,270,270,365,365,380,368,368,368,382,382,382],"floor_reached":24,"playtime":1781,"items_purged":[],"score":263,"play_id":"16759738-d4d2-4fab-9a55-eb17c66bc93b","local_time":"20190421183049","is_ascension_mode":true,"campfire_choices":[{"data":"Bash","floor":6,"key":"SMITH"},{"data":"True Grit","floor":10,"key":"SMITH"},{"floor":13,"key":"REST"},{"data":"Flame Barrier","floor":15,"key":"SMITH"},{"floor":23,"key":"REST"}],"neow_cost":"NONE","seed_source_timestamp":430058808510034,"circlet_count":0,"master_deck":["Strike_R","Strike_R","Strike_R","Strike_R","Strike_R","Defend_R","Defend_R","Defend_R","Defend_R","Bash+1","Heavy Blade","Shrug It Off","Rage","Heavy Blade","True Grit+1","Spot Weakness","Metallicize","Clothesline","Flame Barrier+1","Limit Break+1","True Grit","Armaments","Pommel Strike"],"relics":["Burning Blood","NeowsBlessing","Boot","Meat on the Bone","Dodecahedron","Runic Cube"],"potions_floor_usage":[8,11,11,16,22,24],"damage_taken":[{"damage":0,"enemies":"Jaw Worm","floor":1,"turns":1},{"damage":0,"enemies":"Cultist","floor":2,"turns":1},{"damage":0,"enemies":"Small Slimes","floor":3,"turns":1},{"damage":2,"enemies":"Red Slaver","floor":5,"turns":4},{"damage":5,"enemies":"Blue Slaver","floor":7,"turns":4},{"damage":23,"enemies":"3 Sentries","floor":8,"turns":11},{"damage":16,"enemies":"Gremlin Nob","floor":11,"turns":3},{"damage":12,"enemies":"3 Louse","floor":12,"turns":6},{"damage":9,"enemies":"Large Slime","floor":14,"turns":7},{"damage":41,"enemies":"The Guardian","floor":16,"turns":14},{"damage":25,"enemies":"3 Byrds","floor":18,"turns":5},{"damage":22,"enemies":"2 Thieves","floor":19,"turns":4},{"damage":33,"enemies":"Snake Plant","floor":22,"turns":5},{"damage":60,"enemies":"Book of Stabbing","floor":24,"turns":7}],"seed_played":"2163743131941113474","potions_obtained":[{"floor":1,"key":"PowerPotion"},{"floor":3,"key":"Fire Potion"},{"floor":4,"key":"AttackPotion"},{"floor":8,"key":"Strength Potion"},{"floor":19,"key":"AttackPotion"},{"floor":22,"key":"SpeedPotion"}],"is_trial":false,"path_per_floor":["M","M","M","?","M","R","M","E","T","R","E","M","R","M","R","B",null,"M","M","?","?","M","R","E"],"character_chosen":"IRONCLAD","items_purchased":[],"campfire_rested":2,"item_purchase_floors":[],"current_hp_per_floor":[80,80,80,80,80,80,80,63,63,63,53,47,71,68,68,45,71,52,48,48,48,33,57,0],"gold":382,"neow_bonus":"THREE_ENEMY_KILL","is_prod":false,"is_daily":false,"chose_seed":false,"campfire_upgraded":3,"win_rate":0,"timestamp":1555882249,"path_taken":["M","M","M","?","M","R","M","E","T","R","E","?","R","M","R","BOSS","M","M","?","?","M","R","E"],"build_version":"2019-01-23","purchased_purges":0,"victory":false,"max_hp_per_floor":[80,80,80,80,80,80,80,80,80,80,80,80,80,80,80,80,80,80,80,80,80,80,80,80],"card_choices":[{"not_picked":["Corruption","Twin Strike"],"picked":"Heavy Blade","floor":1},{"not_picked":["Whirlwind","Dropkick"],"picked":"Shrug It Off","floor":2},{"not_picked":["Anger","Reckless Charge"],"picked":"Rage","floor":3},{"not_picked":["Combust","Reckless Charge"],"picked":"Heavy Blade","floor":5},{"not_picked":["Heavy Blade","Metallicize"],"picked":"True Grit","floor":7},{"not_picked":["Warcry","Clash"],"picked":"Spot Weakness","floor":8},{"not_picked":["Pommel Strike","Fire Breathing"],"picked":"Metallicize","floor":11},{"not_picked":["Sword Boomerang","Battle Trance"],"picked":"Clothesline","floor":12},{"not_picked":["Whirlwind","Clothesline"],"picked":"Flame Barrier","floor":14},{"not_picked":["Reaper","Offering"],"picked":"Limit Break","floor":16},{"not_picked":["Seeing Red","Iron Wave"],"picked":"True Grit","floor":18},{"not_picked":["Anger","Warcry"],"picked":"Armaments","floor":19},{"not_picked":["True Grit","Perfected Strike+1"],"picked":"Pommel Strike","floor":22}],"player_experience":318317,"relics_obtained":[{"floor":8,"key":"Boot"},{"floor":9,"key":"Meat on the Bone"},{"floor":11,"key":"Dodecahedron"}],"event_choices":[{"damage_healed":0,"gold_gain":0,"player_choice":"Got Potions","damage_taken":0,"max_hp_gain":0,"max_hp_loss":0,"event_name":"Lab","floor":4,"gold_loss":0},{"damage_healed":0,"gold_gain":0,"player_choice":"Ignored","damage_taken":0,"max_hp_gain":0,"max_hp_loss":0,"event_name":"Ghosts","floor":20,"gold_loss":0},{"damage_healed":0,"gold_gain":0,"player_choice":"Upgraded","damage_taken":0,"max_hp_gain":0,"max_hp_loss":0,"event_name":"Upgrade Shrine","floor":21,"gold_loss":0,"cards_upgraded":["Limit Break"]}],"is_beta":false,"boss_relics":[{"not_picked":["White Beast Statue","Snecko Eye"],"picked":"Runic Cube"}],"items_purged_floors":[],"is_endless":false,"potions_floor_spawned":[1,3,7,8,19,22],"killed_by":"Book of Stabbing","ascension_level":5}