{"gold_per_floor":[115,115,5,15,27,27,42,77,77,227,247,322,322,332,332,332],"floor_reached":16,"playtime":551,"items_purged":[],"score":204,"play_id":"e7f6f077-1d02-43d9-b530-a9a50dfb3fbf","local_time":"20190328225415","is_ascension_mode":true,"campfire_choices":[{"data":"Doom and Gloom","floor":6.0,"key":"SMITH"},{"data":"Loop","floor":13.0,"key":"SMITH"},{"data":"Hologram","floor":15.0,"key":"SMITH"}],"neow_cost":"NONE","seed_source_timestamp":0,"circlet_count":0,"master_deck":["AscendersBane","Strike_B","Strike_B","Strike_B","Strike_B","Defend_B","Defend_B","Defend_B","Defend_B","Zap+1","Dualcast","Glacier","Compile Driver","Doom and Gloom+1","Hologram+1","Loop+1","Doubt","Chill"],"special_seed":0,"relics":["Cracked Core","Torii","Darkstone Periapt","Girya"],"potions_floor_usage":[],"damage_taken":[{"damage":2.0,"enemies":"2 Louse","floor":1.0,"turns":3.0},{"damage":7.0,"enemies":"Jaw Worm","floor":4.0,"turns":3.0},{"damage":1.0,"enemies":"Small Slimes","floor":5.0,"turns":3.0},{"damage":1.0,"enemies":"3 Louse","floor":7.0,"turns":3.0},{"damage":4.0,"enemies":"3 Sentries","floor":8.0,"turns":8.0},{"damage":13.0,"enemies":"Lots of Slimes","floor":11.0,"turns":4.0},{"damage":9.0,"enemies":"Exordium Wildlife","floor":14.0,"turns":6.0},{"damage":0,"enemies":"Hexaghost","floor":16,"turns":1}],"seed_played":"-5311384752934396719","potions_obtained":[{"floor":1.0,"key":"Dexterity Potion"}],"is_trial":false,"path_per_floor":["M","?","$","M","M","R","M","E","T","?","M","?","R","M","R","B"],"character_chosen":"DEFECT","items_purchased":["Compile Driver","Poison Potion"],"campfire_rested":0,"item_purchase_floors":[3,3],"current_hp_per_floor":[62,51,51,44,43,43,42,38,38,44,31,20,20,11,11,11],"gold":332,"neow_bonus":"UPGRADE_CARD","is_prod":false,"is_daily":false,"chose_seed":false,"campfire_upgraded":3,"win_rate":0,"timestamp":1553828055,"path_taken":["M","?","$","M","M","R","M","E","T","?","M","?","R","M","R","BOSS"],"build_version":"2019-03-15","purchased_purges":0,"victory":false,"max_hp_per_floor":[71,71,71,71,71,71,71,71,71,77,77,77,77,77,77,77],"card_choices":[{"not_picked":["Melter","Double Energy"],"picked":"Glacier","floor":1.0},{"not_picked":["Hologram","Darkness"],"picked":"Doom and Gloom","floor":4.0},{"not_picked":["Stack","Hello World","Redo"],"picked":"SKIP","floor":5.0},{"not_picked":["BootSequence","Gash"],"picked":"Hologram","floor":7.0},{"not_picked":["Steam","Rebound"],"picked":"Loop","floor":8.0},{"not_picked":["Turbo","Skim"],"picked":"Chill","floor":11.0},{"not_picked":["Capacitor","Sweeping Beam","Chill"],"picked":"SKIP","floor":14.0}],"player_experience":946214,"relics_obtained":[{"floor":8.0,"key":"Darkstone Periapt"},{"floor":9.0,"key":"Girya"}],"event_choices":[{"damage_healed":0.0,"max_hp_gain":0.0,"max_hp_loss":0.0,"gold_gain":0.0,"event_name":"Scrap Ooze","player_choice":"Success","floor":2.0,"gold_loss":0.0,"damage_taken":11.0,"relics_obtained":["Torii"]},{"damage_healed":0.0,"max_hp_gain":0.0,"max_hp_loss":0.0,"gold_gain":150.0,"event_name":"Liars Game","player_choice":"AGREE","floor":10.0,"gold_loss":0.0,"damage_taken":0.0,"cards_obtained":["Doubt"]},{"damage_healed":0.0,"max_hp_gain":0.0,"max_hp_loss":0.0,"gold_gain":75.0,"event_name":"World of Goop","player_choice":"Gather Gold","floor":12.0,"gold_loss":0.0,"damage_taken":11.0}],"is_beta":true,"boss_relics":[],"items_purged_floors":[],"is_endless":false,"potions_floor_spawned":[1,4,7],"killed_by":"Hexaghost","ascension_level":20}