{"gold_per_floor":[215,290,300,320,330,330,330,330,330,330,344,344,15,34,34,138,138,152,162,178,195,95,95,105,105,184,201,300,400,420,75,75,173,173,190,200,1199,1199,1109,1109,587,587,587,604,604,616,632,32,32,32],"floor_reached":50,"playtime":4627,"items_purged":["Hello World","Strike_B","Regret","Normality","Normality"],"score":516,"play_id":"b29fb626-3fa8-4890-b822-75282f86734a","local_time":"20181206215058","is_ascension_mode":false,"campfire_choices":[{"floor":6,"key":"REST"},{"data":"Zap","floor":8,"key":"SMITH"},{"data":"Dualcast","floor":10,"key":"SMITH"},{"data":"Ball Lightning","floor":12,"key":"SMITH"},{"data":"Ball Lightning","floor":15,"key":"SMITH"},{"floor":23,"key":"REST"},{"floor":25,"key":"REST"},{"floor":32,"key":"REST"},{"floor":40,"key":"REST"},{"floor":42,"key":"REST"},{"data":"Thunder Strike","floor":49,"key":"SMITH"}],"neow_cost":"NONE","seed_source_timestamp":345671393210119,"circlet_count":0,"master_deck":["Strike_B","Defend_B","Defend_B+1","Zap+1","Dualcast+1","Ball Lightning+1","Ball Lightning+1","Rebound","Machine Learning+1","Biased Cognition+1","Darkness","Ball Lightning+1","Ball Lightning","Tempest+1","Static Discharge+1","Multi-Cast+1","Storm+1","Thunder Strike+1","Streamline+1","Sweeping Beam+1","Storm+1","Redo+1","Static Discharge+1","Leap+1","Skim+1","Auto Shields+1","Capacitor+1","Fusion+1","Lockon"],"relics":["Cracked Core","Mummified Hand","Frozen Egg 2","Cursed Key","Meat on the Bone","Girya","Toxic Egg 2","Astrolabe","Dream Catcher","MealTicket","Lee\u0027s Waffle"],"potions_floor_usage":[29,29,33,33,45,45,45],"damage_taken":[{"damage":5,"enemies":"Small Slimes","floor":1,"turns":4},{"damage":11,"enemies":"Jaw Worm","floor":3,"turns":2},{"damage":6,"enemies":"Cultist","floor":4,"turns":3},{"damage":1,"enemies":"Exordium Wildlife","floor":5,"turns":2},{"damage":2,"enemies":"Blue Slaver","floor":11,"turns":2},{"damage":0,"enemies":"Large Slime","floor":14,"turns":3},{"damage":45,"enemies":"The Guardian","floor":16,"turns":7},{"damage":10,"enemies":"Chosen","floor":18,"turns":3},{"damage":0,"enemies":"Spheric Guardian","floor":19,"turns":2},{"damage":6,"enemies":"Cultist and Chosen","floor":20,"turns":4},{"damage":10,"enemies":"Snecko","floor":21,"turns":3},{"damage":23,"enemies":"Shelled Parasite and Fungi","floor":24,"turns":3},{"damage":12,"enemies":"3 Cultists","floor":27,"turns":3},{"damage":21,"enemies":"Colosseum Slavers","floor":29,"turns":2},{"damage":27,"enemies":"Colosseum Nobs","floor":29,"turns":3},{"damage":6,"enemies":"Cultist and Chosen","floor":30,"turns":4},{"damage":9,"enemies":"Champ","floor":33,"turns":6},{"damage":26,"enemies":"3 Shapes","floor":35,"turns":3},{"damage":24,"enemies":"3 Darklings","floor":36,"turns":3},{"damage":33,"enemies":"Maw","floor":44,"turns":4},{"damage":45,"enemies":"Reptomancer","floor":45,"turns":3},{"damage":10,"enemies":"4 Shapes","floor":46,"turns":3},{"damage":0,"enemies":"Transient","floor":47,"turns":5},{"damage":86,"enemies":"Time Eater","floor":50,"turns":6}],"seed_played":"4055141175418848312","potions_obtained":[{"floor":3,"key":"Dexterity Potion"},{"floor":16,"key":"Strength Potion"},{"floor":19,"key":"Ancient Potion"},{"floor":20,"key":"Fire Potion"},{"floor":21,"key":"FocusPotion"},{"floor":29,"key":"Fire Potion"},{"floor":35,"key":"Regen Potion"},{"floor":36,"key":"SmokeBomb"},{"floor":44,"key":"PowerPotion"}],"is_trial":false,"path_per_floor":["M","?","M","M","M","R","?","R","T","R","M","R","$","M","R","B",null,"M","M","M","M","$","R","M","R","T","M","?","?","M","$","R","B",null,"M","M","?","?","?","R","$","R","T","M","E","M","M","$","R","B"],"character_chosen":"DEFECT","items_purchased":["Frozen Egg 2","Multi-Cast+1","Storm+1","Dream Catcher","Static Discharge+1","MealTicket","Capacitor+1","Lee\u0027s Waffle","Fusion+1","Lockon"],"campfire_rested":6,"item_purchase_floors":[13,31,31,41,41,41,48,48,48,48],"current_hp_per_floor":[70,59,48,42,41,63,63,63,63,63,61,61,61,61,61,16,75,65,65,59,49,49,71,48,70,70,58,58,34,40,40,62,53,75,49,37,37,37,37,59,59,75,75,42,18,20,32,82,82,0],"gold":32,"neow_bonus":"HUNDRED_GOLD","is_prod":false,"is_daily":false,"chose_seed":false,"campfire_upgraded":5,"win_rate":0,"timestamp":1544147458,"path_taken":["M","?","M","M","M","R","?","R","T","R","M","R","$","M","R","BOSS","M","M","M","?","$","R","M","R","T","M","?","?","M","$","R","BOSS","M","M","?","?","?","R","$","R","T","M","E","M","M","$","R","BOSS"],"build_version":"2018-11-15","purchased_purges":5,"victory":false,"max_hp_per_floor":[75,75,75,75,75,75,75,75,75,75,75,75,75,75,75,75,75,75,75,75,75,75,75,75,75,75,75,75,75,75,75,75,75,75,75,75,75,75,75,75,75,75,75,75,75,75,75,82,82,82],"card_choices":[{"not_picked":["Static Discharge","Coolheaded"],"picked":"Ball Lightning","floor":1},{"not_picked":["Lockon","Hologram","Go for the Eyes"],"picked":"SKIP","floor":3},{"not_picked":["Leap","Streamline","Double Energy"],"picked":"SKIP","floor":4},{"not_picked":["Coolheaded","Storm"],"picked":"Ball Lightning","floor":5},{"not_picked":["Sweeping Beam","Gash"],"picked":"Rebound","floor":11},{"not_picked":["Genetic Algorithm","Conserve Battery"],"picked":"Machine Learning+1","floor":14},{"not_picked":["Fission","Rainbow"],"picked":"Biased Cognition+1","floor":16},{"not_picked":["Reprogram","Sweeping Beam","Doom and Gloom"],"picked":"SKIP","floor":18},{"not_picked":["Gash+1","Stack+1"],"picked":"Darkness","floor":19},{"not_picked":["Leap","Cold Snap+1"],"picked":"Ball Lightning+1","floor":20},{"not_picked":["Genetic Algorithm","Beam Cell","Conserve Battery"],"picked":"SKIP","floor":21},{"not_picked":["Hologram","Glacier"],"picked":"Ball Lightning","floor":24},{"not_picked":["Cold Snap","Steam Power+1","Beam Cell"],"picked":"SKIP","floor":27},{"not_picked":["Gash","Sweeping Beam"],"picked":"Tempest","floor":29},{"not_picked":["Barrage","Sweeping Beam"],"picked":"Static Discharge+1","floor":30},{"not_picked":["Machine Learning+1","Buffer+1"],"picked":"Thunder Strike","floor":33},{"not_picked":["Go for the Eyes+1","Loop+1"],"picked":"Storm+1","floor":35},{"not_picked":["Compile Driver+1","Blizzard+1"],"picked":"Redo+1","floor":36},{"not_picked":["White Noise+1","Stack+1"],"picked":"Leap+1","floor":44},{"not_picked":["Coolheaded+1","Gash+1"],"picked":"Skim+1","floor":46},{"not_picked":["All For One","Glacier+1"],"picked":"Auto Shields+1","floor":47}],"player_experience":69521,"relics_obtained":[{"floor":9,"key":"Mummified Hand"},{"floor":26,"key":"Meat on the Bone"},{"floor":29,"key":"Girya"},{"floor":29,"key":"Toxic Egg 2"}],"event_choices":[{"damage_healed":0,"gold_gain":75,"player_choice":"Gather Gold","damage_taken":11,"max_hp_gain":0,"max_hp_loss":0,"event_name":"World of Goop","floor":2,"gold_loss":0},{"damage_healed":0,"gold_gain":0,"cards_transformed":["Defend_B"],"player_choice":"Transformed","damage_taken":0,"max_hp_gain":0,"max_hp_loss":0,"event_name":"Transmorgrifier","floor":7,"gold_loss":0,"cards_obtained":["Hello World"]},{"damage_healed":0,"gold_gain":99,"player_choice":"Stole From Cult","damage_taken":0,"max_hp_gain":0,"max_hp_loss":0,"event_name":"Nest","floor":28,"gold_loss":0},{"damage_healed":0,"gold_gain":0,"player_choice":"Fight","damage_taken":0,"max_hp_gain":0,"max_hp_loss":0,"event_name":"Colosseum","floor":29,"gold_loss":0},{"damage_healed":0,"gold_gain":0,"player_choice":"Fought Nobs","damage_taken":0,"max_hp_gain":0,"max_hp_loss":0,"event_name":"Colosseum","floor":29,"gold_loss":0},{"damage_healed":0,"gold_gain":999,"player_choice":"Gold","damage_taken":0,"max_hp_gain":0,"max_hp_loss":0,"event_name":"MindBloom","floor":37,"gold_loss":0,"cards_obtained":["Normality","Normality"]},{"damage_healed":0,"gold_gain":0,"player_choice":"Ignored","damage_taken":0,"max_hp_gain":0,"max_hp_loss":0,"event_name":"Tomb of Lord Red Mask","floor":38,"gold_loss":0},{"cards_removed":["Hello World"],"damage_healed":0,"gold_gain":0,"player_choice":"Upgrade and Remove","damage_taken":0,"max_hp_gain":0,"max_hp_loss":0,"event_name":"Designer","floor":39,"gold_loss":90,"cards_upgraded":["Defend_B"]}],"is_beta":false,"boss_relics":[{"not_picked":["Empty Cage","Black Star"],"picked":"Cursed Key"},{"not_picked":["Runic Dome","Sozu"],"picked":"Astrolabe"}],"items_purged_floors":[13,22,31,41,48],"is_endless":false,"potions_floor_spawned":[3,16,19,20,21,29,29,35,36,44],"killed_by":"Time Eater","ascension_level":0}