{"gold_per_floor":[109,59,59,134,146,146,321,60,134,152,59,79,79,109,109,204,204,224,224,224,139,139,139,171,171,171,201,126,126,41,52,52,149,149,168,168,183,405,424,424,470,470,495,495,105,121,140,140,140,140],"floor_reached":51,"playtime":3184,"items_purged":["Pain","Writhe"],"score":832,"play_id":"7ab7a8f4-e31f-4753-9389-b131c2e3e5f6","local_time":"20190410220311","is_ascension_mode":false,"campfire_choices":[{"floor":13.0,"key":"REST"},{"data":"Noxious Fumes","floor":15,"key":"SMITH"},{"data":"After Image","floor":23,"key":"SMITH"},{"data":"Noxious Fumes","floor":25,"key":"SMITH"},{"data":"Footwork","floor":29,"key":"SMITH"},{"data":"Footwork","floor":32,"key":"SMITH"},{"data":"Envenom","floor":40,"key":"SMITH"},{"data":"Burst","floor":42,"key":"SMITH"},{"data":"Bouncing Flask","floor":44,"key":"SMITH"},{"data":"Good Instincts","floor":49,"key":"SMITH"}],"neow_cost":"NONE","seed_source_timestamp":8890603051605,"circlet_count":0,"master_deck":["Defend_G","Defend_G","Defend_G","Defend_G","Defend_G","Strike_G+1","Survivor","Neutralize","Deadly Poison+1","Flying Knee","Noxious Fumes+1","Dodge and Roll","Backflip","Poisoned Stab","Footwork+1","Noxious Fumes+1","Cloak And Dagger","Caltrops","Bouncing Flask+1","Tools of the Trade","Ghostly","Ghostly","Ghostly","Ghostly","Ghostly","After Image+1","Dagger Throw","Blur","Crippling Poison+1","Footwork+1","Dodge and Roll","Deflect","Envenom+1","Blade Dance+1","Panache","Master of Strategy","Finesse","Burst+1","Well Laid Plans","Panache","Good Instincts+1","Infinite Blades+1","Caltrops+1"],"special_seed":0,"relics":["Ring of the Snake","Juzu Bracelet","Singing Bowl","Gremlin Horn","Eternal Feather","Tough Bandages","Mummified Hand","Meat on the Bone","Red Mask","Cursed Key","Nunchaku","Ancient Tea Set"],"potions_floor_usage":[19,47,50],"damage_taken":[{"damage":0.0,"enemies":"Cultist","floor":1.0,"turns":6.0},{"damage":2.0,"enemies":"Jaw Worm","floor":5.0,"turns":5.0},{"damage":6.0,"enemies":"Small Slimes","floor":10.0,"turns":4.0},{"damage":0.0,"enemies":"Blue Slaver","floor":12.0,"turns":4.0},{"damage":8.0,"enemies":"3 Sentries","floor":14.0,"turns":7.0},{"damage":16,"enemies":"The Guardian","floor":16,"turns":8},{"damage":16,"enemies":"3 Byrds","floor":18,"turns":5},{"damage":41,"enemies":"Colosseum Slavers","floor":19,"turns":6},{"damage":5,"enemies":"Book of Stabbing","floor":24,"turns":8},{"damage":10,"enemies":"Masked Bandits","floor":27,"turns":5},{"damage":0,"enemies":"Shell Parasite","floor":31,"turns":4},{"damage":0,"enemies":"Champ","floor":33,"turns":13},{"damage":0,"enemies":"3 Darklings","floor":35,"turns":5},{"damage":0,"enemies":"3 Shapes","floor":37,"turns":5},{"damage":0,"enemies":"Jaw Worm Horde","floor":39,"turns":5},{"damage":13,"enemies":"2 Orb Walkers","floor":41,"turns":5},{"damage":0,"enemies":"Spire Growth","floor":46,"turns":4},{"damage":0,"enemies":"Maw","floor":47,"turns":6},{"damage":0,"enemies":"Donu and Deca","floor":50,"turns":9}],"seed_played":"-7799729103838858145","potions_obtained":[{"floor":10.0,"key":"Ancient Potion"},{"floor":27,"key":"Fire Potion"},{"floor":39,"key":"Regen Potion"},{"floor":41,"key":"PowerPotion"},{"floor":47,"key":"Energy Potion"}],"is_trial":false,"path_per_floor":["M","?","?","?","M","?","?","$","T","M","$","M","R","E","R","B",null,"M","?","?","?","?","R","E","R","T","?","?","R","$","M","R","B",null,"M","?","M","?","M","R","?","R","T","R","$","M","M","?","R","B",null],"character_chosen":"THE_SILENT","items_purchased":["Noxious Fumes","Dodge and Roll","Backflip","Poisoned Stab","Noxious Fumes","Cloak And Dagger","Footwork","Dodge and Roll","Well Laid Plans","Panache","Good Instincts"],"campfire_rested":1,"item_purchase_floors":[8,8,8,8,11,11,30,30,45,45,45],"current_hp_per_floor":[70,70,70,59,57,43,43,43,43,37,37,37,58,50,50,34,70,54,13,13,13,13,28,23,35,35,25,25,35,35,35,35,35,35,35,25,27,27,29,39,26,39,39,39,39,39,39,39,39,39],"gold":140,"neow_bonus":"RANDOM_COMMON_RELIC","is_prod":false,"is_daily":false,"chose_seed":false,"campfire_upgraded":9,"win_rate":0,"timestamp":1554955391,"path_taken":["M","?","?","?","M","?","?","$","T","M","?","M","R","E","R","BOSS","M","?","?","?","?","R","E","R","T","?","?","R","?","M","R","BOSS","M","?","M","?","M","R","?","R","T","R","?","M","M","?","R","BOSS"],"build_version":"2019-01-23","purchased_purges":2,"victory":true,"max_hp_per_floor":[70,70,70,70,70,70,70,70,70,70,70,70,70,70,70,70,70,70,70,35,35,35,35,35,35,35,35,35,35,35,35,35,35,35,35,35,37,37,39,39,39,39,39,39,39,39,39,39,39,39],"card_choices":[{"not_picked":["Dagger Spray","Backflip"],"picked":"Deadly Poison","floor":1.0},{"not_picked":["Deflect","Quick Slash"],"picked":"Flying Knee","floor":5.0},{"not_picked":["Reflex","Cloak And Dagger"],"picked":"Footwork","floor":10.0},{"not_picked":["Concentrate","Blade Dance"],"picked":"Caltrops","floor":12.0},{"not_picked":["Flechettes","Deadly Poison"],"picked":"Bouncing Flask","floor":14.0},{"not_picked":["Venomology","Grand Finale"],"picked":"Tools of the Trade","floor":16},{"not_picked":["Masterful Stab","Prepared"],"picked":"Flechettes","floor":18},{"not_picked":["Slice","Dagger Throw"],"picked":"Blur","floor":24},{"not_picked":["Poisoned Stab+1","PiercingWail"],"picked":"Crippling Poison+1","floor":27},{"not_picked":["Accuracy","Bane"],"picked":"Deflect","floor":31},{"not_picked":["Venomology","Corpse Explosion"],"picked":"Envenom","floor":33},{"not_picked":["Escape Plan+1","Deadly Poison","Blade Dance+1"],"picked":"SKIP","floor":35},{"not_picked":["Escape Plan+1","Deadly Poison"],"picked":"Blade Dance+1","floor":35},{"not_picked":["Madness","Apotheosis"],"picked":"Panache","floor":36},{"not_picked":["Transmutation","Purity"],"picked":"Master of Strategy","floor":36},{"not_picked":["Trip","Secret Weapon"],"picked":"Finesse","floor":36},{"not_picked":["Flying Knee+1","Quick Slash+1","Blade Dance"],"picked":"Singing Bowl","floor":37},{"not_picked":["Flying Knee","Quick Slash+1","Sucker Punch"],"picked":"Singing Bowl","floor":39},{"not_picked":["Underhanded Strike+1","Reflex"],"picked":"Burst","floor":41},{"not_picked":["Setup","Accuracy"],"picked":"Infinite Blades+1","floor":46},{"not_picked":["Bane+1","Dagger Spray+1"],"picked":"Caltrops+1","floor":47}],"player_experience":1186451,"relics_obtained":[{"floor":9.0,"key":"Singing Bowl"},{"floor":14.0,"key":"Gremlin Horn"},{"floor":24,"key":"Mummified Hand"},{"floor":26,"key":"Meat on the Bone"},{"floor":27,"key":"Red Mask"},{"floor":41,"key":"Nunchaku"},{"floor":43,"key":"Ancient Tea Set"}],"event_choices":[{"cards_removed":["Strike_G"],"damage_healed":0.0,"max_hp_gain":0.0,"max_hp_loss":0.0,"gold_gain":0.0,"event_name":"The Cleric","player_choice":"Card Removal","floor":2.0,"gold_loss":50.0,"damage_taken":0.0},{"cards_removed":["Strike_G"],"damage_healed":0.0,"max_hp_gain":0.0,"max_hp_loss":0.0,"gold_gain":0.0,"event_name":"NoteForYourself","player_choice":"Took Card","floor":3.0,"gold_loss":0.0,"damage_taken":0.0,"cards_obtained":["Pain"]},{"damage_healed":0.0,"max_hp_gain":0.0,"max_hp_loss":0.0,"gold_gain":75.0,"event_name":"World of Goop","player_choice":"Gather Gold","floor":4.0,"gold_loss":0.0,"damage_taken":11.0},{"damage_healed":0.0,"max_hp_gain":0.0,"max_hp_loss":0.0,"gold_gain":0.0,"event_name":"Shining Light","player_choice":"Entered Light","floor":6.0,"gold_loss":0.0,"damage_taken":14.0,"cards_upgraded":["Strike_G","Deadly Poison"]},{"damage_healed":0.0,"max_hp_gain":0.0,"max_hp_loss":0.0,"gold_gain":175.0,"event_name":"Liars Game","player_choice":"AGREE","floor":7.0,"gold_loss":0.0,"damage_taken":0.0,"cards_obtained":["Doubt"]},{"damage_healed":0,"gold_gain":0,"player_choice":"Fight","damage_taken":0,"max_hp_gain":0,"max_hp_loss":0,"event_name":"Colosseum","floor":19,"gold_loss":0},{"damage_healed":0,"gold_gain":0,"player_choice":"Fled From Nobs","damage_taken":0,"max_hp_gain":0,"max_hp_loss":0,"event_name":"Colosseum","floor":19,"gold_loss":0},{"damage_healed":0,"gold_gain":0,"player_choice":"Became a Ghost","damage_taken":0,"max_hp_gain":0,"max_hp_loss":35,"event_name":"Ghosts","floor":20,"gold_loss":0,"cards_obtained":["Ghostly","Ghostly","Ghostly","Ghostly","Ghostly"]},{"damage_healed":0,"gold_gain":0,"player_choice":"Obtained Relic","damage_taken":0,"relics_obtained":["Tough Bandages"],"max_hp_gain":0,"max_hp_loss":0,"event_name":"Addict","floor":21,"gold_loss":85},{"damage_healed":0,"gold_gain":0,"cards_transformed":["Strike_G","Strike_G"],"player_choice":"Became Test Subject","damage_taken":0,"max_hp_gain":0,"max_hp_loss":0,"event_name":"Drug Dealer","floor":22,"gold_loss":0,"cards_obtained":["After Image","Dagger Throw"]},{"damage_healed":0,"gold_gain":0,"player_choice":"Fought Bandits","damage_taken":0,"max_hp_gain":0,"max_hp_loss":0,"event_name":"Masked Bandits","floor":27,"gold_loss":0},{"cards_removed":["Doubt"],"damage_healed":0,"gold_gain":0,"player_choice":"Gave Gold","damage_taken":0,"max_hp_gain":0,"max_hp_loss":0,"event_name":"Beggar","floor":28,"gold_loss":75},{"damage_healed":0,"gold_gain":0,"player_choice":"Memory 3","damage_taken":10,"max_hp_gain":0,"max_hp_loss":0,"event_name":"SensoryStone","floor":36,"gold_loss":0},{"damage_healed":0,"gold_gain":222,"player_choice":"Wore Mask","damage_taken":0,"max_hp_gain":0,"max_hp_loss":0,"event_name":"Tomb of Lord Red Mask","floor":38,"gold_loss":0},{"damage_healed":0,"gold_gain":0,"player_choice":"Fight","damage_taken":0,"max_hp_gain":0,"max_hp_loss":0,"event_name":"Mysterious Sphere","floor":41,"gold_loss":0},{"cards_removed":["Flechettes"],"damage_healed":0,"gold_gain":0,"player_choice":"Removed Attack","damage_taken":0,"max_hp_gain":0,"max_hp_loss":0,"event_name":"Falling","floor":48,"gold_loss":0}],"is_beta":false,"boss_relics":[{"not_picked":["White Beast Statue","Empty Cage"],"picked":"Eternal Feather"},{"not_picked":["Philosopher\u0027s Stone","Black Star"],"picked":"Cursed Key"}],"items_purged_floors":[8,45],"is_endless":false,"potions_floor_spawned":[10,27,39,41,47],"ascension_level":0}