{"path_per_floor":["M","M","$","M","M","R","E","R","T","R","?","R","E","?","R","B",null,"M","M","M","T","$","M","R","M","T","?","M","M","E","M","R","B",null,"M","M","$","?","?"],"character_chosen":"IRONCLAD","items_purchased":["Metallicize","Shrug It Off","Metallicize","FairyPotion","Whetstone"],"gold_per_floor":[109,123,4,22,39,39,68,68,68,68,95,95,120,120,120,217,217,235,252,262,262,11,25,25,42,42,42,62,82,114,130,130,226,226,239,249,98,98,0,0],"floor_reached":40,"campfire_rested":3,"playtime":4677,"current_hp_per_floor":[72,67,67,72,72,72,70,70,70,70,63,63,54,40,61,53,72,58,62,44,44,44,53,77,84,84,84,86,80,56,62,87,86,90,87,55,55,55,55,0],"items_purged":["Defend_R"],"gold":0,"score":443,"play_id":"137562fb-ba5d-4c4d-a149-d653045d23e5","local_time":"20180515234245","is_prod":false,"is_daily":false,"chose_seed":false,"is_ascension_mode":false,"campfire_upgraded":4,"timestamp":1526438565,"path_taken":["M","M","$","M","M","R","E","R","T","R","?","R","E","?","R","BOSS","M","M","?","?","$","M","R","M","T","?","M","M","E","M","R","BOSS","M","M","$","?","?","E"],"build_version":"2018-05-10","seed_source_timestamp":619972012570926,"purchased_purges":2,"victory":false,"master_deck":["Strike_R+1","Strike_R","Strike_R","Strike_R","Strike_R","Defend_R","Defend_R","Headbutt+1","Twin Strike+1","Metallicize+1","Shrug It Off","Headbutt+1","Shrug It Off","Barricade+1","Twin Strike+1","Headbutt+1","Feed","Pommel Strike","Shrug It Off+1","Pommel Strike+1","Metallicize+1","Entrench+1","Shrug It Off","Perfected Strike","Juggernaut","Clash+1","Impervious","Seeing Red","Whirlwind+1","Perfected Strike"],"max_hp_per_floor":[72,72,72,72,72,72,72,72,72,72,72,72,72,72,72,72,72,75,75,78,78,78,81,81,84,84,84,87,87,87,87,87,90,90,93,93,93,93,93,93],"relics":["Black Blood","Sundial","Unceasing Top","Odd Mushroom","Ginger","Velvet Choker","Darkstone Periapt","Oddly Smooth Stone","Matryoshka","Whetstone","Red Mask"],"card_choices":[{"not_picked":["Body Slam","Flex"],"picked":"Headbutt","floor":1},{"not_picked":["Anger","Shrug It Off"],"picked":"Twin Strike","floor":2},{"not_picked":["Armaments","Clash"],"picked":"Headbutt","floor":4},{"not_picked":["Anger","Body Slam"],"picked":"Shrug It Off","floor":5},{"not_picked":["Blood for Blood","Shrug It Off"],"picked":"Barricade","floor":7},{"not_picked":["Carnage","Feel No Pain"],"picked":"Twin Strike","floor":11},{"not_picked":["Cleave","Dual Wield"],"picked":"Headbutt","floor":13},{"not_picked":["Dark Embrace","Limit Break"],"picked":"Feed","floor":16},{"not_picked":["Heavy Blade","Dual Wield"],"picked":"Pommel Strike","floor":18},{"not_picked":["Spot Weakness","Shockwave"],"picked":"Shrug It Off","floor":19},{"not_picked":["Shockwave","Shrug It Off"],"picked":"Pommel Strike","floor":20},{"not_picked":["Shrug It Off","Body Slam"],"picked":"Entrench","floor":23},{"not_picked":["Blood for Blood","Anger"],"picked":"Shrug It Off","floor":25},{"not_picked":["Anger","Cleave"],"picked":"Perfected Strike","floor":28},{"not_picked":["Feel No Pain","Infernal Blade"],"picked":"Juggernaut","floor":30},{"not_picked":["Uppercut","Burning Pact"],"picked":"Clash","floor":31},{"not_picked":["Reaper","Offering"],"picked":"Impervious","floor":33},{"not_picked":["Armaments","Infernal Blade"],"picked":"Seeing Red","floor":35},{"not_picked":["Combust","Sword Boomerang"],"picked":"Whirlwind","floor":36}],"player_experience":6862,"potions_floor_usage":[16],"damage_taken":[{"damage":0,"enemies":"2 Louse","floor":1,"turns":3},{"damage":11,"enemies":"Jaw Worm","floor":2,"turns":4},{"damage":0,"enemies":"Cultist","floor":4,"turns":4},{"damage":2,"enemies":"Looter","floor":5,"turns":3},{"damage":8,"enemies":"3 Sentries","floor":7,"turns":10},{"damage":13,"enemies":"The Mushroom Lair","floor":11,"turns":6},{"damage":15,"enemies":"Lagavulin","floor":13,"turns":9},{"damage":14,"enemies":"Slime Boss","floor":16,"turns":8},{"damage":23,"enemies":"2 Thieves","floor":18,"turns":5},{"damage":2,"enemies":"Chosen","floor":19,"turns":6},{"damage":27,"enemies":"Centurion and Healer","floor":20,"turns":6},{"damage":0,"enemies":"Snecko","floor":23,"turns":6},{"damage":0,"enemies":"Cultist and Chosen","floor":25,"turns":8},{"damage":7,"enemies":"Slaver and Parasite","floor":28,"turns":12},{"damage":12,"enemies":"Snake Plant","floor":29,"turns":4},{"damage":30,"enemies":"Gremlin Leader","floor":30,"turns":10},{"damage":0,"enemies":"Snecko","floor":31,"turns":5},{"damage":10,"enemies":"Champ","floor":33,"turns":14},{"damage":16,"enemies":"3 Shapes","floor":35,"turns":7},{"damage":42,"enemies":"3 Darklings","floor":36,"turns":6},{"damage":129,"enemies":"Giant Head","floor":40,"turns":11}],"event_choices":[{"event_name":"Mushrooms","player_choice":"Fought Mushrooms","floor":11,"damage_taken":0},{"event_name":"Shining Light","player_choice":"Entered Light","floor":14,"damage_taken":0},{"event_name":"Accursed Blacksmith","player_choice":"Forge","floor":27,"damage_taken":0},{"event_name":"Duplicator","player_choice":"One dupe","floor":38,"damage_taken":0},{"event_name":"Tomb of Lord Red Mask","player_choice":"Paid","floor":39,"damage_taken":0}],"boss_relics":[{"not_picked":["Mark of Pain","Calling Bell"],"picked":"Velvet Choker"},{"not_picked":["White Beast Statue","Tiny House"],"picked":"Black Blood"}],"potions_floor_spawned":[7,13,19,25,31,33,36],"seed_played":"-2309291943188562433","killed_by":"Giant Head","ascension_level":0,"is_trial":false}