{"gold_per_floor":[109,184,196,196,208,66,66,66,93,113,113,148,160,35,35,112,112,129,129,129,29,41,41,52,52,52,26,26,42,42,52,52,124,124,140,150,150,70,85,85,103,123,123,123,150,150,165,40,40,40,40],"floor_reached":51,"playtime":2522,"items_purged":["Strike_G","Strike_G","Strike_G"],"score":1254,"play_id":"1727fed3-f17e-4866-b93d-6505da8e655c","local_time":"20181031201709","is_ascension_mode":true,"campfire_choices":[{"data":"Deadly Poison","floor":7.0,"key":"SMITH"},{"data":"Neutralize","floor":11.0,"key":"SMITH"},{"floor":15.0,"key":"REST"},{"data":"A Thousand Cuts","floor":23.0,"key":"SMITH"},{"data":"Crippling Poison","floor":25.0,"key":"SMITH"},{"floor":32.0,"key":"RECALL"},{"data":"Footwork","floor":40.0,"key":"SMITH"},{"floor":44.0,"key":"REST"},{"floor":46.0,"key":"REST"},{"data":"Well Laid Plans","floor":49.0,"key":"SMITH"}],"neow_cost":"NONE","seed_source_timestamp":582929292554784,"circlet_count":0,"master_deck":["Defend_G","Defend_G","Defend_G","Defend_G","Defend_G","Strike_G","Survivor","Neutralize+1","AscendersBane","Dash","Quick Slash","Cloak And Dagger","Deadly Poison+1","Well Laid Plans+1","Backflip","Leg Sweep","Dash","Backflip","A Thousand Cuts+1","Necronomicurse","Backflip","Crippling Poison+1","Poisoned Stab","Cloak And Dagger","Noxious Fumes","Corpse Explosion","Prepared+1","Footwork+1","Quick Slash+1","Parasite","Acrobatics"],"special_seed":0,"relics":["Philosopher\u0027s Stone","Tingsha","Snake Skull","Orichalcum","Sozu","Necronomicon","Mango","Busted Crown","Regal Pillow"],"potions_floor_usage":[],"damage_taken":[{"damage":6.0,"enemies":"Small Slimes","floor":1.0,"turns":5.0},{"damage":5.0,"enemies":"2 Louse","floor":3.0,"turns":2.0},{"damage":0.0,"enemies":"Cultist","floor":5.0,"turns":4.0},{"damage":0.0,"enemies":"2 Fungi Beasts","floor":10.0,"turns":4.0},{"damage":17.0,"enemies":"Lagavulin","floor":12.0,"turns":7.0},{"damage":8.0,"enemies":"Looter","floor":13.0,"turns":3.0},{"damage":18.0,"enemies":"Hexaghost","floor":16.0,"turns":11.0},{"damage":9.0,"enemies":"Spheric Guardian","floor":18.0,"turns":6.0},{"damage":0.0,"enemies":"2 Thieves","floor":22.0,"turns":5.0},{"damage":3.0,"enemies":"3 Cultists","floor":24.0,"turns":5.0},{"damage":8.0,"enemies":"Cultist and Chosen","floor":29.0,"turns":5.0},{"damage":10.0,"enemies":"Centurion and Healer","floor":31.0,"turns":5.0},{"damage":26.0,"enemies":"Automaton","floor":33.0,"turns":9.0},{"damage":13.0,"enemies":"Orb Walker","floor":35.0,"turns":4.0},{"damage":0.0,"enemies":"3 Darklings","floor":36.0,"turns":3.0},{"damage":16.0,"enemies":"Sphere and 2 Shapes","floor":39.0,"turns":5.0},{"damage":31.0,"enemies":"Spire Growth","floor":41.0,"turns":5.0},{"damage":0.0,"enemies":"Writhing Mass","floor":42.0,"turns":5.0},{"damage":3.0,"enemies":"Nemesis","floor":45.0,"turns":9.0},{"damage":2.0,"enemies":"3 Darklings","floor":47.0,"turns":3.0},{"damage":49,"enemies":"Time Eater","floor":50,"turns":15},{"damage":25,"enemies":"Awakened One","floor":51,"turns":3}],"seed_played":"5013762440776871659","potions_obtained":[{"floor":1.0,"key":"Dexterity Potion"},{"floor":5.0,"key":"Energy Potion"},{"floor":13.0,"key":"Explosive Potion"}],"is_trial":false,"path_per_floor":["M","?","M","?","M","$","R","?","T","M","R","E","M","$","R","B",null,"M","?","?","$","M","R","M","R","T","$","?","M","?","M","R","B",null,"M","M","?","$","M","R","M","M","T","R","E","R","M","$","R","B","B"],"character_chosen":"THE_SILENT","items_purchased":["Deadly Poison","Well Laid Plans","Backflip","Cloak And Dagger","Footwork"],"campfire_rested":3,"item_purchase_floors":[6,6,14,27,38],"current_hp_per_floor":[53,42,37,37,37,37,37,37,37,37,37,20,12,12,31,13,53,44,23,23,23,23,23,20,20,34,34,80,72,72,62,62,36,69,56,56,56,56,40,40,9,9,9,33,30,69,67,67,67,18,0],"gold":40,"neow_bonus":"BOSS_RELIC","is_prod":false,"is_daily":false,"chose_seed":false,"campfire_upgraded":6,"win_rate":0,"timestamp":1541031429,"path_taken":["M","?","M","?","?","$","R","?","T","M","R","E","M","$","R","BOSS","M","?","?","$","M","R","M","R","T","$","?","?","?","M","R","BOSS","M","M","?","$","M","R","M","M","T","R","E","R","M","$","R","BOSS","BOSS"],"build_version":"2018-10-30","purchased_purges":3,"victory":false,"max_hp_per_floor":[66,66,66,66,66,66,66,66,66,66,66,66,66,66,66,66,66,66,66,66,66,66,66,66,66,80,80,80,80,80,80,80,80,80,80,80,80,80,80,80,80,80,80,80,80,80,80,80,80,80,80],"card_choices":[{"not_picked":["Catalyst","Riddle With Holes"],"picked":"Dash","floor":1.0},{"not_picked":["Catalyst","Slice"],"picked":"Quick Slash","floor":3.0},{"not_picked":["PiercingWail","Heel Hook"],"picked":"Cloak And Dagger","floor":5.0},{"not_picked":["Quick Slash","Deflect"],"picked":"Backflip","floor":10.0},{"not_picked":["Well Laid Plans","Dagger Throw"],"picked":"Leg Sweep","floor":12.0},{"not_picked":["Prepared","All Out Attack"],"picked":"Dash","floor":13.0},{"not_picked":["Storm of Steel","Tools of the Trade"],"picked":"A Thousand Cuts","floor":16.0},{"not_picked":["PiercingWail","Masterful Stab"],"picked":"Caltrops","floor":18.0},{"not_picked":["Backflip","Distraction"],"picked":"Crippling Poison","floor":22.0},{"not_picked":["Backflip","Flying Knee"],"picked":"Poisoned Stab","floor":24.0},{"not_picked":["Flechettes+1","Dagger Throw"],"picked":"Noxious Fumes","floor":29.0},{"not_picked":["Sucker Punch","Dagger Spray","Deadly Poison"],"picked":"SKIP","floor":31.0},{"not_picked":["Storm of Steel","Doppelganger"],"picked":"Corpse Explosion","floor":33.0},{"not_picked":["PiercingWail+1"],"picked":"SKIP","floor":35.0},{"not_picked":[],"picked":"Prepared+1","floor":36.0},{"not_picked":[],"picked":"Quick Slash+1","floor":39.0},{"not_picked":["Deadly Poison"],"picked":"SKIP","floor":41.0},{"not_picked":["Blade Dance"],"picked":"SKIP","floor":42.0},{"not_picked":["Grand Finale"],"picked":"SKIP","floor":45.0},{"not_picked":[],"picked":"Acrobatics","floor":47.0}],"player_experience":756198,"relics_obtained":[{"floor":9.0,"key":"Snake Skull"},{"floor":12.0,"key":"Orichalcum"},{"floor":19.0,"key":"Necronomicon"},{"floor":26.0,"key":"Mango"},{"floor":45.0,"key":"Regal Pillow"}],"event_choices":[{"damage_healed":0.0,"max_hp_gain":0.0,"max_hp_loss":0.0,"gold_gain":75.0,"event_name":"World of Goop","player_choice":"Gather Gold","floor":2.0,"gold_loss":0.0,"damage_taken":11.0},{"damage_healed":0.0,"max_hp_gain":0.0,"max_hp_loss":0.0,"gold_gain":0.0,"event_name":"WeMeetAgain","player_choice":"Gave Potion","floor":4.0,"gold_loss":0.0,"damage_taken":0.0,"relics_obtained":["Tingsha"]},{"cards_removed":["Strike_G"],"damage_healed":0.0,"max_hp_gain":0.0,"max_hp_loss":0.0,"gold_gain":0.0,"event_name":"Living Wall","player_choice":"Forget","floor":8.0,"gold_loss":0.0,"damage_taken":0.0},{"damage_healed":0.0,"max_hp_gain":0.0,"max_hp_loss":0.0,"gold_gain":0.0,"event_name":"Cursed Tome","player_choice":"Obtained Book","floor":19.0,"gold_loss":0.0,"damage_taken":21.0},{"damage_healed":0.0,"max_hp_gain":0.0,"max_hp_loss":0.0,"gold_gain":0.0,"event_name":"The Library","player_choice":"Read","floor":20.0,"gold_loss":0.0,"damage_taken":0.0,"cards_obtained":["Backflip"]},{"cards_removed":["Caltrops"],"damage_healed":46.0,"max_hp_gain":0.0,"max_hp_loss":0.0,"gold_gain":0.0,"event_name":"Bonfire Elementals","player_choice":"Offered Uncommon","floor":28.0,"gold_loss":0.0,"damage_taken":0.0},{"damage_healed":0.0,"max_hp_gain":0.0,"max_hp_loss":0.0,"gold_gain":0.0,"event_name":"Beggar","player_choice":"Ignored","floor":30.0,"gold_loss":0.0,"damage_taken":0.0},{"damage_healed":0.0,"max_hp_gain":0.0,"max_hp_loss":0.0,"gold_gain":0.0,"event_name":"Tomb of Lord Red Mask","player_choice":"Ignored","floor":37.0,"gold_loss":0.0,"damage_taken":0.0}],"is_beta":true,"boss_relics":[{"not_picked":["Fusion Hammer","White Beast Statue"],"picked":"Sozu"},{"not_picked":["Astrolabe","Tiny House"],"picked":"Busted Crown"}],"items_purged_floors":[14,21,48],"is_endless":false,"potions_floor_spawned":[1,5,13,16,22,24,31,42,45],"killed_by":"Awakened One","ascension_level":20}