{"gold_per_floor":[117,117,117,117,133,133,164,181,263,263,273,33,48,20,20,91,91,104,122,172,172,191,191,207,219,271,0,0,0,0],"floor_reached":30,"playtime":1340,"items_purged":[],"score":460,"play_id":"ed8f3fdc-6ddf-4236-b567-495726dd4e34","local_time":"20180919222722","is_ascension_mode":true,"campfire_choices":[{"floor":6.0,"key":"REST"},{"data":"Crippling Poison","floor":10.0,"key":"SMITH"},{"data":"Neutralize","floor":15.0,"key":"SMITH"},{"floor":23.0,"key":"REST"}],"neow_cost":"NONE","seed_source_timestamp":184309232644629,"circlet_count":0,"master_deck":["Defend_G","Defend_G","Defend_G","Defend_G","Defend_G","Strike_G+1","Survivor","Neutralize+1","AscendersBane","Sucker Punch","All Out Attack+1","Crippling Poison+1","Backflip","Bouncing Flask","PiercingWail","Dodge and Roll","After Image","Dodge and Roll+1","Prepared+1","Reflex+1","Poisoned Stab","Slice","Caltrops","Footwork","Noxious Fumes","Dash","Slice"],"special_seed":0,"relics":["Ring of the Snake","Bag of Preparation","Orichalcum","Smiling Mask","Tiny Chest","Lee\u0027s Waffle","Astrolabe","MawBank"],"potions_floor_usage":[28,28],"damage_taken":[{"damage":7.0,"enemies":"Small Slimes","floor":1.0,"turns":7.0},{"damage":0.0,"enemies":"2 Louse","floor":5.0,"turns":1.0},{"damage":24.0,"enemies":"Gremlin Nob","floor":7.0,"turns":5.0},{"damage":2.0,"enemies":"Jaw Worm","floor":8.0,"turns":4.0},{"damage":2.0,"enemies":"Blue Slaver","floor":11.0,"turns":4.0},{"damage":0.0,"enemies":"Large Slime","floor":13.0,"turns":4.0},{"damage":58.0,"enemies":"Slime Boss","floor":16.0,"turns":11.0},{"damage":5.0,"enemies":"Chosen","floor":18.0,"turns":6.0},{"damage":10.0,"enemies":"3 Byrds","floor":19.0,"turns":4.0},{"damage":11.0,"enemies":"Centurion and Healer","floor":22.0,"turns":12.0},{"damage":26.0,"enemies":"Snake Plant","floor":24.0,"turns":9.0},{"damage":10.0,"enemies":"Sentry and Sphere","floor":25.0,"turns":5.0},{"damage":27,"enemies":"Colosseum Slavers","floor":28,"turns":6},{"damage":9,"enemies":"Book of Stabbing","floor":30,"turns":2}],"seed_played":"6904494874885031531","potions_obtained":[{"floor":5.0,"key":"Weak Potion"},{"floor":8.0,"key":"Swift Potion"},{"floor":13.0,"key":"Explosive Potion"},{"floor":16.0,"key":"Energy Potion"},{"floor":19.0,"key":"SteroidPotion"},{"floor":22.0,"key":"Explosive Potion"},{"floor":25.0,"key":"PowerPotion"}],"is_trial":false,"path_per_floor":["M","?","?","?","M","R","E","M","T","R","M","$","M","$","R","B",null,"M","M","?","?","M","R","M","M","T","$","?","$"],"character_chosen":"THE_SILENT","items_purchased":["Lee\u0027s Waffle","Dodge and Roll","Regen Potion","Noxious Fumes","Dash","Slice"],"campfire_rested":2,"item_purchase_floors":[12,14,27,27,27,27],"current_hp_per_floor":[52,52,32,21,21,40,16,14,14,14,12,73,73,73,73,15,59,54,44,44,44,33,54,28,18,18,18,6,6,0],"gold":0,"neow_bonus":"RANDOM_COMMON_RELIC","is_prod":false,"is_daily":false,"chose_seed":false,"campfire_upgraded":2,"win_rate":0,"timestamp":1537410442,"path_taken":["M","?","?","?","?","R","E","M","T","R","M","$","M","?","R","BOSS","M","M","?","?","M","R","?","M","T","$","?","?","E"],"build_version":"2018-09-18v3","purchased_purges":0,"victory":false,"max_hp_per_floor":[66,66,66,66,66,66,66,66,66,66,66,73,73,73,73,73,73,73,73,73,73,73,73,73,73,73,73,73,73,73],"card_choices":[{"not_picked":["Bane","Dagger Throw"],"picked":"Sucker Punch","floor":1.0},{"not_picked":["PiercingWail","Sucker Punch","Outmaneuver"],"picked":"SKIP","floor":5.0},{"not_picked":["Well Laid Plans","Blur"],"picked":"Crippling Poison","floor":7.0},{"not_picked":["Slice","Riddle With Holes"],"picked":"Backflip","floor":8.0},{"not_picked":["Deflect","Dagger Throw"],"picked":"Bouncing Flask","floor":11.0},{"not_picked":["Heel Hook","Flying Knee"],"picked":"PiercingWail","floor":13.0},{"not_picked":["Phantasmal Killer","Tools of the Trade"],"picked":"After Image","floor":16.0},{"not_picked":["Sucker Punch","All Out Attack"],"picked":"Poisoned Stab","floor":18.0},{"not_picked":["Blade Dance","Distraction"],"picked":"Slice","floor":19.0},{"not_picked":["Finisher","Blade Dance","Bouncing Flask"],"picked":"SKIP","floor":22.0},{"not_picked":["Deflect","Sucker Punch"],"picked":"Caltrops","floor":24.0},{"not_picked":["Bane+1","Accuracy"],"picked":"Footwork","floor":25.0}],"player_experience":579963,"relics_obtained":[{"floor":7.0,"key":"Smiling Mask"},{"floor":9.0,"key":"Tiny Chest"},{"floor":26.0,"key":"MawBank"}],"event_choices":[{"event_name":"Living Wall","player_choice":"Change","floor":2.0,"damage_taken":0.0},{"event_name":"Shining Light","player_choice":"Entered Light","floor":3.0,"damage_taken":0.0},{"event_name":"Scrap Ooze","player_choice":"success","floor":4.0,"damage_taken":11.0},{"event_name":"Nest","player_choice":"Stole From Cult","floor":20.0,"damage_taken":0.0},{"event_name":"Vampires","player_choice":"Ignored","floor":21.0,"damage_taken":0.0},{"event_name":"Colosseum","player_choice":"Fight","floor":28,"damage_taken":0},{"event_name":"Colosseum","player_choice":"Fled From Nobs","floor":28,"damage_taken":0}],"is_beta":true,"boss_relics":[{"not_picked":["Black Star","Philosopher\u0027s Stone"],"picked":"Astrolabe"}],"items_purged_floors":[],"is_endless":false,"potions_floor_spawned":[5,8,13,16,19,22,25],"killed_by":"Book of Stabbing","ascension_level":20}