{"gold_per_floor":[112,112,112,130,3,3,35,35,35,35,60,88,120,149,161,248,260,284,211,243,180,210,222,247,274,362,160,250,265,265,276,276,276],"floor_reached":33,"playtime":1811,"items_purged":["Strike_G"],"score":498,"play_id":"565f7b51-37be-4f52-9889-cf9577ea2b0b","local_time":"20180917210754","is_ascension_mode":true,"campfire_choices":[{"data":"Neutralize","floor":6.0,"key":"SMITH"},{"data":"Crippling Poison","floor":10.0,"key":"SMITH"},{"floor":15.0,"key":"REST"},{"floor":23,"key":"REST"},{"floor":30,"key":"REST"},{"data":"Footwork","floor":32,"key":"SMITH"}],"neow_cost":"PERCENT_DAMAGE","seed_source_timestamp":6194524018491,"circlet_count":0,"master_deck":["Defend_G","Defend_G","Defend_G","Defend_G","Defend_G","Survivor","Neutralize+1","AscendersBane","Dodge and Roll","Deadly Poison","Dagger Spray","Sucker Punch","Quick Slash","Crippling Poison+1","Cloak And Dagger","Skewer","Leg Sweep","Doppelganger","Poisoned Stab","Poisoned Stab+1","Terror","Backstab+1","Footwork+1","Noxious Fumes","Caltrops"],"special_seed":0,"relics":["Ring of the Snake","Peace Pipe","Gremlin Horn","Bottled Flame","MawBank","Sozu","Blue Candle","Sundial","Oddly Smooth Stone"],"potions_floor_usage":[16,16],"damage_taken":[{"damage":3.0,"enemies":"Cultist","floor":1.0,"turns":5.0},{"damage":0.0,"enemies":"Jaw Worm","floor":4.0,"turns":5.0},{"damage":23.0,"enemies":"Lagavulin","floor":7.0,"turns":9.0},{"damage":0.0,"enemies":"2 Louse","floor":12.0,"turns":4.0},{"damage":0.0,"enemies":"Lots of Slimes","floor":13.0,"turns":1.0},{"damage":1.0,"enemies":"2 Fungi Beasts","floor":14.0,"turns":3.0},{"damage":21,"enemies":"Slime Boss","floor":16,"turns":10},{"damage":2,"enemies":"3 Byrds","floor":18,"turns":4},{"damage":4,"enemies":"Spheric Guardian","floor":20,"turns":6},{"damage":5,"enemies":"Chosen and Byrds","floor":22,"turns":6},{"damage":11,"enemies":"Sentry and Sphere","floor":24,"turns":6},{"damage":12,"enemies":"Snake Plant","floor":25,"turns":4},{"damage":14,"enemies":"3 Cultists","floor":29,"turns":6},{"damage":0,"enemies":"Chosen and Byrds","floor":31,"turns":5},{"damage":35,"enemies":"Champ","floor":33,"turns":11}],"seed_played":"1799773298892975691","potions_obtained":[{"floor":1.0,"key":"Regen Potion"},{"floor":4.0,"key":"PowerPotion"},{"floor":13.0,"key":"Poison Potion"}],"is_trial":false,"path_per_floor":["M","?","?","M","$","R","E","T","T","R","T","M","M","M","R","B",null,"M","?","M","?","M","R","M","M","T","$","?","M","R","M","R"],"character_chosen":"THE_SILENT","items_purchased":["Quick Slash","Footwork","Oddly Smooth Stone"],"campfire_rested":3,"item_purchase_floors":[5,27,27],"current_hp_per_floor":[41,41,32,32,32,32,24,24,24,24,24,24,24,23,42,21,55,53,53,49,49,44,63,52,40,40,40,28,14,33,33,33,0],"gold":276,"neow_bonus":"TRANSFORM_TWO_CARDS","is_prod":false,"is_daily":false,"chose_seed":false,"campfire_upgraded":3,"win_rate":0,"timestamp":1537232874,"path_taken":["M","?","?","M","$","R","E","?","T","R","?","M","M","?","R","BOSS","M","?","M","?","?","R","M","M","T","$","?","?","R","M","R","BOSS"],"build_version":"2018-09-12","purchased_purges":1,"victory":false,"max_hp_per_floor":[66,66,66,66,66,66,66,66,66,66,66,66,66,66,66,66,66,66,66,66,66,66,66,66,66,66,66,66,66,66,66,66,66],"card_choices":[{"not_picked":["Bane","Acrobatics"],"picked":"Dagger Spray","floor":1.0},{"not_picked":["Caltrops","Prepared"],"picked":"Sucker Punch","floor":4.0},{"not_picked":["Flechettes","Acrobatics"],"picked":"Crippling Poison","floor":7.0},{"not_picked":["Finisher","Prepared"],"picked":"Cloak And Dagger","floor":12.0},{"not_picked":["Bane","All Out Attack"],"picked":"Skewer","floor":13.0},{"not_picked":["Bane","Dagger Throw"],"picked":"Leg Sweep","floor":14.0},{"not_picked":["Storm of Steel","Grand Finale"],"picked":"Doppelganger","floor":16},{"not_picked":["Eviscerate","Backflip"],"picked":"Poisoned Stab","floor":18},{"not_picked":["Blade Dance","Slice+1","Underhanded Strike"],"picked":"SKIP","floor":20},{"not_picked":["Eviscerate","Backstab"],"picked":"Poisoned Stab+1","floor":22},{"not_picked":["Blade Dance","Reflex"],"picked":"Terror","floor":24},{"not_picked":["Terror","Deadly Poison"],"picked":"Backstab+1","floor":25},{"not_picked":["Blade Dance","Dash"],"picked":"Noxious Fumes","floor":29},{"not_picked":["Deflect","Dagger Spray"],"picked":"Caltrops","floor":31}],"player_experience":566569,"relics_obtained":[{"floor":7.0,"key":"Peace Pipe"},{"floor":8.0,"key":"Gremlin Horn"},{"floor":9.0,"key":"Bottled Flame"},{"floor":11.0,"key":"MawBank"},{"floor":26,"key":"Sundial"}],"event_choices":[{"event_name":"Bonfire Elementals","player_choice":"BASIC","floor":2.0,"damage_taken":0.0},{"event_name":"Wheel of Change","player_choice":"Damage","floor":3.0,"damage_taken":0.0},{"event_name":"Addict","player_choice":"Obtained Relic","floor":19,"damage_taken":0},{"event_name":"Beggar","player_choice":"Gave Gold","floor":21,"damage_taken":0},{"event_name":"Knowing Skull","player_choice":"GOLD ","floor":28,"damage_taken":0}],"is_beta":true,"boss_relics":[{"not_picked":["Fusion Hammer","Ectoplasm"],"picked":"Sozu"}],"items_purged_floors":[5],"is_endless":false,"potions_floor_spawned":[1,4,13,20,25,31],"killed_by":"Champ","ascension_level":20}