{"gold_per_floor":[110,36,52,66,15,43,43,43,92,123,123,134,145,159,159,256,256,272,69,86,186,35,35,66,66,142,168,168,168,168,168,168,269,269,281,299,299,19,34,34,0,34,57,96,108,134,164,196,208,220],"floor_reached":51,"playtime":3638,"items_purged":["Strike_R"],"score":942,"play_id":"9b713896-1072-43ed-8134-a1b0d3df1747","local_time":"20190424173006","is_ascension_mode":true,"campfire_choices":[{"data":"Heavy Blade","floor":7.0,"key":"SMITH"},{"floor":11.0,"key":"REST"},{"data":"True Grit","floor":15.0,"key":"SMITH"},{"data":"Uppercut","floor":23.0,"key":"SMITH"},{"floor":25.0,"key":"REST"},{"floor":28.0,"key":"REST"},{"data":"Disarm","floor":30.0,"key":"SMITH"},{"floor":32.0,"key":"REST"},{"data":"Heavy Blade","floor":40,"key":"SMITH"},{"data":"Double Tap","floor":45,"key":"SMITH"},{"floor":49,"key":"REST"}],"neow_cost":"NONE","seed_source_timestamp":683698393784898,"circlet_count":0,"master_deck":["Strike_R+1","Strike_R+1","Strike_R+1","Defend_R+1","Defend_R+1","Defend_R+1","Defend_R+1","Heavy Blade+1","Spot Weakness","Feel No Pain","Cleave","True Grit+1","Twin Strike+1","Disarm+1","Warcry","Headbutt","Shrug It Off","Immolate+1","Metallicize+1","Warcry+1","Uppercut+1","Uppercut+1","Demon Form+1","Disarm+1","Evolve+1","Heavy Blade+1","Rage+1","Double Tap+1","Shrug It Off","Pummel+1"],"special_seed":0,"relics":["Burning Blood","Centennial Puzzle","Strawberry","Darkstone Periapt","Mark of Pain","Medical Kit","Whetstone","Tiny Chest","War Paint","Frozen Egg 2","Sozu","Lee\u0027s Waffle","Red Mask","Oddly Smooth Stone","MawBank","Vajra"],"potions_floor_usage":[50],"damage_taken":[{"damage":2.0,"enemies":"2 Louse","floor":1.0,"turns":4.0},{"damage":8.0,"enemies":"Small Slimes","floor":3.0,"turns":2.0},{"damage":1.0,"enemies":"Cultist","floor":4.0,"turns":3.0},{"damage":19.0,"enemies":"3 Sentries","floor":6.0,"turns":5.0},{"damage":28.0,"enemies":"Lagavulin","floor":10.0,"turns":5.0},{"damage":7.0,"enemies":"Blue Slaver","floor":12.0,"turns":4.0},{"damage":0.0,"enemies":"Large Slime","floor":13.0,"turns":4.0},{"damage":1.0,"enemies":"Looter","floor":14.0,"turns":4.0},{"damage":13.0,"enemies":"The Guardian","floor":16.0,"turns":10.0},{"damage":4.0,"enemies":"Shell Parasite","floor":18.0,"turns":6.0},{"damage":13.0,"enemies":"2 Thieves","floor":20.0,"turns":2.0},{"damage":40.0,"enemies":"Slavers","floor":24.0,"turns":6.0},{"damage":34.0,"enemies":"Book of Stabbing","floor":27.0,"turns":5.0},{"damage":70,"enemies":"Automaton","floor":33,"turns":8},{"damage":12,"enemies":"Orb Walker","floor":35,"turns":3},{"damage":9,"enemies":"3 Darklings","floor":36,"turns":4},{"damage":0,"enemies":"4 Shapes","floor":39,"turns":1},{"damage":22,"enemies":"Nemesis","floor":42,"turns":5},{"damage":0,"enemies":"Sphere and 2 Shapes","floor":46,"turns":3},{"damage":2,"enemies":"Maw","floor":47,"turns":6},{"damage":18,"enemies":"3 Darklings","floor":48,"turns":3},{"damage":43,"enemies":"Time Eater","floor":50,"turns":7}],"seed_played":"8601623671406015893","potions_obtained":[{"floor":6.0,"key":"SteroidPotion"},{"floor":13.0,"key":"SkillPotion"},{"floor":14.0,"key":"GamblersBrew"},{"floor":16.0,"key":"Ancient Potion"},{"floor":33,"key":"SneckoOil"}],"is_trial":false,"path_per_floor":["M","$","M","M","$","E","R","?","T","E","R","M","M","M","R","B",null,"M","$","M","?","$","R","E","R","T","E","R","T","R","?","R","B",null,"M","M","?","$","M","R","?","E","T","T","R","M","M","M","R","B",null],"character_chosen":"IRONCLAD","items_purchased":["Spot Weakness","True Grit","Medical Kit","Uppercut","Lee\u0027s Waffle","Evolve+1","Heavy Blade"],"campfire_rested":5,"item_purchase_floors":[2,5,19,22,38,38,38],"current_hp_per_floor":[76,76,74,79,79,66,66,59,66,44,70,69,75,80,80,73,84,86,86,79,79,79,79,45,71,71,43,69,69,69,69,87,23,71,65,62,62,94,94,94,94,78,78,78,78,84,88,76,94,57],"gold":232,"neow_bonus":"UPGRADE_CARD","is_prod":false,"is_daily":false,"chose_seed":false,"campfire_upgraded":6,"win_rate":0,"timestamp":1556137806,"path_taken":["M","$","M","M","$","E","R","?","T","E","R","M","M","M","R","BOSS","M","$","M","?","?","R","E","R","T","E","R","?","R","?","R","BOSS","M","M","?","$","M","R","?","E","T","?","R","M","?","M","R","BOSS"],"build_version":"2019-01-23","purchased_purges":1,"victory":true,"max_hp_per_floor":[80,80,80,80,80,80,80,80,87,87,87,87,87,87,87,87,87,87,87,87,87,87,87,87,87,87,87,87,87,87,87,87,87,87,87,87,87,94,94,94,94,94,94,94,94,94,94,94,94,94],"card_choices":[{"not_picked":["Thunderclap","True Grit"],"picked":"Heavy Blade","floor":1.0},{"not_picked":["Inflame","True Grit"],"picked":"Feel No Pain","floor":3.0},{"not_picked":["Juggernaut","Bloodletting"],"picked":"Cleave","floor":4.0},{"not_picked":["Body Slam","Shrug It Off"],"picked":"Twin Strike","floor":6.0},{"not_picked":["Pommel Strike","Power Through"],"picked":"Disarm","floor":10.0},{"not_picked":["Wild Strike","True Grit"],"picked":"Warcry","floor":12.0},{"not_picked":["Armaments","Flex"],"picked":"Headbutt","floor":13.0},{"not_picked":["Headbutt","Searing Blow"],"picked":"Shrug It Off","floor":14.0},{"not_picked":["Berserk","Impervious"],"picked":"Immolate","floor":16.0},{"not_picked":["Fire Breathing+1","Cleave+1"],"picked":"Metallicize+1","floor":18.0},{"not_picked":["Armaments","Perfected Strike+1"],"picked":"Warcry+1","floor":20.0},{"not_picked":["Anger+1","Combust"],"picked":"Uppercut+1","floor":24.0},{"not_picked":["Wild Strike","Iron Wave","Sever Soul"],"picked":"SKIP","floor":27.0},{"not_picked":["Berserk+1","Dark Embrace+1"],"picked":"Demon Form+1","floor":33},{"not_picked":["Pommel Strike","Shockwave"],"picked":"Disarm+1","floor":35},{"not_picked":["Clothesline+1","Pommel Strike","Dropkick"],"picked":"SKIP","floor":36},{"not_picked":["Sword Boomerang+1","Second Wind"],"picked":"Rage+1","floor":39},{"not_picked":["True Grit+1","Searing Blow+1"],"picked":"Double Tap","floor":42},{"not_picked":["Fire Breathing+1","Havoc+1","Wild Strike"],"picked":"SKIP","floor":46},{"not_picked":["Wild Strike+1","Rampage+1"],"picked":"Shrug It Off","floor":47},{"not_picked":["Dropkick+1","Twin Strike"],"picked":"Pummel+1","floor":48}],"player_experience":338072,"relics_obtained":[{"floor":6.0,"key":"Centennial Puzzle"},{"floor":9.0,"key":"Strawberry"},{"floor":10.0,"key":"Darkstone Periapt"},{"floor":24.0,"key":"Whetstone"},{"floor":26.0,"key":"Tiny Chest"},{"floor":27.0,"key":"War Paint"},{"floor":29.0,"key":"Frozen Egg 2"},{"floor":42,"key":"Oddly Smooth Stone"},{"floor":43,"key":"MawBank"},{"floor":44,"key":"Vajra"}],"event_choices":[{"cards_removed":["Strike_R"],"damage_healed":0.0,"max_hp_gain":0.0,"max_hp_loss":0.0,"gold_gain":0.0,"event_name":"Golden Wing","player_choice":"Card Removal","floor":8.0,"gold_loss":0.0,"damage_taken":7.0},{"damage_healed":0.0,"max_hp_gain":0.0,"max_hp_loss":0.0,"gold_gain":100.0,"event_name":"Golden Shrine","player_choice":"Pray","floor":21.0,"gold_loss":0.0,"damage_taken":0.0},{"damage_healed":0.0,"max_hp_gain":0.0,"max_hp_loss":0.0,"gold_gain":0.0,"event_name":"Back to Basics","player_choice":"Simplicity","floor":31.0,"gold_loss":0.0,"damage_taken":0.0,"cards_upgraded":["Strike_R","Strike_R","Strike_R","Defend_R","Defend_R"]},{"cards_removed":["Bash"],"damage_healed":0,"gold_gain":0,"player_choice":"Removed Attack","damage_taken":0,"max_hp_gain":0,"max_hp_loss":0,"event_name":"Falling","floor":37,"gold_loss":0},{"damage_healed":0,"gold_gain":0,"player_choice":"Paid","damage_taken":0,"relics_obtained":["Red Mask"],"max_hp_gain":0,"max_hp_loss":0,"event_name":"Tomb of Lord Red Mask","floor":41,"gold_loss":34}],"is_beta":false,"boss_relics":[{"not_picked":["Runic Pyramid","Orrery"],"picked":"Mark of Pain"},{"not_picked":["Empty Cage","Black Star"],"picked":"Sozu"}],"items_purged_floors":[22],"is_endless":false,"potions_floor_spawned":[6,13,14,16,33,35,46,48],"ascension_level":7}