{"gold_per_floor":[116,133,58,58,75,75,104,104,131,131,151,174,174,174,174,273,273,286,246,259,271,271,271,284,284,284,234,248,198,198,209,209,307,307,323,273,283,301,301,301,320,320,320,320,335,335,382,412,412,412],"floor_reached":51,"playtime":1085,"items_purged":["Strike_R","Strike_R","Strike_R","Juggernaut"],"score":900,"play_id":"b8a4699c-e432-4869-8bef-f9c2aba167e2","local_time":"20190423215314","is_ascension_mode":false,"campfire_choices":[{"data":"Searing Blow+1","floor":6,"key":"SMITH"},{"data":"Searing Blow+2","floor":8,"key":"SMITH"},{"data":"Searing Blow+3","floor":10,"key":"SMITH"},{"data":"Searing Blow+4","floor":13,"key":"SMITH"},{"data":"Searing Blow+5","floor":15,"key":"SMITH"},{"data":"Searing Blow+7","floor":23,"key":"SMITH"},{"data":"Searing Blow+8","floor":25,"key":"SMITH"},{"data":"Searing Blow+9","floor":32,"key":"SMITH"},{"data":"Searing Blow+10","floor":40,"key":"SMITH"},{"data":"Searing Blow+11","floor":42,"key":"SMITH"},{"data":"Searing Blow+12","floor":44,"key":"SMITH"},{"data":"Searing Blow+13","floor":49,"key":"SMITH"}],"neow_cost":"NONE","seed_source_timestamp":87518310770120,"circlet_count":0,"master_deck":["Defend_R","Defend_R","Defend_R","Bash+1","Searing Blow+14","True Grit","Battle Trance","Sentinel","Combust","Dual Wield+1"],"relics":["Burning Blood","Omamori","Dream Catcher","Bag of Marbles","Matryoshka","Coffee Dripper","Bronze Scales","Smiling Mask","Sozu","Lantern","Kunai","Potion Belt","Blood Vial"],"potions_floor_usage":[16,16],"damage_taken":[{"damage":7,"enemies":"2 Louse","floor":1,"turns":4},{"damage":1,"enemies":"Cultist","floor":2,"turns":3},{"damage":5,"enemies":"Jaw Worm","floor":5,"turns":4},{"damage":36,"enemies":"3 Sentries","floor":7,"turns":11},{"damage":7,"enemies":"Blue Slaver","floor":11,"turns":3},{"damage":2,"enemies":"Hexaghost","floor":16,"turns":6},{"damage":2,"enemies":"Shell Parasite","floor":18,"turns":2},{"damage":8,"enemies":"2 Thieves","floor":20,"turns":3},{"damage":3,"enemies":"Centurion and Healer","floor":21,"turns":3},{"damage":0,"enemies":"Snake Plant","floor":24,"turns":1},{"damage":1,"enemies":"Shelled Parasite and Fungi","floor":28,"turns":2},{"damage":7,"enemies":"Sentry and Sphere","floor":31,"turns":4},{"damage":28,"enemies":"Automaton","floor":33,"turns":5},{"damage":6,"enemies":"3 Shapes","floor":35,"turns":4},{"damage":0,"enemies":"Orb Walker","floor":37,"turns":1},{"damage":10,"enemies":"4 Shapes","floor":38,"turns":5},{"damage":2,"enemies":"Sphere and 2 Shapes","floor":41,"turns":3},{"damage":2,"enemies":"Maw","floor":45,"turns":3},{"damage":13,"enemies":"Giant Head","floor":48,"turns":3},{"damage":0,"enemies":"Time Eater","floor":50,"turns":1}],"seed_played":"7066469989255512963","potions_obtained":[{"floor":1,"key":"Regen Potion"},{"floor":5,"key":"SpeedPotion"},{"floor":20,"key":"Explosive Potion"},{"floor":33,"key":"Regen Potion"}],"is_trial":false,"path_per_floor":["M","M","$","?","M","R","E","R","T","R","M","T","R","?","R","B",null,"M","?","M","M","?","R","M","R","T","$","M","$","?","M","R","B",null,"M","$","M","M","?","R","M","R","T","R","M","?","T","E","R","B",null],"character_chosen":"IRONCLAD","items_purchased":[],"campfire_rested":0,"item_purchase_floors":[],"current_hp_per_floor":[79,80,80,80,80,80,50,50,50,50,49,49,49,24,24,43,80,80,80,78,80,72,72,78,78,78,78,80,80,80,79,79,57,80,80,80,80,76,76,76,80,80,80,80,80,76,76,69,69,76],"gold":412,"neow_bonus":"UPGRADE_CARD","is_prod":false,"is_daily":false,"chose_seed":false,"campfire_upgraded":12,"win_rate":0,"timestamp":1556077994,"path_taken":["M","M","$","?","M","R","E","R","T","R","?","?","R","?","R","BOSS","M","?","?","M","?","R","M","R","T","$","?","$","?","M","R","BOSS","M","$","M","M","?","R","M","R","T","R","?","?","?","E","R","BOSS"],"build_version":"2019-01-23","purchased_purges":4,"victory":true,"max_hp_per_floor":[80,80,80,80,80,80,80,80,80,80,80,80,80,80,80,80,80,80,80,80,80,80,80,80,80,80,80,80,80,80,80,80,80,80,80,80,80,80,80,80,80,80,80,80,80,76,76,76,76,76],"card_choices":[{"not_picked":["Havoc","Bloodletting"],"picked":"Searing Blow","floor":1},{"not_picked":["Second Wind","Flex","True Grit"],"picked":"SKIP","floor":2},{"not_picked":["Second Wind","Flex"],"picked":"True Grit","floor":2},{"not_picked":["Cleave","Heavy Blade","Pommel Strike"],"picked":"SKIP","floor":5},{"not_picked":["Offering","Sever Soul"],"picked":"Battle Trance","floor":7},{"not_picked":["Iron Wave","Heavy Blade","Metallicize"],"picked":"SKIP","floor":11},{"not_picked":["Iron Wave","Heavy Blade","Metallicize"],"picked":"SKIP","floor":11},{"not_picked":["Pummel","Twin Strike+1","Sword Boomerang"],"picked":"SKIP","floor":18},{"not_picked":["Hemokinesis","Power Through","Spot Weakness"],"picked":"SKIP","floor":20},{"not_picked":["Infernal Blade","Twin Strike+1","Clash"],"picked":"SKIP","floor":21},{"not_picked":["Warcry","Exhume","Sword Boomerang"],"picked":"SKIP","floor":24},{"not_picked":["Headbutt","Dual Wield","Power Through"],"picked":"SKIP","floor":28},{"not_picked":["Second Wind","Iron Wave","Sword Boomerang"],"picked":"SKIP","floor":31},{"not_picked":["Entrench+1","Second Wind+1","Cleave+1"],"picked":"SKIP","floor":35},{"not_picked":["Clash+1","Pummel","Disarm"],"picked":"SKIP","floor":37},{"not_picked":["True Grit+1","Armaments+1","Clash"],"picked":"SKIP","floor":38},{"not_picked":["Iron Wave","Dual Wield+1","Intimidate+1"],"picked":"SKIP","floor":41},{"not_picked":["Iron Wave","Intimidate+1"],"picked":"Dual Wield+1","floor":41},{"not_picked":["Hemokinesis","Searing Blow+1","Double Tap"],"picked":"SKIP","floor":45},{"not_picked":["Body Slam","Cleave+1","Iron Wave+1"],"picked":"SKIP","floor":48}],"player_experience":1296507,"relics_obtained":[{"floor":7,"key":"Omamori"},{"floor":9,"key":"Dream Catcher"},{"floor":12,"key":"Bag of Marbles"},{"floor":26,"key":"Bronze Scales"},{"floor":26,"key":"Smiling Mask"},{"floor":43,"key":"Lantern"},{"floor":43,"key":"Kunai"},{"floor":47,"key":"Potion Belt"},{"floor":48,"key":"Blood Vial"}],"event_choices":[{"damage_healed":0,"gold_gain":0,"player_choice":"Upgraded","damage_taken":0,"max_hp_gain":0,"max_hp_loss":0,"event_name":"Upgrade Shrine","floor":4,"gold_loss":0,"cards_upgraded":["Searing Blow"]},{"damage_healed":0,"gold_gain":0,"player_choice":"Success","damage_taken":25,"relics_obtained":["Matryoshka"],"max_hp_gain":0,"max_hp_loss":0,"event_name":"Scrap Ooze","floor":14,"gold_loss":0},{"damage_healed":0,"gold_gain":0,"player_choice":"Upgrade","damage_taken":0,"max_hp_gain":0,"max_hp_loss":0,"event_name":"Designer","floor":19,"gold_loss":40,"cards_upgraded":["Searing Blow"]},{"damage_healed":0,"gold_gain":0,"player_choice":"","damage_taken":8,"max_hp_gain":0,"max_hp_loss":0,"event_name":"Knowing Skull","floor":22,"potions_obtained":[],"gold_loss":0,"cards_obtained":[]},{"damage_healed":0,"gold_gain":0,"cards_transformed":["Strike_R","Strike_R"],"player_choice":"Became Test Subject","damage_taken":0,"max_hp_gain":0,"max_hp_loss":0,"event_name":"Drug Dealer","floor":30,"gold_loss":0,"cards_obtained":["Sentinel","Juggernaut"]},{"damage_healed":0,"gold_gain":0,"cards_transformed":["Defend_R"],"player_choice":"Transformed","damage_taken":0,"max_hp_gain":0,"max_hp_loss":0,"event_name":"Transmorgrifier","floor":39,"gold_loss":0,"cards_obtained":["Combust"]},{"damage_healed":0,"gold_gain":0,"player_choice":"Max HP","damage_taken":0,"max_hp_gain":0,"max_hp_loss":4,"event_name":"Winding Halls","floor":46,"gold_loss":0}],"is_beta":false,"boss_relics":[{"not_picked":["Orrery","Pandora\u0027s Box"],"picked":"Coffee Dripper"},{"not_picked":["Runic Pyramid","Black Star"],"picked":"Sozu"}],"items_purged_floors":[3,27,29,36],"is_endless":false,"potions_floor_spawned":[1,5,20,33,41,45],"ascension_level":0}