{"gold_per_floor":[118,128,93,111,131,131,159,159,183,196,20,20,54,66,78,90],"floor_reached":16,"playtime":674,"items_purged":["Strike_G"],"score":220,"play_id":"9cc9dd67-6dee-4058-be74-096674550f54","local_time":"20181004205959","is_ascension_mode":true,"campfire_choices":[{"data":"Terror","floor":6.0,"key":"SMITH"},{"data":"Noxious Fumes","floor":12.0,"key":"SMITH"},{"floor":15,"key":"REST"}],"neow_cost":"NONE","seed_source_timestamp":751695546553461,"circlet_count":0,"master_deck":["Defend_G","Defend_G","Defend_G","Defend_G+1","Defend_G","Strike_G","Strike_G","Strike_G","Strike_G","Survivor","Neutralize","AscendersBane","Bullet Time+1","Sucker Punch","Terror+1","Night Terror","Parasite","Noxious Fumes+1","Cloak And Dagger","Infinite Blades"],"special_seed":0,"relics":["Ring of the Snake","War Paint","Boot","MawBank","Ginger"],"potions_floor_usage":[16],"damage_taken":[{"damage":7.0,"enemies":"Small Slimes","floor":1.0,"turns":5.0},{"damage":4.0,"enemies":"Jaw Worm","floor":2.0,"turns":6.0},{"damage":1.0,"enemies":"2 Louse","floor":4.0,"turns":3.0},{"damage":6.0,"enemies":"Looter","floor":5.0,"turns":5.0},{"damage":31.0,"enemies":"Gremlin Nob","floor":7.0,"turns":5.0},{"damage":2.0,"enemies":"Gremlin Gang","floor":10.0,"turns":8.0},{"damage":34.0,"enemies":"3 Sentries","floor":13.0,"turns":8.0},{"damage":27,"enemies":"Hexaghost","floor":16,"turns":9}],"seed_played":"-8992777314406080109","potions_obtained":[{"floor":2.0,"key":"Weak Potion"},{"floor":4.0,"key":"Ancient Potion"},{"floor":10.0,"key":"Block Potion"}],"is_trial":false,"path_per_floor":["M","M","?","M","M","R","E","?","T","M","$","R","E","T","R"],"character_chosen":"THE_SILENT","items_purchased":["Noxious Fumes","Cloak And Dagger"],"campfire_rested":1,"item_purchase_floors":[11,11],"current_hp_per_floor":[52,48,64,63,57,57,26,42,42,40,40,40,6,6,25,0],"gold":90,"neow_bonus":"ONE_RANDOM_RARE_CARD","is_prod":false,"is_daily":false,"chose_seed":false,"campfire_upgraded":2,"win_rate":0,"timestamp":1538701199,"path_taken":["M","M","?","M","M","R","E","?","T","?","$","R","E","?","R","BOSS"],"build_version":"2018-10-04","purchased_purges":1,"victory":false,"max_hp_per_floor":[66,66,66,66,66,66,66,66,66,66,66,66,66,66,66,66],"card_choices":[{"not_picked":["Eviscerate","Bane"],"picked":"Sucker Punch","floor":1.0},{"not_picked":["Bane","Sucker Punch"],"picked":"Terror","floor":2.0},{"not_picked":["Riddle With Holes","Slice","Outmaneuver"],"picked":"SKIP","floor":4.0},{"not_picked":["Flying Knee","Underhanded Strike","Bane"],"picked":"SKIP","floor":5.0},{"not_picked":["Flying Knee","Underhanded Strike","Bane"],"picked":"SKIP","floor":5.0},{"not_picked":["Accuracy","Riddle With Holes"],"picked":"Night Terror","floor":7.0},{"not_picked":["Poisoned Stab","All Out Attack","Skewer"],"picked":"SKIP","floor":10.0},{"not_picked":["Sucker Punch","Bane"],"picked":"Infinite Blades","floor":13.0}],"player_experience":658155,"relics_obtained":[{"floor":7.0,"key":"War Paint"},{"floor":9.0,"key":"Boot"},{"floor":13.0,"key":"MawBank"},{"floor":14,"key":"Ginger"}],"event_choices":[{"event_name":"The Cleric","player_choice":"Healed","floor":3.0,"damage_taken":0.0},{"event_name":"Mushrooms","player_choice":"Healed and dodged fight","floor":8.0,"damage_taken":0.0}],"is_beta":true,"boss_relics":[],"items_purged_floors":[11],"is_endless":false,"potions_floor_spawned":[2,4,10],"killed_by":"Hexaghost","ascension_level":20}