{"gold_per_floor":[109,184,109,9,9,9,25,54,54,88,88,107,107,118,118,218,218,232,232,205,205],"floor_reached":21,"playtime":1679,"items_purged":["Defend_R","Strike_R"],"score":233,"play_id":"4a7c931c-36da-41c1-898a-95185a5febe8","local_time":"20190311173035","is_ascension_mode":true,"campfire_choices":[{"data":"Bash","floor":6.0,"key":"SMITH"},{"data":"Body Slam","floor":11.0,"key":"SMITH"},{"floor":15.0,"key":"REST"}],"neow_cost":"NONE","seed_source_timestamp":0,"circlet_count":0,"master_deck":["Strike_R","Strike_R","Defend_R","Defend_R","Bash+1","Body Slam+1","Exhume","Offering","Shockwave","Reaper","Shrug It Off","Flex"],"special_seed":0,"relics":["Burning Blood","NeowsBlessing","Orichalcum","Frozen Egg 2","Girya","Champion Belt","Empty Cage"],"potions_floor_usage":[16,18],"damage_taken":[{"damage":0.0,"enemies":"Cultist","floor":1.0,"turns":1.0},{"damage":0.0,"enemies":"2 Louse","floor":7.0,"turns":1.0},{"damage":0.0,"enemies":"Gremlin Nob","floor":8.0,"turns":1.0},{"damage":52.0,"enemies":"3 Sentries","floor":10.0,"turns":11.0},{"damage":8.0,"enemies":"Jaw Worm","floor":12.0,"turns":2.0},{"damage":6.0,"enemies":"Looter","floor":14.0,"turns":2.0},{"damage":42,"enemies":"Slime Boss","floor":16,"turns":13},{"damage":52,"enemies":"Spheric Guardian","floor":18,"turns":6},{"damage":33,"enemies":"2 Thieves","floor":20,"turns":5},{"damage":47,"enemies":"Colosseum Slavers","floor":21,"turns":4}],"seed_played":"2009647654366305065","potions_obtained":[{"floor":1.0,"key":"BloodPotion"},{"floor":10.0,"key":"BloodPotion"},{"floor":12.0,"key":"Energy Potion"},{"floor":16,"key":"SpeedPotion"}],"is_trial":false,"path_per_floor":["M","?","$","$","?","R","M","E","T","E","R","M","?","M","R","B",null,"M","?","M","?"],"character_chosen":"IRONCLAD","items_purchased":[],"campfire_rested":1,"item_purchase_floors":[],"current_hp_per_floor":[80,72,72,72,72,72,78,80,80,42,42,40,33,41,65,29,80,34,34,23,0],"gold":205,"neow_bonus":"THREE_ENEMY_KILL","is_prod":false,"is_daily":false,"chose_seed":false,"campfire_upgraded":2,"win_rate":0,"timestamp":1552336235,"path_taken":["M","?","?","$","?","R","M","E","T","E","R","M","?","M","R","BOSS","M","?","M","?"],"build_version":"2019-01-23","purchased_purges":2,"victory":false,"max_hp_per_floor":[80,80,80,80,80,80,80,80,80,80,80,80,80,80,80,80,80,80,80,80,80],"card_choices":[{"not_picked":["Reckless Charge","Cleave","Clash"],"picked":"SKIP","floor":1.0},{"not_picked":["Intimidate","Iron Wave"],"picked":"Body Slam","floor":7.0},{"not_picked":["Uppercut","Reckless Charge"],"picked":"Exhume","floor":8.0},{"not_picked":["Havoc","Anger"],"picked":"Offering","floor":10.0},{"not_picked":["Dual Wield","Uppercut"],"picked":"Shockwave","floor":12.0},{"not_picked":["Thunderclap","Burning Pact","Clash"],"picked":"SKIP","floor":14.0},{"not_picked":["Limit Break","Offering"],"picked":"Reaper","floor":16},{"not_picked":["Twin Strike","Uppercut+1"],"picked":"Shrug It Off","floor":18},{"not_picked":["Havoc","Perfected Strike"],"picked":"Flex","floor":20}],"player_experience":161818,"relics_obtained":[{"floor":8.0,"key":"Orichalcum"},{"floor":9.0,"key":"Frozen Egg 2"},{"floor":10.0,"key":"Girya"}],"event_choices":[{"damage_healed":0.0,"max_hp_gain":0.0,"max_hp_loss":0.0,"gold_gain":75.0,"event_name":"FaceTrader","player_choice":"Touch","floor":2.0,"gold_loss":0.0,"damage_taken":8.0},{"cards_removed":["Defend_R"],"damage_healed":0.0,"max_hp_gain":0.0,"max_hp_loss":0.0,"gold_gain":0.0,"event_name":"Living Wall","player_choice":"Forget","floor":5.0,"gold_loss":0.0,"damage_taken":0.0},{"damage_healed":0.0,"max_hp_gain":0.0,"max_hp_loss":0.0,"gold_gain":0.0,"event_name":"Scrap Ooze","player_choice":"Success","floor":13.0,"gold_loss":0.0,"damage_taken":7.0,"relics_obtained":["Champion Belt"]},{"damage_healed":0,"gold_gain":0,"player_choice":"Ignored","damage_taken":0,"max_hp_gain":0,"max_hp_loss":0,"event_name":"Vampires","floor":19,"gold_loss":0},{"damage_healed":0,"gold_gain":0,"player_choice":"Fight","damage_taken":0,"max_hp_gain":0,"max_hp_loss":0,"event_name":"Colosseum","floor":21,"gold_loss":0}],"is_beta":false,"boss_relics":[{"not_picked":["Ectoplasm","Runic Pyramid"],"picked":"Empty Cage"}],"items_purged_floors":[3,4],"is_endless":false,"potions_floor_spawned":[1,10,12,16],"killed_by":"Colosseum Slavers","ascension_level":2}