{"gold_per_floor":[116,116,41,116,133,162,162,188,236,236,253,267,267,278,278,352,352,366,213,228,244,244,244,244,244,244,244,263,118,131,157,157,234,234,247,247,295,68,87,101,117,128,152,152,152,152,183,1,1,1,1],"floor_reached":52,"playtime":2526,"items_purged":["Strike_G","Expertise","Storm of Steel"],"score":1845,"play_id":"ab135a9d-4759-4792-aabe-f23b2851be95","local_time":"20190406200736","is_ascension_mode":true,"campfire_choices":[{"data":"Neutralize","floor":7.0,"key":"SMITH"},{"floor":10.0,"key":"REST"},{"data":"Bouncing Flask","floor":13.0,"key":"SMITH"},{"data":"Noxious Fumes","floor":15.0,"key":"SMITH"},{"floor":23.0,"key":"REST"},{"data":"Dash","floor":25.0,"key":"SMITH"},{"data":"Backflip","floor":27.0,"key":"SMITH"},{"floor":32.0,"key":"REST"},{"data":"Footwork","floor":44.0,"key":"SMITH"},{"data":"Catalyst","floor":46.0,"key":"SMITH"},{"floor":49.0,"key":"REST"}],"neow_cost":"NONE","seed_source_timestamp":0,"circlet_count":0,"master_deck":["AscendersBane","Survivor","Neutralize+1","Backstab","Backflip+1","Bouncing Flask+1","Caltrops","PiercingWail","Backflip","Noxious Fumes+1","Glass Knife","Unload","Glass Knife","Tools of the Trade","Flying Knee","Caltrops","Dash+1","Masterful Stab","PiercingWail+1","Deflect","Backflip","Catalyst+1","Dodge and Roll","Noxious Fumes+1","Backflip","Master of Strategy","Finesse","Acrobatics","Footwork+1","Footwork+1","PiercingWail","Deflect"],"special_seed":0,"relics":["Ring of the Snake","NeowsBlessing","Regal Pillow","Matryoshka","PreservedInsect","Happy Flower","Pandora\u0027s Box","Blood Vial","Bottled Tornado","Centennial Puzzle","Velvet Choker","Anchor","Lantern","Pen Nib","Unceasing Top"],"potions_floor_usage":[51],"damage_taken":[{"damage":0.0,"enemies":"Jaw Worm","floor":1.0,"turns":1.0},{"damage":0.0,"enemies":"2 Louse","floor":5.0,"turns":1.0},{"damage":0.0,"enemies":"Lagavulin","floor":6.0,"turns":1.0},{"damage":44.0,"enemies":"Gremlin Nob","floor":8.0,"turns":5.0},{"damage":0.0,"enemies":"Cultist","floor":11.0,"turns":3.0},{"damage":27.0,"enemies":"Exordium Thugs","floor":12.0,"turns":6.0},{"damage":0.0,"enemies":"Exordium Wildlife","floor":14.0,"turns":5.0},{"damage":5.0,"enemies":"Hexaghost","floor":16.0,"turns":8.0},{"damage":10.0,"enemies":"Shell Parasite","floor":18.0,"turns":3.0},{"damage":8.0,"enemies":"Chosen","floor":20.0,"turns":4.0},{"damage":23.0,"enemies":"Shelled Parasite and Fungi","floor":21.0,"turns":7.0},{"damage":2.0,"enemies":"Centurion and Healer","floor":28.0,"turns":6.0},{"damage":4.0,"enemies":"Sentry and Sphere","floor":30.0,"turns":4.0},{"damage":17.0,"enemies":"Book of Stabbing","floor":31.0,"turns":4.0},{"damage":39.0,"enemies":"Collector","floor":33.0,"turns":7.0},{"damage":0.0,"enemies":"3 Shapes","floor":35.0,"turns":5.0},{"damage":0.0,"enemies":"3 Darklings","floor":39.0,"turns":4.0},{"damage":1.0,"enemies":"Transient","floor":40.0,"turns":6.0},{"damage":2.0,"enemies":"Writhing Mass","floor":41.0,"turns":6.0},{"damage":11.0,"enemies":"3 Darklings","floor":42.0,"turns":5.0},{"damage":20.0,"enemies":"Nemesis","floor":47.0,"turns":5.0},{"damage":37.0,"enemies":"Donu and Deca","floor":50.0,"turns":12.0},{"damage":11,"enemies":"Awakened One","floor":51,"turns":25}],"seed_played":"2748959209140980919","potions_obtained":[{"floor":5.0,"key":"SkillPotion"},{"floor":11.0,"key":"Dexterity Potion"},{"floor":16.0,"key":"Energy Potion"},{"floor":33.0,"key":"GamblersBrew"},{"floor":35.0,"key":"GhostInAJar"}],"is_trial":false,"path_per_floor":["M","?","$","?","M","E","R","E","T","R","M","M","R","M","R","B",null,"M","$","M","M","?","R","?","R","T","R","M","$","M","E","R","B",null,"M","?","T","$","M","M","M","M","T","R","?","R","E","$","R","B","B",null],"character_chosen":"THE_SILENT","items_purchased":["FearPotion","Catalyst","Dodge and Roll","Lantern","Acrobatics","Deflect"],"campfire_rested":4,"item_purchase_floors":[19,29,29,38,38,48],"current_hp_per_floor":[59,59,59,48,48,48,48,4,4,38,38,11,11,11,11,6,51,41,41,33,10,10,44,44,44,44,44,44,44,42,27,61,24,56,58,48,48,48,50,51,51,42,42,42,38,38,20,20,54,19,10],"gold":1,"neow_bonus":"THREE_ENEMY_KILL","is_prod":false,"is_daily":false,"chose_seed":false,"campfire_upgraded":7,"win_rate":0,"timestamp":1554595656,"path_taken":["M","?","$","?","M","E","R","E","T","R","M","M","R","M","R","BOSS","M","$","M","M","?","R","?","R","T","R","M","$","?","E","R","BOSS","M","?","?","$","M","M","M","?","T","R","?","R","E","$","R","BOSS","BOSS"],"build_version":"2019-04-04","purchased_purges":3,"victory":true,"max_hp_per_floor":[66,66,66,66,66,66,66,66,66,66,66,66,66,66,66,66,66,66,66,66,66,66,66,66,66,66,66,66,66,66,66,66,66,66,66,66,66,66,66,66,66,66,66,66,66,66,66,66,66,66,66],"card_choices":[{"not_picked":["Blade Dance","Cloak And Dagger"],"picked":"Backstab","floor":1.0},{"not_picked":["Dagger Throw","Underhanded Strike"],"picked":"Backflip","floor":5.0},{"not_picked":["Flechettes","Catalyst"],"picked":"Bouncing Flask","floor":6.0},{"not_picked":["Tactician","Outmaneuver"],"picked":"Caltrops","floor":8.0},{"not_picked":["Wraith Form v2","Underhanded Strike"],"picked":"PiercingWail","floor":11.0},{"not_picked":["Dagger Throw","Bane"],"picked":"Backflip","floor":12.0},{"not_picked":["Dodge and Roll","Catalyst"],"picked":"Noxious Fumes","floor":14.0},{"not_picked":["Doppelganger","Envenom"],"picked":"Glass Knife","floor":16.0},{"not_picked":["Slice+1","Outmaneuver"],"picked":"PiercingWail+1","floor":18.0},{"not_picked":["Riddle With Holes","Noxious Fumes","Flying Knee+1"],"picked":"SKIP","floor":20.0},{"not_picked":["PiercingWail","Dagger Spray"],"picked":"Deflect","floor":21.0},{"not_picked":["Tactician+1","Setup"],"picked":"Backflip","floor":28.0},{"not_picked":["Deflect","Skewer"],"picked":"Noxious Fumes+1","floor":30.0},{"not_picked":["Die Die Die","All Out Attack+1","Flying Knee"],"picked":"SKIP","floor":31.0},{"not_picked":["Flying Knee","Dodge and Roll"],"picked":"Backflip","floor":35.0},{"not_picked":["Mind Blast","Violence"],"picked":"Master of Strategy","floor":36.0},{"not_picked":["Dramatic Entrance","Impatience"],"picked":"Finesse","floor":36.0},{"not_picked":["Prepared","Bane","Terror"],"picked":"SKIP","floor":39.0},{"not_picked":["Accuracy+1","Eviscerate"],"picked":"Footwork+1","floor":40.0},{"not_picked":["Slice","Quick Slash+1","Deadly Poison"],"picked":"SKIP","floor":41.0},{"not_picked":["Underhanded Strike","Predator"],"picked":"Footwork","floor":42.0},{"not_picked":["Heel Hook","Underhanded Strike+1"],"picked":"PiercingWail","floor":47.0}],"player_experience":957620,"relics_obtained":[{"floor":6.0,"key":"Regal Pillow"},{"floor":8.0,"key":"Matryoshka"},{"floor":9.0,"key":"PreservedInsect"},{"floor":9.0,"key":"Happy Flower"},{"floor":26.0,"key":"Blood Vial"},{"floor":26.0,"key":"Bottled Tornado"},{"floor":31.0,"key":"Centennial Puzzle"},{"floor":37.0,"key":"Anchor"},{"floor":43.0,"key":"Pen Nib"},{"floor":47.0,"key":"Unceasing Top"}],"event_choices":[{"damage_healed":0.0,"max_hp_gain":0.0,"max_hp_loss":0.0,"gold_gain":0.0,"cards_transformed":["Strike_G"],"event_name":"Living Wall","player_choice":"Change","floor":2.0,"gold_loss":0.0,"damage_taken":0.0,"cards_obtained":["Storm of Steel"]},{"damage_healed":0.0,"max_hp_gain":0.0,"max_hp_loss":0.0,"gold_gain":75.0,"event_name":"World of Goop","player_choice":"Gather Gold","floor":4.0,"gold_loss":0.0,"damage_taken":11.0},{"damage_healed":0.0,"max_hp_gain":0.0,"max_hp_loss":0.0,"gold_gain":0.0,"event_name":"The Mausoleum","player_choice":"Ignored","floor":22.0,"gold_loss":0.0,"damage_taken":0.0},{"damage_healed":0.0,"max_hp_gain":0.0,"max_hp_loss":0.0,"gold_gain":0.0,"event_name":"N\u0027loth","player_choice":"Ignored","floor":24.0,"gold_loss":0.0,"damage_taken":0.0},{"damage_healed":0.0,"max_hp_gain":0.0,"max_hp_loss":0.0,"gold_gain":0.0,"event_name":"SensoryStone","player_choice":"Memory 3","floor":36.0,"gold_loss":0.0,"damage_taken":10.0},{"damage_healed":0.0,"max_hp_gain":0.0,"max_hp_loss":0.0,"gold_gain":0.0,"event_name":"The Woman in Blue","player_choice":"Bought 0 Potions","floor":45.0,"gold_loss":0.0,"damage_taken":0.0}],"is_beta":true,"boss_relics":[{"not_picked":["Ring of the Serpent","Coffee Dripper"],"picked":"Pandora\u0027s Box"},{"not_picked":["Calling Bell","White Beast Statue"],"picked":"Velvet Choker"}],"items_purged_floors":[3,19,48],"is_endless":false,"potions_floor_spawned":[5,11,16,20,33,35,40,41,42],"ascension_level":20}