{"gold_per_floor":[118,118,118,136,150,179,179,212,260,273,301,301,317,317,317,417,417,432,449,176,189,199,225,225,238,238,250,250,46,66,66,66,169,169,187,207,207,221,237,237,250,250,250,270,58,72,72,85,85,85],"floor_reached":51,"playtime":4573,"items_purged":["Strike_R","Strike_R","Writhe"],"score":931,"play_id":"060ab7ab-2e29-45a1-9079-628dff493a73","local_time":"20190422204224","is_ascension_mode":true,"campfire_choices":[{"data":"Anger","floor":7.0,"key":"SMITH"},{"data":"Twin Strike","floor":12.0,"key":"SMITH"},{"floor":15.0,"key":"REST"},{"floor":24.0,"key":"REST"},{"data":"Limit Break","floor":28.0,"key":"SMITH"},{"floor":32.0,"key":"REST"},{"data":"True Grit","floor":40,"key":"SMITH"},{"data":"Offering","floor":47,"key":"SMITH"},{"floor":49,"key":"REST"}],"neow_cost":"NONE","seed_source_timestamp":521491506326425,"circlet_count":0,"master_deck":["Strike_R+1","Strike_R","Strike_R","Defend_R","Defend_R","Defend_R","Defend_R","Bash+1","Anger+1","Shrug It Off","Warcry","Headbutt+1","Spot Weakness","Shockwave","Twin Strike+1","Limit Break+1","Shrug It Off","Armaments+1","Clothesline","Offering+1","Twin Strike+1","Spot Weakness+1","Armaments+1","Dropkick+1","True Grit+1","Immolate","Impervious","Sword Boomerang+1","Shrug It Off+1","Uppercut","Parasite","Flame Barrier"],"special_seed":0,"relics":["Burning Blood","NeowsBlessing","Paper Frog","Whetstone","Ancient Tea Set","FossilizedHelix","Velvet Choker","Charon\u0027s Ashes","Mummified Hand","Cursed Key"],"potions_floor_usage":[44,50,50,50],"damage_taken":[{"damage":0.0,"enemies":"Jaw Worm","floor":1.0,"turns":1.0},{"damage":0.0,"enemies":"2 Louse","floor":4.0,"turns":1.0},{"damage":0.0,"enemies":"Cultist","floor":5.0,"turns":1.0},{"damage":19.0,"enemies":"3 Sentries","floor":6.0,"turns":10.0},{"damage":27.0,"enemies":"Lagavulin","floor":8.0,"turns":5.0},{"damage":0.0,"enemies":"Exordium Wildlife","floor":10.0,"turns":4.0},{"damage":12.0,"enemies":"Gremlin Nob","floor":11.0,"turns":3.0},{"damage":0.0,"enemies":"Looter","floor":13.0,"turns":2.0},{"damage":0.0,"enemies":"Slime Boss","floor":16.0,"turns":7.0},{"damage":0.0,"enemies":"Spheric Guardian","floor":18.0,"turns":3.0},{"damage":0.0,"enemies":"2 Thieves","floor":19.0,"turns":4.0},{"damage":9.0,"enemies":"Shelled Parasite and Fungi","floor":21.0,"turns":4.0},{"damage":26.0,"enemies":"3 Cultists","floor":22.0,"turns":5.0},{"damage":28.0,"enemies":"Slavers","floor":23.0,"turns":4.0},{"damage":0.0,"enemies":"Cultist and Chosen","floor":25.0,"turns":3.0},{"damage":6.0,"enemies":"Shelled Parasite and Fungi","floor":27.0,"turns":3.0},{"damage":12.0,"enemies":"Snake Plant","floor":30.0,"turns":2.0},{"damage":6.0,"enemies":"Automaton","floor":33.0,"turns":8.0},{"damage":1.0,"enemies":"3 Shapes","floor":35.0,"turns":3.0},{"damage":0,"enemies":"3 Darklings","floor":36,"turns":2},{"damage":5,"enemies":"Jaw Worm Horde","floor":38,"turns":3},{"damage":30,"enemies":"4 Shapes","floor":39,"turns":3},{"damage":6,"enemies":"Sphere and 2 Shapes","floor":41,"turns":5},{"damage":12,"enemies":"Writhing Mass","floor":44,"turns":4},{"damage":19,"enemies":"4 Shapes","floor":46,"turns":4},{"damage":0,"enemies":"Transient","floor":48,"turns":5},{"damage":44,"enemies":"Time Eater","floor":50,"turns":8}],"seed_played":"8112752801415781659","potions_obtained":[{"floor":1.0,"key":"Poison Potion"},{"floor":8.0,"key":"Regen Potion"},{"floor":10.0,"key":"Energy Potion"},{"floor":13.0,"key":"GamblersBrew"},{"floor":14.0,"key":"Dexterity Potion"},{"floor":14.0,"key":"Dexterity Potion"},{"floor":21.0,"key":"BloodPotion"},{"floor":25.0,"key":"LiquidBronze"},{"floor":27.0,"key":"Energy Potion"},{"floor":30.0,"key":"BloodPotion"},{"floor":39,"key":"FearPotion"},{"floor":44,"key":"PowerPotion"},{"floor":48,"key":"Dexterity Potion"}],"is_trial":false,"path_per_floor":["M","?","?","M","M","E","R","E","T","M","E","R","M","?","R","B",null,"M","M","$","M","M","E","R","M","T","M","R","$","M","?","R","B",null,"M","M","?","M","M","R","M","?","T","M","$","M","R","M","R","B",null],"character_chosen":"IRONCLAD","items_purchased":["Clothesline","Offering","True Grit","PowerPotion","Flame Barrier","Strength Potion"],"campfire_rested":4,"item_purchase_floors":[20,20,29,29,45,45],"current_hp_per_floor":[80,80,80,80,80,67,67,46,46,64,58,58,64,64,80,80,80,80,80,80,77,65,43,67,73,73,73,73,73,67,52,77,77,83,85,85,85,85,61,61,61,82,82,76,76,63,63,69,85,47],"gold":85,"neow_bonus":"THREE_ENEMY_KILL","is_prod":false,"is_daily":false,"chose_seed":false,"campfire_upgraded":5,"win_rate":0,"timestamp":1555976544,"path_taken":["M","?","?","M","M","E","R","E","T","M","E","R","M","?","R","BOSS","M","?","$","M","M","E","R","M","T","M","R","$","M","?","R","BOSS","M","M","?","M","M","R","M","?","T","?","?","M","R","?","R","BOSS"],"build_version":"2019-01-23","purchased_purges":3,"victory":true,"max_hp_per_floor":[80,80,80,80,80,80,80,80,80,80,80,80,80,80,80,80,80,80,80,80,80,80,80,80,80,80,80,80,80,80,85,85,85,85,85,85,85,85,85,85,85,85,85,85,85,85,85,85,85,85],"card_choices":[{"not_picked":["Intimidate","Bloodletting"],"picked":"Anger","floor":1.0},{"not_picked":["Heavy Blade","Warcry"],"picked":"Shrug It Off","floor":4.0},{"not_picked":["Entrench","Thunderclap"],"picked":"Warcry","floor":5.0},{"not_picked":["Armaments","Havoc"],"picked":"Headbutt","floor":6.0},{"not_picked":["Offering","Ghostly Armor"],"picked":"Spot Weakness","floor":8.0},{"not_picked":["Ghostly Armor","Havoc"],"picked":"Shockwave","floor":10.0},{"not_picked":["Wild Strike","Brutality"],"picked":"Twin Strike","floor":11.0},{"not_picked":["Twin Strike","Evolve","Dropkick"],"picked":"SKIP","floor":13.0},{"not_picked":["Dark Embrace","Immolate"],"picked":"Limit Break","floor":16.0},{"not_picked":["Wild Strike","Ghostly Armor+1"],"picked":"Shrug It Off","floor":18.0},{"not_picked":["Rage","Warcry"],"picked":"Armaments+1","floor":19.0},{"not_picked":["Perfected Strike","Heavy Blade"],"picked":"Twin Strike+1","floor":21.0},{"not_picked":["Havoc","Warcry","Combust"],"picked":"SKIP","floor":22.0},{"not_picked":["Rupture+1","Clash"],"picked":"Spot Weakness+1","floor":23.0},{"not_picked":["Havoc","Sentinel"],"picked":"Armaments+1","floor":25.0},{"not_picked":["Rage","Clash+1"],"picked":"Dropkick+1","floor":27.0},{"not_picked":["Pommel Strike+1","True Grit"],"picked":"Immolate","floor":30.0},{"not_picked":["Bludgeon","Brutality"],"picked":"Impervious","floor":33.0},{"not_picked":["Entrench+1","Reckless Charge+1"],"picked":"Sword Boomerang+1","floor":35.0},{"not_picked":["Clothesline+1","True Grit"],"picked":"Shrug It Off+1","floor":36},{"not_picked":["Havoc","True Grit","Twin Strike+1"],"picked":"SKIP","floor":38},{"not_picked":["Body Slam+1","Entrench+1"],"picked":"Uppercut","floor":39},{"not_picked":["Rage","Perfected Strike+1","Clash"],"picked":"SKIP","floor":41},{"not_picked":["Armaments+1","Dark Embrace","Wild Strike+1"],"picked":"SKIP","floor":44},{"not_picked":["Clash+1","Evolve+1","Rupture"],"picked":"SKIP","floor":46},{"not_picked":["Second Wind+1","Power Through","True Grit"],"picked":"SKIP","floor":48}],"player_experience":327718,"relics_obtained":[{"floor":6.0,"key":"Paper Frog"},{"floor":8.0,"key":"Whetstone"},{"floor":9.0,"key":"Ancient Tea Set"},{"floor":11.0,"key":"FossilizedHelix"},{"floor":23.0,"key":"Charon\u0027s Ashes"},{"floor":26.0,"key":"Mummified Hand"}],"event_choices":[{"damage_healed":0.0,"max_hp_gain":0.0,"max_hp_loss":0.0,"gold_gain":0.0,"event_name":"Living Wall","player_choice":"Grow","floor":2.0,"gold_loss":0.0,"damage_taken":0.0,"cards_upgraded":["Bash"]},{"damage_healed":0.0,"max_hp_gain":0.0,"max_hp_loss":0.0,"gold_gain":0.0,"event_name":"Liars Game","player_choice":"Ignored","floor":3.0,"gold_loss":0.0,"damage_taken":0.0},{"damage_healed":0.0,"max_hp_gain":0.0,"max_hp_loss":0.0,"gold_gain":0.0,"event_name":"Lab","player_choice":"Got Potions","floor":14.0,"gold_loss":0.0,"damage_taken":0.0},{"damage_healed":0.0,"max_hp_gain":5.0,"max_hp_loss":0.0,"gold_gain":0.0,"event_name":"Forgotten Altar","player_choice":"Shed Blood","floor":31.0,"gold_loss":0.0,"damage_taken":20.0},{"damage_healed":0,"gold_gain":0,"player_choice":"Ignored","damage_taken":0,"max_hp_gain":0,"max_hp_loss":0,"event_name":"Tomb of Lord Red Mask","floor":37,"gold_loss":0},{"damage_healed":21,"gold_gain":0,"player_choice":"Writhe","damage_taken":0,"max_hp_gain":0,"max_hp_loss":0,"event_name":"Winding Halls","floor":42,"gold_loss":0,"cards_obtained":["Writhe"]}],"is_beta":false,"boss_relics":[{"not_picked":["Runic Dome","Busted Crown"],"picked":"Velvet Choker"},{"not_picked":["Runic Pyramid","Eternal Feather"],"picked":"Cursed Key"}],"items_purged_floors":[20,29,45],"is_endless":false,"potions_floor_spawned":[1,8,10,13,21,25,27,30,39,44,48],"ascension_level":5}