{"gold_per_floor":[210,227,241,113,130,160,178,178,260,275,275,275,291,137,137,242,242,252,252,269,144,144,144,243,255,255,255,105,121,121,141,141,141],"floor_reached":33,"playtime":2448,"items_purged":["Strike_R","Strike_R","Defend_R","Defend_R"],"score":261,"play_id":"3d51b43e-008c-4c6f-88ef-b41c33288642","local_time":"20190309225321","is_ascension_mode":true,"campfire_choices":[{"data":"Searing Blow","floor":8,"key":"SMITH"},{"data":"Searing Blow+1","floor":12,"key":"SMITH"},{"data":"Searing Blow+2","floor":15,"key":"SMITH"},{"floor":23,"key":"REST"},{"floor":30,"key":"REST"},{"data":"Searing Blow+3","floor":32,"key":"SMITH"}],"neow_cost":"NONE","seed_source_timestamp":557226865986553,"circlet_count":0,"master_deck":["Strike_R","Strike_R","Strike_R","Defend_R","Bash","Pommel Strike","Searing Blow+4","Armaments","Armaments","Warcry","Headbutt","Inflame","Armaments","Dual Wield"],"relics":["Black Blood","Strawberry","Pantograph","Question Card","MutagenicStrength"],"potions_floor_usage":[6,20,25,29,31,33],"damage_taken":[{"damage":5,"enemies":"Cultist","floor":1,"turns":4},{"damage":0,"enemies":"2 Louse","floor":2,"turns":3},{"damage":0,"enemies":"Small Slimes","floor":3,"turns":3},{"damage":7,"enemies":"3 Louse","floor":5,"turns":4},{"damage":15,"enemies":"Gremlin Nob","floor":6,"turns":4},{"damage":15,"enemies":"Looter","floor":7,"turns":3},{"damage":19,"enemies":"Exordium Wildlife","floor":10,"turns":5},{"damage":11,"enemies":"Exordium Thugs","floor":13,"turns":4},{"damage":56,"enemies":"Hexaghost","floor":16,"turns":8},{"damage":5,"enemies":"Spheric Guardian","floor":18,"turns":3},{"damage":70,"enemies":"3 Byrds","floor":20,"turns":8},{"damage":36,"enemies":"Centurion and Healer","floor":25,"turns":6},{"damage":22,"enemies":"Chosen and Byrds","floor":29,"turns":5},{"damage":20,"enemies":"Snecko","floor":31,"turns":4},{"damage":63,"enemies":"Collector","floor":33,"turns":6}],"seed_played":"1828047566797005698","potions_obtained":[{"floor":5,"key":"Strength Potion"},{"floor":10,"key":"Ancient Potion"},{"floor":13,"key":"GamblersBrew"},{"floor":16,"key":"SpeedPotion"},{"floor":20,"key":"Fire Potion"},{"floor":25,"key":"PowerPotion"}],"is_trial":false,"path_per_floor":["M","M","M","$","M","E","M","R","T","M","?","R","M","$","R","B",null,"M","?","M","$","?","R","?","M","T","?","$","M","R","M","R","B"],"character_chosen":"IRONCLAD","items_purchased":["Armaments","Armaments"],"campfire_rested":2,"item_purchase_floors":[4,14],"current_hp_per_floor":[80,80,80,80,79,77,68,68,68,55,48,48,43,43,43,18,87,87,87,27,27,27,53,53,27,27,27,27,15,41,31,31,0],"gold":141,"neow_bonus":"HUNDRED_GOLD","is_prod":false,"is_daily":false,"chose_seed":false,"campfire_upgraded":4,"win_rate":0,"timestamp":1552186401,"path_taken":["M","M","M","$","M","E","M","R","T","M","?","R","M","$","R","BOSS","M","?","M","$","?","R","?","M","T","?","?","M","R","M","R","BOSS"],"build_version":"2019-01-23","purchased_purges":4,"victory":false,"max_hp_per_floor":[80,80,80,80,80,87,87,87,87,87,87,87,87,87,87,87,87,87,87,87,87,87,87,87,87,87,87,87,87,87,87,87,87],"card_choices":[{"not_picked":["Thunderclap","Clothesline"],"picked":"Pommel Strike","floor":1},{"not_picked":["Combust","Twin Strike"],"picked":"Searing Blow","floor":2},{"not_picked":["Bloodletting","Perfected Strike"],"picked":"Armaments","floor":3},{"not_picked":["Wild Strike","Anger"],"picked":"Warcry","floor":5},{"not_picked":["Juggernaut","Seeing Red"],"picked":"Headbutt","floor":6},{"not_picked":["Thunderclap","Perfected Strike"],"picked":"Inflame","floor":7},{"not_picked":["True Grit","Twin Strike","Heavy Blade"],"picked":"SKIP","floor":10},{"not_picked":["Wild Strike","True Grit","Reckless Charge"],"picked":"SKIP","floor":13},{"not_picked":["Flex+1","Reckless Charge","Second Wind"],"picked":"SKIP","floor":18},{"not_picked":["Cleave","Sever Soul+1","Shrug It Off"],"picked":"SKIP","floor":20},{"not_picked":["Flame Barrier+1","Clash","Rage"],"picked":"SKIP","floor":25},{"not_picked":["Feel No Pain","Reckless Charge","Fire Breathing"],"picked":"Dual Wield","floor":29},{"not_picked":["Pommel Strike","Flex","Headbutt","Cleave+1"],"picked":"SKIP","floor":31}],"player_experience":147192,"relics_obtained":[{"floor":6,"key":"Strawberry"},{"floor":9,"key":"Pantograph"},{"floor":26,"key":"Question Card"}],"event_choices":[{"cards_removed":["Defend_R"],"damage_healed":0,"gold_gain":0,"player_choice":"Card Removal","damage_taken":7,"max_hp_gain":0,"max_hp_loss":0,"event_name":"Golden Wing","floor":11,"gold_loss":0},{"damage_healed":0,"gold_gain":0,"player_choice":"Ignored","damage_taken":0,"max_hp_gain":0,"max_hp_loss":0,"event_name":"Ghosts","floor":19,"gold_loss":0},{"damage_healed":0,"gold_gain":0,"player_choice":"Ignored","damage_taken":0,"max_hp_gain":0,"max_hp_loss":0,"event_name":"The Mausoleum","floor":22,"gold_loss":0},{"damage_healed":0,"gold_gain":99,"player_choice":"Stole From Cult","damage_taken":0,"max_hp_gain":0,"max_hp_loss":0,"event_name":"Nest","floor":24,"gold_loss":0},{"damage_healed":0,"gold_gain":0,"player_choice":"Inject Mutagens","damage_taken":0,"relics_obtained":["MutagenicStrength"],"max_hp_gain":0,"max_hp_loss":0,"event_name":"Drug Dealer","floor":27,"gold_loss":0}],"is_beta":false,"boss_relics":[{"not_picked":["Runic Cube","Eternal Feather"],"picked":"Black Blood"}],"items_purged_floors":[4,14,21,28],"is_endless":false,"potions_floor_spawned":[5,10,13,16,20,25],"killed_by":"Collector","ascension_level":1}