{"gold_per_floor":[110,125,125,125,141,141,68,93,93,93,112,112,187,208,208,328,328,342,612,632,657,682,682,713,729,754,754,775,808,808,833,833,957,957,981,1004,1029,382,405,405,405,425,425,425,425,68,193,39,39,39],"floor_reached":51,"playtime":1056,"items_purged":["Second Wind","Reckless Charge"],"score":706,"play_id":"7b95c5a2-3aeb-4513-9dca-212a6e29bd1a","local_time":"20190417135954","is_ascension_mode":false,"campfire_choices":[{"data":"Bash","floor":6.0,"key":"SMITH"},{"data":"Whirlwind","floor":10.0,"key":"SMITH"},{"data":"Uppercut","floor":12.0,"key":"SMITH"},{"data":"Flex","floor":15.0,"key":"SMITH"},{"data":"Battle Trance","floor":23.0,"key":"SMITH"},{"floor":27.0,"key":"REST"},{"floor":30.0,"key":"REST"},{"data":"Battle Trance","floor":32.0,"key":"SMITH"},{"floor":40.0,"key":"REST"},{"data":"Uppercut","floor":45.0,"key":"SMITH"},{"floor":49.0,"key":"REST"}],"neow_cost":"NONE","seed_source_timestamp":6555056249738,"circlet_count":0,"master_deck":["Bash+1","Headbutt","Shrug It Off+1","Flex+1","Whirlwind+1","Uppercut+1","Double Tap+1","Flex+1","Battle Trance+1","Flame Barrier+1","Battle Trance+1","Immolate","Rampage","Seeing Red","Feed","Uppercut+1","Havoc","Pummel","Corruption+1"],"special_seed":0,"relics":["Velvet Choker","Golden Idol","Strawberry","Sozu","Frozen Egg 2","War Paint","Orichalcum","Pandora\u0027s Box","Red Skull","Happy Flower","PrismaticShard","Nunchaku","Bottled Lightning","Unceasing Top","Vajra"],"potions_floor_usage":[],"damage_taken":[{"damage":0.0,"enemies":"Jaw Worm","floor":1.0,"turns":3.0},{"damage":0.0,"enemies":"Cultist","floor":2.0,"turns":3.0},{"damage":0.0,"enemies":"2 Louse","floor":5.0,"turns":3.0},{"damage":2.0,"enemies":"Large Slime","floor":8.0,"turns":4.0},{"damage":0.0,"enemies":"Exordium Thugs","floor":11.0,"turns":3.0},{"damage":0.0,"enemies":"Gremlin Gang","floor":14.0,"turns":1.0},{"damage":30.0,"enemies":"Hexaghost","floor":16.0,"turns":5.0},{"damage":5.0,"enemies":"Shell Parasite","floor":18.0,"turns":4.0},{"damage":0.0,"enemies":"3 Byrds","floor":20.0,"turns":2.0},{"damage":6.0,"enemies":"Cultist and Chosen","floor":21.0,"turns":3.0},{"damage":9.0,"enemies":"Centurion and Healer","floor":22.0,"turns":3.0},{"damage":30.0,"enemies":"Book of Stabbing","floor":24.0,"turns":6.0},{"damage":2.0,"enemies":"Chosen and Byrds","floor":25.0,"turns":3.0},{"damage":11.0,"enemies":"Snake Plant","floor":28.0,"turns":3.0},{"damage":7.0,"enemies":"Gremlin Leader","floor":29.0,"turns":5.0},{"damage":0.0,"enemies":"3 Cultists","floor":31.0,"turns":1.0},{"damage":14.0,"enemies":"Champ","floor":33.0,"turns":11.0},{"damage":22.0,"enemies":"3 Shapes","floor":35.0,"turns":3.0},{"damage":5.0,"enemies":"3 Darklings","floor":36.0,"turns":3.0},{"damage":35.0,"enemies":"Spire Growth","floor":37.0,"turns":4.0},{"damage":0.0,"enemies":"Jaw Worm Horde","floor":39.0,"turns":2.0},{"damage":10.0,"enemies":"3 Darklings","floor":42.0,"turns":3.0},{"damage":0.0,"enemies":"Mind Bloom Boss Battle","floor":47.0,"turns":2.0},{"damage":45,"enemies":"Donu and Deca","floor":50,"turns":6}],"seed_played":"-8717173305571958528","potions_obtained":[{"floor":5.0,"key":"AttackPotion"},{"floor":8.0,"key":"FearPotion"},{"floor":11.0,"key":"SkillPotion"},{"floor":14.0,"key":"Regen Potion"}],"is_trial":false,"path_per_floor":["M","M","?","?","M","R","$","M","T","R","M","R","?","M","R","B",null,"M","?","M","M","M","R","E","M","T","R","M","E","R","M","R","B",null,"M","M","M","$","M","R","?","M","T","?","R","$","?","$","R","B",null],"character_chosen":"IRONCLAD","items_purchased":["Whirlwind","Red Skull","Happy Flower","Corruption+1","PrismaticShard","Bottled Lightning","Vajra"],"campfire_rested":4,"item_purchase_floors":[7,38,38,38,38,46,48],"current_hp_per_floor":[80,80,60,60,60,60,60,58,65,65,65,65,54,54,54,24,87,82,50,50,44,35,35,20,18,18,44,33,26,52,52,52,38,87,65,60,25,25,28,55,55,45,45,45,45,45,45,45,72,27],"gold":39,"neow_bonus":"BOSS_RELIC","is_prod":false,"is_daily":false,"chose_seed":false,"campfire_upgraded":7,"win_rate":0,"timestamp":1555531194,"path_taken":["M","M","?","?","M","R","$","?","T","R","M","R","?","M","R","BOSS","M","?","?","?","?","R","E","M","T","R","M","E","R","M","R","BOSS","M","M","M","$","M","R","?","M","T","?","R","$","?","?","R","BOSS"],"build_version":"2019-01-23","purchased_purges":2,"victory":true,"max_hp_per_floor":[80,80,80,80,80,80,80,80,87,87,87,87,87,87,87,87,87,87,87,87,87,87,87,87,87,87,87,87,87,87,87,87,87,87,87,87,87,87,90,90,90,90,90,90,90,90,90,90,90,90],"card_choices":[{"not_picked":["Fire Breathing","Havoc"],"picked":"Headbutt","floor":1.0},{"not_picked":["True Grit","Anger"],"picked":"Shrug It Off","floor":2.0},{"not_picked":["Havoc","Anger"],"picked":"Flex","floor":5.0},{"not_picked":["Sentinel","Wild Strike","Blood for Blood"],"picked":"SKIP","floor":8.0},{"not_picked":["Anger","Flex"],"picked":"Uppercut","floor":11.0},{"not_picked":["Evolve","Clothesline","Feed"],"picked":"SKIP","floor":14.0},{"not_picked":["Dark Embrace","Feed"],"picked":"Double Tap","floor":16.0},{"not_picked":["Shrug It Off","Warcry","Searing Blow"],"picked":"SKIP","floor":18.0},{"not_picked":["Havoc","Body Slam+1"],"picked":"Flex+1","floor":20.0},{"not_picked":["Dual Wield+1","Shrug It Off+1","True Grit"],"picked":"SKIP","floor":21.0},{"not_picked":["Inflame","Thunderclap"],"picked":"Battle Trance","floor":22.0},{"not_picked":["Shockwave","Hemokinesis","Pommel Strike"],"picked":"SKIP","floor":24.0},{"not_picked":["Second Wind+1","Dual Wield","Evolve+1"],"picked":"SKIP","floor":25.0},{"not_picked":["Bloodletting","Bludgeon","Iron Wave"],"picked":"SKIP","floor":28.0},{"not_picked":["Fiend Fire","Armaments+1"],"picked":"Flame Barrier+1","floor":29.0},{"not_picked":["Second Wind+1","Shrug It Off"],"picked":"Battle Trance","floor":31.0},{"not_picked":["Feed","Limit Break"],"picked":"Immolate","floor":33.0},{"not_picked":["Evolve+1","Clash+1","Headbutt"],"picked":"SKIP","floor":35.0},{"not_picked":["Headbutt","Iron Wave+1","Rampage"],"picked":"SKIP","floor":36.0},{"not_picked":["Perfected Strike+1","Iron Wave+1","Body Slam"],"picked":"SKIP","floor":37.0},{"not_picked":["Feel No Pain+1","Rupture+1","Cleave+1"],"picked":"SKIP","floor":39.0},{"not_picked":["Scrape","Rupture+1","Sweeping Beam+1"],"picked":"SKIP","floor":42.0}],"player_experience":1242431,"relics_obtained":[{"floor":9.0,"key":"Strawberry"},{"floor":24.0,"key":"Frozen Egg 2"},{"floor":26.0,"key":"War Paint"},{"floor":29.0,"key":"Orichalcum"},{"floor":43.0,"key":"Nunchaku"},{"floor":47.0,"key":"Unceasing Top"}],"event_choices":[{"damage_healed":0.0,"max_hp_gain":0.0,"max_hp_loss":0.0,"gold_gain":0.0,"event_name":"Golden Idol","player_choice":"Take Damage","floor":3.0,"gold_loss":0.0,"damage_taken":20.0,"relics_obtained":["Golden Idol"]},{"cards_removed":["Strike_R"],"damage_healed":0.0,"max_hp_gain":0.0,"max_hp_loss":0.0,"gold_gain":0.0,"event_name":"Wheel of Change","player_choice":"Card Removal","floor":4.0,"gold_loss":0.0,"damage_taken":0.0},{"damage_healed":0.0,"max_hp_gain":0.0,"max_hp_loss":0.0,"gold_gain":75.0,"event_name":"World of Goop","player_choice":"Gather Gold","floor":13.0,"gold_loss":0.0,"damage_taken":11.0},{"damage_healed":0.0,"max_hp_gain":0.0,"max_hp_loss":0.0,"gold_gain":270.0,"event_name":"Knowing Skull","player_choice":"GOLD GOLD GOLD ","floor":19.0,"potions_obtained":[],"gold_loss":0.0,"damage_taken":32.0,"cards_obtained":[]},{"damage_healed":0.0,"max_hp_gain":0.0,"max_hp_loss":0.0,"gold_gain":0.0,"event_name":"Mysterious Sphere","player_choice":"Ignored","floor":41.0,"gold_loss":0.0,"damage_taken":0.0},{"damage_healed":0.0,"max_hp_gain":0.0,"max_hp_loss":0.0,"gold_gain":0.0,"event_name":"Tomb of Lord Red Mask","player_choice":"Ignored","floor":44.0,"gold_loss":0.0,"damage_taken":0.0},{"damage_healed":0.0,"max_hp_gain":0.0,"max_hp_loss":0.0,"gold_gain":0.0,"event_name":"MindBloom","player_choice":"Fight","floor":47.0,"gold_loss":0.0,"damage_taken":0.0}],"is_beta":false,"boss_relics":[{"not_picked":["Snecko Eye","Runic Dome"],"picked":"Sozu"},{"not_picked":["Astrolabe","Empty Cage"],"picked":"Pandora\u0027s Box"}],"items_purged_floors":[38,46],"is_endless":false,"potions_floor_spawned":[5,8,11,14,18,20,21,25,35,37,39],"ascension_level":0}