{"gold_per_floor":[116,134,152,0,0,0,0,0,52,82,82,101,117,117,117,218,218,230,241,241,92,112,112,125,125,125,145,157,103,103,123,123,123],"floor_reached":33,"playtime":2055,"items_purged":["Strike_G","Defend_G"],"score":249,"play_id":"0c60b398-d2b1-4894-b536-44dc63d168ed","local_time":"20181125214718","is_ascension_mode":false,"campfire_choices":[{"data":"Crippling Poison","floor":6,"key":"SMITH"},{"data":"Skewer","floor":8,"key":"SMITH"},{"floor":15,"key":"REST"},{"floor":23,"key":"REST"},{"floor":25,"key":"REST"},{"floor":30,"key":"REST"},{"data":"Noxious Fumes","floor":32,"key":"SMITH"}],"neow_cost":"NONE","seed_source_timestamp":809361016474115,"circlet_count":0,"master_deck":["Defend_G","Defend_G","Defend_G","Defend_G","Strike_G","Strike_G","Strike_G","Strike_G","Survivor","Neutralize","Bouncing Flask","Slice","Skewer+1","Backflip","Crippling Poison+1","Bane","Crippling Poison","Crippling Poison","Parasite","Corpse Explosion","Noxious Fumes+1","Deflect+1","Bane","Bane","Deflect","Bullet Time","Deadly Poison","Leg Sweep"],"relics":["Ring of the Snake","PreservedInsect","Oddly Smooth Stone","Velvet Choker","Matryoshka"],"potions_floor_usage":[33,33,33],"damage_taken":[{"damage":7,"enemies":"Jaw Worm","floor":1,"turns":4},{"damage":5,"enemies":"2 Louse","floor":2,"turns":2},{"damage":0,"enemies":"Cultist","floor":3,"turns":3},{"damage":15,"enemies":"3 Sentries","floor":10,"turns":8},{"damage":8,"enemies":"Large Slime","floor":12,"turns":4},{"damage":8,"enemies":"Exordium Wildlife","floor":13,"turns":4},{"damage":52,"enemies":"Slime Boss","floor":16,"turns":11},{"damage":9,"enemies":"2 Thieves","floor":18,"turns":4},{"damage":15,"enemies":"Chosen","floor":19,"turns":5},{"damage":6,"enemies":"Sentry and Sphere","floor":22,"turns":4},{"damage":15,"enemies":"Snake Plant","floor":24,"turns":4},{"damage":0,"enemies":"3 Cultists","floor":27,"turns":2},{"damage":15,"enemies":"Centurion and Healer","floor":28,"turns":5},{"damage":16,"enemies":"Shelled Parasite and Fungi","floor":31,"turns":5},{"damage":62,"enemies":"Collector","floor":33,"turns":6}],"seed_played":"6069034796313068502","potions_obtained":[{"floor":10,"key":"LiquidBronze"},{"floor":12,"key":"GamblersBrew"},{"floor":13,"key":"SteroidPotion"},{"floor":19,"key":"SteroidPotion"},{"floor":24,"key":"Energy Potion"},{"floor":31,"key":"AttackPotion"}],"is_trial":false,"path_per_floor":["M","M","M","$","?","R","?","R","T","E","$","M","M","?","R","B",null,"M","M","?","$","M","R","M","R","T","M","M","$","R","M","R","B"],"character_chosen":"THE_SILENT","items_purchased":["Crippling Poison","Bane","Deadly Poison"],"campfire_rested":4,"item_purchase_floors":[4,21,29],"current_hp_per_floor":[63,58,58,58,70,70,70,70,70,55,55,47,39,56,70,18,70,61,46,46,46,40,61,46,67,67,67,52,52,70,54,54,0],"gold":123,"neow_bonus":"THREE_CARDS","is_prod":false,"is_daily":false,"chose_seed":false,"campfire_upgraded":3,"win_rate":0,"timestamp":1543196838,"path_taken":["M","M","M","$","?","R","?","R","T","E","$","M","M","?","R","BOSS","M","M","?","$","?","R","M","R","T","M","M","$","R","M","R","BOSS"],"build_version":"2018-11-15","purchased_purges":2,"victory":false,"max_hp_per_floor":[70,70,70,70,70,70,70,70,70,70,70,70,70,70,70,70,70,70,70,70,70,70,70,70,70,70,70,70,70,70,70,70,70],"card_choices":[{"not_picked":["Dagger Throw","All Out Attack"],"picked":"Bouncing Flask","floor":0},{"not_picked":["Acrobatics","Reflex"],"picked":"Slice","floor":1},{"not_picked":["All Out Attack","Heel Hook"],"picked":"Skewer","floor":2},{"not_picked":["Finisher","Dagger Spray"],"picked":"Backflip","floor":3},{"not_picked":["Deflect","Outmaneuver"],"picked":"Bane","floor":10},{"not_picked":["Dagger Spray","Quick Slash"],"picked":"Crippling Poison","floor":12},{"not_picked":["Slice","Underhanded Strike"],"picked":"Crippling Poison","floor":13},{"not_picked":["Venomology","Adrenaline"],"picked":"Corpse Explosion","floor":16},{"not_picked":["Poisoned Stab","Choke+1"],"picked":"Noxious Fumes","floor":18},{"not_picked":["Escape Plan","Reflex"],"picked":"Deflect+1","floor":19},{"not_picked":["Prepared","Sucker Punch","Flechettes"],"picked":"SKIP","floor":22},{"not_picked":["Quick Slash","Flechettes"],"picked":"Bane","floor":24},{"not_picked":["Dagger Throw","Blade Dance"],"picked":"Deflect","floor":27},{"not_picked":["Dodge and Roll","Predator+1"],"picked":"Bullet Time","floor":28},{"not_picked":["Prepared+1","Escape Plan"],"picked":"Leg Sweep","floor":31}],"player_experience":49612,"relics_obtained":[{"floor":9,"key":"PreservedInsect"},{"floor":10,"key":"Oddly Smooth Stone"},{"floor":26,"key":"Matryoshka"}],"event_choices":[{"damage_healed":23,"gold_gain":0,"player_choice":"Banana","damage_taken":0,"max_hp_gain":0,"max_hp_loss":0,"event_name":"Big Fish","floor":5,"gold_loss":0},{"damage_healed":0,"gold_gain":0,"player_choice":"Leave","damage_taken":0,"max_hp_gain":0,"max_hp_loss":0,"event_name":"The Cleric","floor":7,"gold_loss":0},{"damage_healed":17,"gold_gain":0,"player_choice":"Healed and dodged fight","damage_taken":0,"max_hp_gain":0,"max_hp_loss":0,"event_name":"Mushrooms","floor":14,"gold_loss":0,"cards_obtained":["Parasite"]},{"damage_healed":0,"gold_gain":0,"player_choice":"Ignored","damage_taken":0,"max_hp_gain":0,"max_hp_loss":0,"event_name":"N\u0027loth","floor":20,"gold_loss":0}],"is_beta":false,"boss_relics":[{"not_picked":["Ring of the Serpent","Busted Crown"],"picked":"Velvet Choker"}],"items_purged_floors":[4,21],"is_endless":false,"potions_floor_spawned":[10,12,13,18,19,24,31],"killed_by":"Collector","ascension_level":0}