{"gold_per_floor":[111,129,57,57,74,109,120,120,120,120,135,135,169,181,181,252,252,263,275,190,208,226,226,244,256,256,256,256,273,286,301,301,301],"floor_reached":33,"playtime":2054,"items_purged":[],"score":555,"play_id":"9cb1556c-6a89-478b-882e-2944f807f63c","local_time":"20180923013132","is_ascension_mode":true,"campfire_choices":[{"data":"Neutralize","floor":8,"key":"SMITH"},{"floor":12,"key":"REST"},{"data":"Footwork","floor":15,"key":"SMITH"},{"data":"Noxious Fumes","floor":23,"key":"SMITH"},{"floor":27,"key":"REST"},{"data":"Well Laid Plans","floor":32,"key":"SMITH"}],"neow_cost":"PERCENT_DAMAGE","seed_source_timestamp":453892592805826,"circlet_count":0,"master_deck":["Defend_G","Defend_G","Defend_G","Defend_G","Defend_G","Survivor","Neutralize+1","AscendersBane","Die Die Die","Infinite Blades","Dagger Throw","Well Laid Plans+1","Cloak And Dagger","Cloak And Dagger","Footwork+1","Noxious Fumes+1","Leg Sweep","Bite","Bite","Bite","Bite","Bite","Glass Knife"],"special_seed":0,"relics":["Ring of the Snake","Peace Pipe","Mummified Hand","Singing Bowl","Bottled Flame","Cursed Key","Bag of Preparation"],"potions_floor_usage":[6,13,16,16,21,21,30],"damage_taken":[{"damage":0,"enemies":"2 Louse","floor":1,"turns":1},{"damage":1,"enemies":"Small Slimes","floor":2,"turns":5},{"damage":6,"enemies":"Jaw Worm","floor":5,"turns":7},{"damage":9,"enemies":"3 Sentries","floor":6,"turns":9},{"damage":1,"enemies":"2 Fungi Beasts","floor":7,"turns":3},{"damage":5,"enemies":"Gremlin Gang","floor":11,"turns":4},{"damage":35,"enemies":"Gremlin Nob","floor":13,"turns":5},{"damage":0,"enemies":"Lots of Slimes","floor":14,"turns":1},{"damage":14,"enemies":"The Guardian","floor":16,"turns":15},{"damage":11,"enemies":"2 Thieves","floor":18,"turns":5},{"damage":9,"enemies":"Shell Parasite","floor":19,"turns":8},{"damage":0,"enemies":"Centurion and Healer","floor":21,"turns":10},{"damage":8,"enemies":"Snake Plant","floor":22,"turns":8},{"damage":16,"enemies":"Sentry and Sphere","floor":24,"turns":7},{"damage":2,"enemies":"Snecko","floor":25,"turns":7},{"damage":19,"enemies":"Cultist and Chosen","floor":29,"turns":6},{"damage":26,"enemies":"3 Cultists","floor":30,"turns":6},{"damage":3,"enemies":"Snake Plant","floor":31,"turns":6},{"damage":90,"enemies":"Champ","floor":33,"turns":19}],"seed_played":"4313448033644403137","potions_obtained":[{"floor":1,"key":"Swift Potion"},{"floor":2,"key":"SteroidPotion"},{"floor":11,"key":"Poison Potion"},{"floor":13,"key":"PowerPotion"},{"floor":16,"key":"AttackPotion"},{"floor":18,"key":"Fire Potion"},{"floor":29,"key":"AttackPotion"}],"is_trial":false,"path_per_floor":["M","M","?","?","M","E","M","R","T","T","M","R","E","M","R","B",null,"M","M","?","M","M","R","M","M","T","R","?","M","M","M","R"],"character_chosen":"THE_SILENT","items_purchased":[],"campfire_rested":2,"item_purchase_floors":[],"current_hp_per_floor":[44,43,43,48,42,33,32,32,32,32,27,48,15,15,15,3,57,46,39,39,41,35,35,21,21,21,46,46,41,33,44,44,0],"gold":301,"neow_bonus":"THREE_RARE_CARDS","is_prod":false,"is_daily":false,"chose_seed":false,"campfire_upgraded":4,"win_rate":0,"timestamp":1537680692,"path_taken":["M","M","?","?","M","E","?","R","T","?","M","R","E","M","R","BOSS","M","M","?","M","M","R","M","?","T","R","?","?","?","M","R","BOSS"],"build_version":"2018-09-20","purchased_purges":0,"victory":false,"max_hp_per_floor":[66,66,66,71,71,71,71,71,71,71,71,71,73,73,73,75,75,75,77,77,79,81,81,83,85,85,85,59,61,61,63,63,63],"card_choices":[{"not_picked":["Grand Finale","Night Terror"],"picked":"Die Die Die","floor":0},{"not_picked":["Backflip","Escape Plan"],"picked":"Infinite Blades","floor":1},{"not_picked":["Calculated Gamble","Setup"],"picked":"Dagger Throw","floor":2},{"not_picked":["Slice","Reflex"],"picked":"Well Laid Plans","floor":5},{"not_picked":["Riddle With Holes","Expertise"],"picked":"Cloak And Dagger","floor":6},{"not_picked":["Dagger Throw","Caltrops"],"picked":"Cloak And Dagger","floor":7},{"not_picked":["PiercingWail","Poisoned Stab"],"picked":"Footwork","floor":11},{"not_picked":["Dagger Spray","Backflip","Escape Plan"],"picked":"Singing Bowl","floor":13},{"not_picked":["Flying Knee","Endless Agony"],"picked":"Noxious Fumes","floor":14},{"not_picked":["Bullet Time","Storm of Steel","Doppelganger"],"picked":"Singing Bowl","floor":16},{"not_picked":["Cloak And Dagger","PiercingWail"],"picked":"Leg Sweep","floor":18},{"not_picked":["Dagger Throw","Poisoned Stab","Finisher"],"picked":"Singing Bowl","floor":19},{"not_picked":["PiercingWail","Concentrate","Endless Agony"],"picked":"Singing Bowl","floor":21},{"not_picked":["Leg Sweep","Predator","Deflect"],"picked":"Singing Bowl","floor":22},{"not_picked":["Outmaneuver+1","Acrobatics+1","PiercingWail"],"picked":"Singing Bowl","floor":24},{"not_picked":["Deflect","Outmaneuver","Venomology"],"picked":"Singing Bowl","floor":25},{"not_picked":["Deadly Poison+1","Slice","Blade Dance+1"],"picked":"Singing Bowl","floor":29},{"not_picked":["Dagger Throw+1","Eviscerate"],"picked":"Glass Knife","floor":30},{"not_picked":["Leg Sweep","Sucker Punch","Tactician"],"picked":"Singing Bowl","floor":31}],"player_experience":615059,"relics_obtained":[{"floor":6,"key":"Peace Pipe"},{"floor":9,"key":"Mummified Hand"},{"floor":10,"key":"Singing Bowl"},{"floor":13,"key":"Bottled Flame"}],"event_choices":[{"event_name":"World of Goop","player_choice":"Left","floor":3,"damage_taken":0},{"event_name":"Big Fish","player_choice":"Donut","floor":4,"damage_taken":0},{"event_name":"Addict","player_choice":"Obtained Relic","floor":20,"damage_taken":0},{"event_name":"Vampires","player_choice":"Became a vampire","floor":28,"damage_taken":0}],"is_beta":true,"boss_relics":[{"not_picked":["Black Star","Eternal Feather"],"picked":"Cursed Key"}],"items_purged_floors":[],"is_endless":false,"potions_floor_spawned":[1,2,11,13,14,16,18,19,29],"killed_by":"Champ","ascension_level":20}