{"gold_per_floor":[214,214,214,43,57,91,103,130,212,224,254,291,303,331,343,445,457,490,552,587,18,42,42,83,83,83,83,124,124,142,5,5,99,99,123,173,1172,1172,1172,1172,1188,1188,1188,5,21,35,51,51,51,51],"floor_reached":50,"playtime":2249,"items_purged":["Normality"],"score":1110,"play_id":"9e7bc5fe-f574-44af-9252-a79b278621a4","local_time":"20181026035726","is_ascension_mode":true,"campfire_choices":[{"floor":7.0,"key":"REST"},{"data":"Bouncing Flask","floor":10.0,"key":"SMITH"},{"floor":15.0,"key":"REST"},{"floor":23.0,"key":"REST"},{"floor":27.0,"key":"REST"},{"floor":29.0,"key":"REST"},{"data":"Catalyst","floor":32.0,"key":"SMITH"},{"floor":40.0,"key":"REST"},{"data":"Malaise","floor":42.0,"key":"SMITH"},{"data":"Well Laid Plans","floor":49.0,"key":"SMITH"}],"neow_cost":"NONE","seed_source_timestamp":91917032204575,"circlet_count":0,"master_deck":["Defend_G","Defend_G","Defend_G","Defend_G","Defend_G","Strike_G","Strike_G","Strike_G","Strike_G","Survivor","Neutralize","AscendersBane","Backstab+1","Riddle With Holes","Dagger Spray+1","Dodge and Roll","Bouncing Flask+1","Catalyst+1","Caltrops","Malaise+1","Backstab","Noxious Fumes","Dash","Dodge and Roll","Backflip","Backflip","Deadly Poison","Night Terror","Deflect+1","Normality","Blind","Master of Strategy","Well Laid Plans+1","Madness","Night Terror"],"special_seed":0,"relics":["Ring of the Snake","Golden Idol","Oddly Smooth Stone","MawBank","Pear","Cursed Key","Singing Bowl","Anchor","Whetstone","Enchiridion","Bird Faced Urn","Eternal Feather","Dead Branch","Bag of Marbles","TheAbacus"],"potions_floor_usage":[50,50],"damage_taken":[{"damage":4.0,"enemies":"Small Slimes","floor":1.0,"turns":5.0},{"damage":0.0,"enemies":"Jaw Worm","floor":5.0,"turns":2.0},{"damage":54.0,"enemies":"Lagavulin","floor":6.0,"turns":9.0},{"damage":0.0,"enemies":"Cultist","floor":8.0,"turns":3.0},{"damage":0.0,"enemies":"Blue Slaver","floor":11.0,"turns":4.0},{"damage":9.0,"enemies":"Gremlin Gang","floor":12.0,"turns":4.0},{"damage":13.0,"enemies":"Exordium Wildlife","floor":14.0,"turns":4.0},{"damage":20.0,"enemies":"Hexaghost","floor":16.0,"turns":8.0},{"damage":8.0,"enemies":"Spheric Guardian","floor":18.0,"turns":5.0},{"damage":1.0,"enemies":"Chosen","floor":20.0,"turns":4.0},{"damage":11.0,"enemies":"Centurion and Healer","floor":22.0,"turns":9.0},{"damage":18.0,"enemies":"Book of Stabbing","floor":24.0,"turns":7.0},{"damage":20.0,"enemies":"Slavers","floor":28.0,"turns":6.0},{"damage":12.0,"enemies":"Chosen and Byrds","floor":30.0,"turns":6.0},{"damage":23.0,"enemies":"Automaton","floor":33.0,"turns":11.0},{"damage":33.0,"enemies":"3 Darklings","floor":35.0,"turns":8.0},{"damage":0.0,"enemies":"3 Shapes","floor":41.0,"turns":8.0},{"damage":13.0,"enemies":"Maw","floor":45.0,"turns":7.0},{"damage":19.0,"enemies":"Transient","floor":46.0,"turns":6.0},{"damage":0.0,"enemies":"Spire Growth","floor":47.0,"turns":2.0},{"damage":92,"enemies":"Awakened One","floor":50,"turns":8}],"seed_played":"6581421895648819497","potions_obtained":[{"floor":1.0,"key":"FearPotion"},{"floor":6.0,"key":"LiquidBronze"},{"floor":11.0,"key":"Ancient Potion"},{"floor":18.0,"key":"AttackPotion"},{"floor":22.0,"key":"Ancient Potion"},{"floor":24.0,"key":"AttackPotion"},{"floor":35.0,"key":"Swift Potion"},{"floor":46.0,"key":"Dexterity Potion"}],"is_trial":false,"path_per_floor":["M","?","?","$","M","E","R","M","T","R","M","M","?","M","R","B",null,"M","?","M","$","M","R","E","?","T","R","E","R","M","$","R","B",null,"M","?","?","?","?","R","M","R","T","$","M","M","M","T","R"],"character_chosen":"THE_SILENT","items_purchased":["Oddly Smooth Stone","Singing Bowl","Anchor","Dash","PowerPotion","Backflip","Deadly Poison","SpeedPotion","Dead Branch","Bag of Marbles","TheAbacus","Well Laid Plans","Fruit Juice","Madness","LiquidBronze"],"campfire_rested":6,"item_purchase_floors":[4,21,21,21,21,31,31,31,44,44,44,44,44,44,44],"current_hp_per_floor":[55,55,55,55,55,1,19,19,29,29,29,20,20,7,28,8,55,47,47,46,46,37,58,42,21,21,43,23,45,39,39,39,22,61,34,34,34,26,26,66,74,78,78,83,72,63,65,65,86,0],"gold":51,"neow_bonus":"HUNDRED_GOLD","is_prod":false,"is_daily":false,"chose_seed":false,"campfire_upgraded":4,"win_rate":0,"timestamp":1540540646,"path_taken":["M","?","?","$","M","E","R","M","T","R","?","?","?","M","R","BOSS","M","?","M","$","M","R","E","?","T","R","E","R","M","$","R","BOSS","M","?","?","?","?","R","M","R","T","$","M","M","?","?","R","BOSS"],"build_version":"2018-10-25v2","purchased_purges":1,"victory":false,"max_hp_per_floor":[66,60,60,60,60,60,60,60,70,70,70,70,70,70,70,70,70,70,70,70,70,72,72,74,74,74,74,74,74,74,74,74,74,74,74,74,74,76,76,76,78,78,78,83,85,85,87,87,87,87],"card_choices":[{"not_picked":["Escape Plan","Dagger Throw"],"picked":"Backstab","floor":1.0},{"not_picked":["Finisher","Tactician"],"picked":"Dagger Spray","floor":5.0},{"not_picked":["Deadly Poison","Reflex"],"picked":"Dodge and Roll","floor":6.0},{"not_picked":["Backflip","Poisoned Stab"],"picked":"Bouncing Flask","floor":8.0},{"not_picked":["Outmaneuver","Bane"],"picked":"Catalyst","floor":11.0},{"not_picked":["Dagger Spray","Prepared"],"picked":"Caltrops","floor":12.0},{"not_picked":["Sucker Punch","Infinite Blades","Slice"],"picked":"SKIP","floor":14.0},{"not_picked":["Venomology","Night Terror"],"picked":"Malaise","floor":16.0},{"not_picked":["Flying Knee","Quick Slash"],"picked":"Backstab","floor":18.0},{"not_picked":["Masterful Stab+1","Outmaneuver"],"picked":"Noxious Fumes","floor":20.0},{"not_picked":["Flying Knee","Bane","Acrobatics"],"picked":"Singing Bowl","floor":22.0},{"not_picked":["Tactician","Sucker Punch","Bane"],"picked":"Singing Bowl","floor":24.0},{"not_picked":["Backstab","Prepared"],"picked":"Dodge and Roll","floor":28.0},{"not_picked":["All Out Attack","Blade Dance"],"picked":"Backflip","floor":30.0},{"not_picked":["Phantasmal Killer","A Thousand Cuts"],"picked":"Night Terror","floor":33.0},{"not_picked":["Prepared","Masterful Stab"],"picked":"Deflect+1","floor":35.0},{"not_picked":["Secret Technique","Panache"],"picked":"Blind","floor":38.0},{"not_picked":["Finesse","Dramatic Entrance"],"picked":"Master of Strategy","floor":38.0},{"not_picked":["PanicButton","Good Instincts","Panache"],"picked":"Singing Bowl","floor":38.0},{"not_picked":["Accuracy","Dagger Spray","Dagger Throw"],"picked":"Singing Bowl","floor":41.0},{"not_picked":["Quick Slash+1","Prepared","Bane"],"picked":"Singing Bowl","floor":45.0},{"not_picked":["Dagger Spray","Riddle With Holes+1"],"picked":"Night Terror","floor":46.0},{"not_picked":["Acrobatics+1","Bane+1","Predator"],"picked":"Singing Bowl","floor":47.0}],"player_experience":726492,"relics_obtained":[{"floor":6.0,"key":"MawBank"},{"floor":9.0,"key":"Pear"},{"floor":24.0,"key":"Whetstone"},{"floor":25.0,"key":"Enchiridion"},{"floor":28.0,"key":"Bird Faced Urn"}],"event_choices":[{"damage_healed":0.0,"max_hp_gain":0.0,"max_hp_loss":6.0,"gold_gain":0.0,"event_name":"Golden Idol","player_choice":"Lose Max HP","floor":2.0,"gold_loss":0.0,"damage_taken":0.0,"relics_obtained":["Golden Idol"]},{"damage_healed":0.0,"max_hp_gain":0.0,"max_hp_loss":0.0,"gold_gain":0.0,"cards_transformed":["Strike_G"],"event_name":"Transmorgrifier","player_choice":"Transformed","floor":3.0,"gold_loss":0.0,"damage_taken":0.0,"cards_obtained":["Riddle With Holes"]},{"damage_healed":0.0,"max_hp_gain":0.0,"max_hp_loss":0.0,"gold_gain":0.0,"event_name":"Dead Adventurer","player_choice":"Searched \u00270\u0027 times","floor":13.0,"gold_loss":0.0,"damage_taken":0.0},{"damage_healed":0.0,"max_hp_gain":0.0,"max_hp_loss":0.0,"gold_gain":100.0,"event_name":"The Joust","player_choice":"Bet on Murderer","floor":19.0,"gold_loss":50.0,"damage_taken":0.0},{"damage_healed":0.0,"max_hp_gain":0.0,"max_hp_loss":0.0,"gold_gain":0.0,"event_name":"Cursed Tome","player_choice":"Obtained Book","floor":25.0,"gold_loss":0.0,"damage_taken":21.0},{"damage_healed":0.0,"max_hp_gain":0.0,"max_hp_loss":0.0,"gold_gain":100.0,"event_name":"Golden Shrine","player_choice":"Pray","floor":36.0,"gold_loss":0.0,"damage_taken":0.0},{"damage_healed":0.0,"max_hp_gain":0.0,"max_hp_loss":0.0,"gold_gain":999.0,"event_name":"MindBloom","player_choice":"Gold","floor":37.0,"gold_loss":0.0,"damage_taken":0.0,"cards_obtained":["Normality","Normality"]},{"damage_healed":0.0,"max_hp_gain":0.0,"max_hp_loss":0.0,"gold_gain":0.0,"event_name":"SensoryStone","player_choice":"Memory 3","floor":38.0,"gold_loss":0.0,"damage_taken":10.0},{"damage_healed":0.0,"max_hp_gain":0.0,"max_hp_loss":0.0,"gold_gain":0.0,"event_name":"Tomb of Lord Red Mask","player_choice":"Ignored","floor":39.0,"gold_loss":0.0,"damage_taken":0.0}],"is_beta":true,"boss_relics":[{"not_picked":["Busted Crown","Sozu"],"picked":"Cursed Key"},{"not_picked":["Calling Bell","HoveringKite"],"picked":"Eternal Feather"}],"items_purged_floors":[44],"is_endless":false,"potions_floor_spawned":[1,6,11,14,18,22,24,35,46],"killed_by":"Awakened One","ascension_level":20}