{"gold_per_floor":[109,0,14,29,29,62,82,82,131,162,162,174,208,37,37,111,111,130,5,5,20,20,20,55,55,55,74,99,99,115,133,133,133],"floor_reached":33,"playtime":1651,"items_purged":["Strike_G","Strike_G","Strike_G"],"score":534,"play_id":"b3bb8757-c986-467c-b378-0a7649b34527","local_time":"20180809230743","is_ascension_mode":true,"campfire_choices":[{"data":"Neutralize","floor":8,"key":"SMITH"},{"floor":11,"key":"REST"},{"data":"Blade Dance","floor":15,"key":"SMITH"},{"floor":23,"key":"REST"},{"data":"Blade Dance","floor":29,"key":"SMITH"},{"floor":32,"key":"REST"}],"neow_cost":"NONE","seed_source_timestamp":9858213139654,"circlet_count":0,"master_deck":["Defend_G","Defend_G","Defend_G","Defend_G","Defend_G","Strike_G","Survivor","Neutralize+1","AscendersBane","PiercingWail","Backstab","Backstab","Sucker Punch","Burst","Deflect","Skewer","Storm of Steel","Blade Dance+1","Blade Dance+1","Caltrops","Backstab","Blur+1","PiercingWail","Deflect","Infinite Blades","Backflip"],"relics":["Ring of the Snake","Shuriken","Snake Skull","Omamori","Bag of Preparation","Runic Dome","Bag of Marbles","Singing Bowl","Bronze Scales"],"potions_floor_usage":[6,6,12,24,28,33,33,33,33],"damage_taken":[{"damage":10,"enemies":"Cultist","floor":1,"turns":6},{"damage":0,"enemies":"Jaw Worm","floor":3,"turns":4},{"damage":0,"enemies":"2 Louse","floor":4,"turns":1},{"damage":3,"enemies":"Gremlin Nob","floor":6,"turns":4},{"damage":2,"enemies":"Exordium Thugs","floor":7,"turns":5},{"damage":26,"enemies":"Lagavulin","floor":10,"turns":10},{"damage":8,"enemies":"Blue Slaver","floor":12,"turns":3},{"damage":8,"enemies":"Gremlin Nob","floor":13,"turns":3},{"damage":17,"enemies":"Hexaghost","floor":16,"turns":9},{"damage":8,"enemies":"Shell Parasite","floor":18,"turns":4},{"damage":0,"enemies":"2 Thieves","floor":21,"turns":4},{"damage":2,"enemies":"Slavers","floor":24,"turns":5},{"damage":0,"enemies":"Snecko","floor":27,"turns":2},{"damage":3,"enemies":"Gremlin Leader","floor":28,"turns":7},{"damage":0,"enemies":"Centurion and Healer","floor":30,"turns":3},{"damage":10,"enemies":"Sentry and Sphere","floor":31,"turns":4},{"damage":73,"enemies":"Collector","floor":33,"turns":10}],"seed_played":"416667984868658079","potions_obtained":[{"floor":0,"key":"Fire Potion"},{"floor":0,"key":"SteroidPotion"},{"floor":10,"key":"Fruit Juice"},{"floor":13,"key":"Strength Potion"},{"floor":21,"key":"EntropicBrew"},{"floor":27,"key":"SkillPotion"},{"floor":30,"key":"FearPotion"},{"floor":31,"key":"Weak Potion"}],"is_trial":false,"path_per_floor":["M","$","M","M","?","E","M","R","T","E","R","M","E","$","R","B",null,"M","$","?","M","?","R","E","?","T","M","E","R","M","M","R"],"character_chosen":"THE_SILENT","items_purchased":["Backstab","Caltrops"],"campfire_rested":3,"item_purchase_floors":[2,14],"current_hp_per_floor":[49,49,49,49,49,46,44,44,44,18,37,34,26,26,26,9,56,48,48,48,48,48,69,67,67,67,67,64,64,66,56,73,0],"gold":133,"neow_bonus":"THREE_SMALL_POTIONS","is_prod":false,"is_daily":false,"chose_seed":false,"campfire_upgraded":3,"win_rate":0,"timestamp":1533870463,"path_taken":["M","?","?","M","?","E","M","R","T","E","R","M","E","$","R","BOSS","M","$","?","M","?","R","E","?","T","M","E","R","M","M","R","BOSS"],"build_version":"2018-08-09","purchased_purges":3,"victory":false,"max_hp_per_floor":[66,66,66,66,66,66,66,66,66,66,66,71,71,71,71,71,71,71,71,71,71,71,71,71,71,71,71,71,71,73,73,73,73],"card_choices":[{"not_picked":["Cloak And Dagger","Outmaneuver"],"picked":"PiercingWail","floor":1},{"not_picked":["Poisoned Stab","Quick Slash"],"picked":"Backstab","floor":3},{"not_picked":["Finisher","Poisoned Stab"],"picked":"Sucker Punch","floor":4},{"not_picked":["Corpse Explosion","Quick Slash"],"picked":"Deflect","floor":6},{"not_picked":["Underhanded Strike","Accuracy"],"picked":"Skewer","floor":7},{"not_picked":["Blur","Choke"],"picked":"Storm of Steel","floor":10},{"not_picked":["Catalyst","Prepared"],"picked":"Blade Dance","floor":12},{"not_picked":["Distraction","Catalyst"],"picked":"Blade Dance","floor":13},{"not_picked":["Dagger Throw","Leg Sweep"],"picked":"Backstab","floor":18},{"not_picked":["Outmaneuver","Slice"],"picked":"Blur+1","floor":21},{"not_picked":["Expertise","Tactician","Concentrate"],"picked":"SKIP","floor":24},{"not_picked":["Slice+1","Choke"],"picked":"Deflect","floor":27},{"not_picked":["Dagger Spray","Tactician"],"picked":"Infinite Blades","floor":28},{"not_picked":["Heel Hook","Bane+1","Blade Dance"],"picked":"Singing Bowl","floor":30},{"not_picked":["Venomology","Blade Dance"],"picked":"Backflip","floor":31}],"player_experience":483639,"relics_obtained":[{"floor":6,"key":"Shuriken"},{"floor":9,"key":"Snake Skull"},{"floor":10,"key":"Omamori"},{"floor":13,"key":"Bag of Preparation"},{"floor":24,"key":"Bag of Marbles"},{"floor":26,"key":"Singing Bowl"},{"floor":28,"key":"Bronze Scales"}],"event_choices":[{"event_name":"Living Wall","player_choice":"Change","floor":5,"damage_taken":0},{"event_name":"Vampires","player_choice":"Ignored","floor":20,"damage_taken":0},{"event_name":"The Library","player_choice":"Read","floor":22,"damage_taken":0},{"event_name":"Beggar","player_choice":"Ignored","floor":25,"damage_taken":0}],"is_beta":false,"boss_relics":[{"not_picked":["Busted Crown","Pandora\u0027s Box"],"picked":"Runic Dome"}],"items_purged_floors":[2,14,19],"is_endless":false,"potions_floor_spawned":[4,10,13,21,27,30,31],"killed_by":"Collector","ascension_level":15}