{"gold_per_floor":[14,14,30,30,48,73,33,48,48,74,89,89,119,194,194,291,291,311,311,322,62,77,110,130,130,157,157,172,184,211,230,230,331,331,351,451,120,120,120,120,137,151,151,151,151,171,188,20,20,20],"floor_reached":50,"playtime":3238,"items_purged":["Writhe","Parasite"],"score":596,"play_id":"52164789-5c59-403f-8599-1023ce50b463","local_time":"20181222174307","is_ascension_mode":true,"campfire_choices":[{"data":"Buffer","floor":12.0,"key":"SMITH"},{"floor":15.0,"key":"REST"},{"data":"Thunder Strike","floor":25,"key":"SMITH"},{"data":"Fusion","floor":27,"key":"SMITH"},{"floor":32,"key":"REST"},{"floor":40,"key":"RECALL"},{"floor":44,"key":"REST"},{"floor":49,"key":"REST"}],"neow_cost":"NO_GOLD","seed_source_timestamp":0,"circlet_count":0,"master_deck":["Zap","Dualcast","Barrage+1","Coolheaded","Lockon","Electrodynamics","Buffer+1","Self Repair","Ball Lightning+1","Defragment","Glacier","Capacitor","Biased Cognition","Glacier+1","Thunder Strike+1","Conserve Battery","Loop+1","Ball Lightning+1","Fusion+1","Ball Lightning","Cold Snap","Chaos","Hologram","Thunder Strike","Amplify","Biased Cognition","Lockon","Multi-Cast","Aggregate","Thunder Strike","Metamorphosis","Tempest+1","Multi-Cast","Hologram","Loop"],"special_seed":0,"relics":["Cracked Core","Thread and Needle","Du-Vu Doll","Bottled Flame","Odd Mushroom","Cursed Key","Whetstone","Dead Branch","Lantern","Pandora\u0027s Box","Peace Pipe"],"potions_floor_usage":[22,23,29,30,33,46,50],"damage_taken":[{"damage":0.0,"enemies":"2 Louse","floor":1.0,"turns":1.0},{"damage":0.0,"enemies":"Small Slimes","floor":3.0,"turns":2.0},{"damage":0.0,"enemies":"Cultist","floor":5.0,"turns":2.0},{"damage":12.0,"enemies":"Gremlin Nob","floor":6.0,"turns":4.0},{"damage":0.0,"enemies":"Large Slime","floor":8.0,"turns":4.0},{"damage":0.0,"enemies":"Lagavulin","floor":10.0,"turns":3.0},{"damage":6.0,"enemies":"3 Louse","floor":11.0,"turns":3.0},{"damage":26.0,"enemies":"The Mushroom Lair","floor":13.0,"turns":4.0},{"damage":16.0,"enemies":"The Guardian","floor":16.0,"turns":9.0},{"damage":16,"enemies":"3 Byrds","floor":18,"turns":4},{"damage":0,"enemies":"Spheric Guardian","floor":20,"turns":4},{"damage":0,"enemies":"Shelled Parasite and Fungi","floor":22,"turns":6},{"damage":18,"enemies":"Book of Stabbing","floor":23,"turns":5},{"damage":0,"enemies":"Centurion and Healer","floor":24,"turns":5},{"damage":0,"enemies":"Snake Plant","floor":28,"turns":5},{"damage":0,"enemies":"Snecko","floor":29,"turns":4},{"damage":30,"enemies":"Slavers","floor":30,"turns":3},{"damage":5,"enemies":"Cultist and Chosen","floor":31,"turns":5},{"damage":19,"enemies":"Automaton","floor":33,"turns":9},{"damage":6,"enemies":"3 Shapes","floor":35,"turns":3},{"damage":19,"enemies":"Mind Bloom Boss Battle","floor":36,"turns":6},{"damage":11,"enemies":"Orb Walker","floor":41,"turns":4},{"damage":2,"enemies":"Writhing Mass","floor":42,"turns":4},{"damage":33,"enemies":"Spire Growth","floor":46,"turns":4},{"damage":0,"enemies":"Transient","floor":47,"turns":5},{"damage":70,"enemies":"Awakened One","floor":50,"turns":6}],"seed_played":"2440059102150218293","potions_obtained":[{"floor":3.0,"key":"AttackPotion"},{"floor":8.0,"key":"Block Potion"},{"floor":10.0,"key":"Weak Potion"},{"floor":13.0,"key":"Fire Potion"},{"floor":16.0,"key":"EssenceOfSteel"},{"floor":22,"key":"FearPotion"},{"floor":24,"key":"AttackPotion"},{"floor":31,"key":"GamblersBrew"},{"floor":33,"key":"Energy Potion"},{"floor":35,"key":"Ancient Potion"},{"floor":46,"key":"GamblersBrew"}],"is_trial":false,"path_per_floor":["M","?","M","?","M","E","$","M","T","E","M","R","?","?","R","B",null,"M","?","M","$","M","E","M","R","T","R","M","M","E","M","R","B",null,"M","?","$","?","?","R","M","M","T","R","$","M","M","$","R","B"],"character_chosen":"DEFECT","items_purchased":["Self Repair","Thunder Strike","Whetstone","Conserve Battery","Thunder Strike","Metamorphosis","Loop"],"campfire_rested":4,"item_purchase_floors":[7,21,21,21,37,37,48],"current_hp_per_floor":[75,60,60,60,60,48,48,55,55,62,56,56,37,26,48,32,75,66,66,73,73,75,64,71,71,71,71,75,75,45,40,62,50,75,75,63,63,63,63,63,59,57,57,75,75,49,49,49,70,0],"gold":20,"neow_bonus":"REMOVE_TWO","is_prod":false,"is_daily":false,"chose_seed":false,"campfire_upgraded":3,"win_rate":0,"timestamp":1545514987,"path_taken":["M","?","M","?","?","E","$","M","T","E","M","R","?","?","R","BOSS","M","?","M","$","M","E","M","R","T","R","M","?","E","M","R","BOSS","M","?","$","?","?","R","?","M","T","R","?","M","M","$","R","BOSS"],"build_version":"2018-12-20","purchased_purges":2,"victory":false,"max_hp_per_floor":[75,75,75,75,75,75,75,75,75,75,75,75,75,75,75,75,75,75,75,75,75,75,75,75,75,75,75,75,75,75,75,75,75,75,75,75,75,75,75,75,75,75,75,75,75,75,75,72,72,72],"card_choices":[{"not_picked":["Recycle","Rip and Tear"],"picked":"Barrage","floor":1.0},{"not_picked":["Go for the Eyes","Leap"],"picked":"Coolheaded","floor":3.0},{"not_picked":["Rebound","Hologram"],"picked":"Electrodynamics","floor":5.0},{"not_picked":["Static Discharge","Sweeping Beam"],"picked":"Buffer","floor":6.0},{"not_picked":["Blizzard","Coolheaded"],"picked":"Ball Lightning","floor":8.0},{"not_picked":["Sweeping Beam","Blizzard"],"picked":"Defragment","floor":10.0},{"not_picked":["Self Repair","Rebound"],"picked":"Glacier","floor":11.0},{"not_picked":["Barrage","Turbo"],"picked":"Capacitor","floor":13.0},{"not_picked":["Amplify","Creative AI"],"picked":"Biased Cognition","floor":16.0},{"not_picked":["Capacitor","White Noise"],"picked":"Glacier+1","floor":18},{"not_picked":["Hello World","Streamline","Barrage"],"picked":"SKIP","floor":20},{"not_picked":["Reprogram","Go for the Eyes"],"picked":"Loop+1","floor":22},{"not_picked":["Cold Snap","Hyperbeam"],"picked":"Ball Lightning+1","floor":23},{"not_picked":["Force Field+1","Coolheaded+1"],"picked":"Fusion","floor":24},{"not_picked":["Streamline","Cold Snap"],"picked":"Ball Lightning","floor":28},{"not_picked":["Turbo+1","Sweeping Beam"],"picked":"Cold Snap","floor":29},{"not_picked":["Scrape","Beam Cell"],"picked":"Chaos","floor":30},{"not_picked":["Stack","Steam+1"],"picked":"Hologram","floor":31},{"not_picked":["Multi-Cast","Biased Cognition"],"picked":"Thunder Strike","floor":33},{"not_picked":["Glacier","Gash+1"],"picked":"Ball Lightning","floor":35},{"not_picked":["Conserve Battery","Scrape+1"],"picked":"Tempest+1","floor":41},{"not_picked":["Sweeping Beam+1","Barrage","Steam"],"picked":"SKIP","floor":42},{"not_picked":["Steam","Barrage+1"],"picked":"Multi-Cast","floor":46},{"not_picked":["FTL","Rebound"],"picked":"Hologram","floor":47}],"player_experience":141883,"relics_obtained":[{"floor":6.0,"key":"Thread and Needle"},{"floor":9.0,"key":"Du-Vu Doll"},{"floor":10.0,"key":"Bottled Flame"},{"floor":13.0,"key":"Odd Mushroom"},{"floor":23,"key":"Dead Branch"},{"floor":30,"key":"Lantern"},{"floor":36,"key":"Peace Pipe"}],"event_choices":[{"damage_healed":0.0,"max_hp_gain":0.0,"max_hp_loss":0.0,"gold_gain":0.0,"event_name":"Shining Light","player_choice":"Entered Light","floor":2.0,"gold_loss":0.0,"damage_taken":15.0,"cards_upgraded":["Defend_B","Strike_B"]},{"damage_healed":0.0,"max_hp_gain":0.0,"max_hp_loss":0.0,"gold_gain":0.0,"event_name":"Match and Keep!","player_choice":"1 cards matched","floor":4.0,"gold_loss":0.0,"damage_taken":0.0,"cards_obtained":["Lockon"]},{"damage_healed":0.0,"max_hp_gain":0.0,"max_hp_loss":0.0,"gold_gain":0.0,"event_name":"Mushrooms","player_choice":"Fought Mushrooms","floor":13.0,"gold_loss":0.0,"damage_taken":0.0},{"damage_healed":0.0,"max_hp_gain":0.0,"max_hp_loss":0.0,"gold_gain":75.0,"event_name":"World of Goop","player_choice":"Gather Gold","floor":14.0,"gold_loss":0.0,"damage_taken":11.0},{"cards_removed":["Strike_B"],"damage_healed":0,"gold_gain":0,"player_choice":"Offered Basic","damage_taken":0,"max_hp_gain":0,"max_hp_loss":0,"event_name":"Bonfire Elementals","floor":19,"gold_loss":0},{"damage_healed":0,"gold_gain":0,"player_choice":"Fight","damage_taken":0,"max_hp_gain":0,"max_hp_loss":0,"event_name":"MindBloom","floor":36,"gold_loss":0},{"cards_removed":["Ball Lightning"],"damage_healed":0,"gold_gain":0,"player_choice":"Removed Attack","damage_taken":0,"max_hp_gain":0,"max_hp_loss":0,"event_name":"Falling","floor":38,"gold_loss":0},{"damage_healed":0,"gold_gain":0,"player_choice":"Bought 0 Potions","damage_taken":0,"max_hp_gain":0,"max_hp_loss":0,"event_name":"The Woman in Blue","floor":39,"gold_loss":0}],"is_beta":false,"boss_relics":[{"not_picked":["Coffee Dripper","Astrolabe"],"picked":"Cursed Key"},{"not_picked":["FrozenCore","Busted Crown"],"picked":"Pandora\u0027s Box"}],"items_purged_floors":[37,48],"is_endless":false,"potions_floor_spawned":[3,8,10,13,16,18,20,22,24,31,33,35,36,41,46],"killed_by":"Awakened One","ascension_level":2}