{"gold_per_floor":[113,38,49,49,61,61,88,103,103,123,150,225,244,3,3,108,108,94,43,43,53,64,64,96,96,96,12,12,24,34,7,7,7],"floor_reached":33,"playtime":2487,"items_purged":["Strike_B"],"score":332,"play_id":"df934479-4931-42cf-8baa-b6daf476156e","local_time":"20190413155143","is_ascension_mode":true,"campfire_choices":[{"data":"Darkness","floor":6,"key":"SMITH"},{"floor":15,"key":"REST"},{"floor":23,"key":"REST"},{"floor":25,"key":"REST"},{"data":"Thunder Strike","floor":28,"key":"SMITH"},{"floor":32,"key":"REST"}],"neow_cost":"NONE","seed_source_timestamp":250027259247014,"circlet_count":0,"master_deck":["Strike_B","Strike_B","Defend_B+1","Defend_B","Defend_B","Defend_B","Zap","Dualcast","Genetic Algorithm","Darkness+1","Cold Snap","Reinforced Body","Conserve Battery+1","Capacitor","Ball Lightning","Ball Lightning","Leap","Rebound","Thunder Strike+1","Conserve Battery","Conserve Battery","Loop+1","Loop","Leap","Cold Snap","Capacitor","Ball Lightning","Rebound"],"relics":["Cracked Core","NeowsBlessing","Bottled Lightning","Mercury Hourglass","Singing Bowl","War Paint","Velvet Choker","Mummified Hand","Matryoshka"],"potions_floor_usage":[7,11,13,16,30,33,33],"damage_taken":[{"damage":0,"enemies":"2 Louse","floor":1,"turns":1},{"damage":0,"enemies":"Cultist","floor":3,"turns":1},{"damage":0,"enemies":"Small Slimes","floor":5,"turns":1},{"damage":29,"enemies":"Lagavulin","floor":7,"turns":8},{"damage":6,"enemies":"Looter","floor":8,"turns":3},{"damage":24,"enemies":"Exordium Thugs","floor":10,"turns":5},{"damage":7,"enemies":"Gremlin Nob","floor":11,"turns":3},{"damage":0,"enemies":"Red Slaver","floor":13,"turns":4},{"damage":26,"enemies":"Slime Boss","floor":16,"turns":5},{"damage":20,"enemies":"2 Thieves","floor":18,"turns":4},{"damage":7,"enemies":"Spheric Guardian","floor":21,"turns":4},{"damage":9,"enemies":"Snake Plant","floor":22,"turns":4},{"damage":24,"enemies":"Gremlin Leader","floor":24,"turns":7},{"damage":11,"enemies":"Sentry and Sphere","floor":29,"turns":6},{"damage":8,"enemies":"Chosen and Byrds","floor":30,"turns":5},{"damage":71,"enemies":"Collector","floor":33,"turns":6}],"seed_played":"3186057621090021263","potions_obtained":[{"floor":1,"key":"Weak Potion"},{"floor":7,"key":"SneckoOil"},{"floor":10,"key":"Regen Potion"},{"floor":11,"key":"Dexterity Potion"},{"floor":13,"key":"Block Potion"},{"floor":24,"key":"Explosive Potion"},{"floor":30,"key":"FearPotion"}],"is_trial":false,"path_per_floor":["M","$","M","?","M","R","E","M","T","M","E","?","M","$","R","B",null,"M","$","?","M","M","R","E","R","T","$","R","M","M","$","R","B"],"character_chosen":"DEFECT","items_purchased":["Leap","War Paint","Rebound","Conserve Battery","Cold Snap","Capacitor","Rebound"],"campfire_rested":4,"item_purchase_floors":[14,14,14,19,27,27,31],"current_hp_per_floor":[75,75,75,75,75,75,46,40,40,16,20,9,9,9,32,6,77,57,57,57,50,41,64,40,63,63,63,63,54,46,46,69,0],"gold":7,"neow_bonus":"THREE_ENEMY_KILL","is_prod":false,"is_daily":false,"chose_seed":false,"campfire_upgraded":2,"win_rate":0,"timestamp":1555181503,"path_taken":["M","$","M","?","?","R","E","M","T","M","E","?","M","$","R","BOSS","M","$","?","M","M","R","E","R","T","$","R","M","M","?","R","BOSS"],"build_version":"2019-01-23","purchased_purges":1,"victory":false,"max_hp_per_floor":[75,75,75,75,75,75,75,75,75,75,77,77,77,77,77,77,77,77,77,77,77,77,77,77,77,77,77,77,79,79,79,79,79],"card_choices":[{"not_picked":["Conserve Battery","Cold Snap"],"picked":"Genetic Algorithm","floor":1},{"not_picked":["Auto Shields","Beam Cell"],"picked":"Darkness","floor":3},{"not_picked":["Double Energy","Rebound"],"picked":"Reinforced Body","floor":5},{"not_picked":["Stack","Steam Power"],"picked":"Conserve Battery","floor":7},{"not_picked":["Steam","Go for the Eyes"],"picked":"Capacitor","floor":8},{"not_picked":["Beam Cell","Stack"],"picked":"Ball Lightning","floor":10},{"not_picked":["Stack","Force Field","Sweeping Beam"],"picked":"Singing Bowl","floor":11},{"not_picked":["Leap","Compile Driver"],"picked":"Ball Lightning","floor":13},{"not_picked":["Reboot","Fission"],"picked":"Thunder Strike","floor":16},{"not_picked":["Beam Cell+1","Gash"],"picked":"Conserve Battery","floor":18},{"not_picked":["Barrage","Leap+1"],"picked":"Loop+1","floor":21},{"not_picked":["Heatsinks+1","Barrage"],"picked":"Loop","floor":22},{"not_picked":["BootSequence","Sweeping Beam"],"picked":"Leap","floor":24},{"not_picked":["Turbo","Steam+1","Beam Cell"],"picked":"Singing Bowl","floor":29},{"not_picked":["Beam Cell+1","Genetic Algorithm"],"picked":"Ball Lightning","floor":30}],"player_experience":257975,"relics_obtained":[{"floor":7,"key":"Bottled Lightning"},{"floor":9,"key":"Mercury Hourglass"},{"floor":11,"key":"Singing Bowl"},{"floor":24,"key":"Mummified Hand"},{"floor":26,"key":"Matryoshka"}],"event_choices":[{"damage_healed":0,"gold_gain":0,"cards_transformed":["Strike_B"],"player_choice":"Transformed","damage_taken":0,"max_hp_gain":0,"max_hp_loss":0,"event_name":"Transmorgrifier","floor":4,"gold_loss":0,"cards_obtained":["Cold Snap"]},{"damage_healed":0,"gold_gain":75,"player_choice":"Gather Gold","damage_taken":11,"max_hp_gain":0,"max_hp_loss":0,"event_name":"World of Goop","floor":12,"gold_loss":0}],"is_beta":false,"boss_relics":[{"not_picked":["Pandora\u0027s Box","Nuclear Battery"],"picked":"Velvet Choker"}],"items_purged_floors":[2],"is_endless":false,"potions_floor_spawned":[1,7,10,11,13,24,30],"killed_by":"Collector","ascension_level":4}