{"gold_per_floor":[13,28,28,38,38,72,72,97,149,149,167,23,23,23,23,124,124,142,42,54,54,73,73,89,188,188,188,0,19,19,19,19,19],"floor_reached":33,"playtime":2171,"items_purged":["Strike_R","Strike_R"],"score":319,"play_id":"34bc65d9-53dc-401b-8313-57f07e452e8c","local_time":"20190421210757","is_ascension_mode":true,"campfire_choices":[{"floor":7,"key":"REST"},{"floor":13,"key":"REST"},{"floor":15,"key":"REST"},{"floor":23,"key":"REST"},{"data":"True Grit","floor":27,"key":"SMITH"},{"floor":30,"key":"REST"},{"data":"Demon Form","floor":32,"key":"SMITH"}],"neow_cost":"NO_GOLD","seed_source_timestamp":439094160876427,"circlet_count":0,"master_deck":["Strike_R+1","Strike_R","Strike_R","Defend_R","Defend_R","Defend_R","Defend_R","Bash","Demon Form+1","Clothesline","Disarm","Wild Strike+1","Cleave","Double Tap","True Grit+1","Heavy Blade+1","Headbutt+1","Wild Strike+1","Feed+1","Shrug It Off+1","True Grit+1","Bloodletting","Intimidate","Cleave+1"],"relics":["Burning Blood","Molten Egg 2","Orichalcum","Whetstone","Anchor","Runic Cube","Blue Candle"],"potions_floor_usage":[6,16,29,31,33],"damage_taken":[{"damage":1,"enemies":"Cultist","floor":1,"turns":3},{"damage":7,"enemies":"Small Slimes","floor":2,"turns":4},{"damage":0,"enemies":"2 Louse","floor":4,"turns":2},{"damage":23,"enemies":"Gremlin Nob","floor":6,"turns":4},{"damage":39,"enemies":"Lagavulin","floor":8,"turns":7},{"damage":10,"enemies":"Large Slime","floor":11,"turns":5},{"damage":28,"enemies":"The Guardian","floor":16,"turns":9},{"damage":13,"enemies":"2 Thieves","floor":18,"turns":4},{"damage":5,"enemies":"Spheric Guardian","floor":20,"turns":3},{"damage":24,"enemies":"Centurion and Healer","floor":22,"turns":10},{"damage":8,"enemies":"Snecko","floor":24,"turns":5},{"damage":30,"enemies":"Shelled Parasite and Fungi","floor":29,"turns":7},{"damage":3,"enemies":"3 Cultists","floor":31,"turns":2},{"damage":83,"enemies":"Automaton","floor":33,"turns":8}],"seed_played":"2859594472697804439","potions_obtained":[{"floor":2,"key":"FearPotion"},{"floor":8,"key":"Explosive Potion"},{"floor":14,"key":"SmokeBomb"},{"floor":14,"key":"LiquidBronze"},{"floor":14,"key":"LiquidBronze"},{"floor":24,"key":"Fire Potion"}],"is_trial":false,"path_per_floor":["M","M","?","M","?","E","R","E","T","?","M","$","R","?","R","B",null,"M","$","M","$","M","R","M","?","T","R","?","M","R","M","R","B"],"character_chosen":"IRONCLAD","items_purchased":["Headbutt+1","Wild Strike+1"],"campfire_rested":5,"item_purchase_floors":[12,12],"current_hp_per_floor":[80,79,79,80,85,68,85,52,52,45,41,41,66,66,85,63,80,73,73,74,74,56,81,79,79,79,79,79,55,80,83,83,0],"gold":19,"neow_bonus":"THREE_RARE_CARDS","is_prod":false,"is_daily":false,"chose_seed":false,"campfire_upgraded":2,"win_rate":0,"timestamp":1555891677,"path_taken":["M","M","?","?","?","E","R","E","T","?","M","$","R","?","R","BOSS","M","?","M","$","M","R","M","?","T","R","?","M","R","M","R","BOSS"],"build_version":"2019-01-23","purchased_purges":2,"victory":false,"max_hp_per_floor":[80,80,80,80,85,85,85,85,85,85,85,85,85,85,85,85,85,85,85,85,85,85,85,85,85,85,85,85,85,85,85,85,85],"card_choices":[{"not_picked":["Brutality","Immolate"],"picked":"Demon Form","floor":0},{"not_picked":["Power Through","Clash"],"picked":"Clothesline","floor":1},{"not_picked":["Blood for Blood","Headbutt"],"picked":"Disarm","floor":2},{"not_picked":["Clothesline","Flex"],"picked":"Cleave","floor":4},{"not_picked":["Pommel Strike","Fire Breathing"],"picked":"Double Tap","floor":6},{"not_picked":["Corruption","Shrug It Off"],"picked":"True Grit","floor":8},{"not_picked":["Power Through","Fire Breathing"],"picked":"Heavy Blade+1","floor":11},{"not_picked":["Juggernaut","Impervious"],"picked":"Feed+1","floor":16},{"not_picked":["Clothesline+1","Clash+1"],"picked":"Shrug It Off+1","floor":18},{"not_picked":["Inflame","Battle Trance"],"picked":"True Grit+1","floor":20},{"not_picked":["Second Wind","Thunderclap+1"],"picked":"Bloodletting","floor":22},{"not_picked":["Iron Wave+1","Reckless Charge+1"],"picked":"Intimidate","floor":24},{"not_picked":["Flex","Iron Wave+1"],"picked":"Cleave+1","floor":29}],"player_experience":322256,"relics_obtained":[{"floor":6,"key":"Molten Egg 2"},{"floor":8,"key":"Orichalcum"},{"floor":9,"key":"Whetstone"},{"floor":26,"key":"Blue Candle"}],"event_choices":[{"damage_healed":0,"gold_gain":0,"player_choice":"1 cards matched","damage_taken":0,"max_hp_gain":0,"max_hp_loss":0,"event_name":"Match and Keep!","floor":3,"gold_loss":0,"cards_obtained":["Wild Strike"]},{"damage_healed":0,"gold_gain":0,"player_choice":"Donut","damage_taken":0,"max_hp_gain":5,"max_hp_loss":0,"event_name":"Big Fish","floor":5,"gold_loss":0},{"damage_healed":0,"gold_gain":0,"player_choice":"Success","damage_taken":7,"relics_obtained":["Anchor"],"max_hp_gain":0,"max_hp_loss":0,"event_name":"Scrap Ooze","floor":10,"gold_loss":0},{"damage_healed":0,"gold_gain":0,"player_choice":"Got Potions","damage_taken":0,"max_hp_gain":0,"max_hp_loss":0,"event_name":"Lab","floor":14,"gold_loss":0},{"damage_healed":0,"gold_gain":99,"player_choice":"Stole From Cult","damage_taken":0,"max_hp_gain":0,"max_hp_loss":0,"event_name":"Nest","floor":25,"gold_loss":0},{"damage_healed":0,"gold_gain":0,"player_choice":"Paid Fearfully","damage_taken":0,"max_hp_gain":0,"max_hp_loss":0,"event_name":"Masked Bandits","floor":28,"gold_loss":188}],"is_beta":false,"boss_relics":[{"not_picked":["Astrolabe","Calling Bell"],"picked":"Runic Cube"}],"items_purged_floors":[12,19],"is_endless":false,"potions_floor_spawned":[2,8,24,31],"killed_by":"Automaton","ascension_level":5}