{"gold_per_floor":[112,122,72,147,5,5,64,81,151,151,179,194,208,224,224,328,328,345,123,48,62,26,26,45,45,45,0,0,18,51,51,51,146,146,165,165,184,202,31,61,73,73,96,49,49,67,81,97,97,97],"floor_reached":51,"playtime":5278,"items_purged":["Strike_B","Defend_B"],"score":816,"play_id":"e6fa694a-cd93-43c3-9712-fe598eb407df","local_time":"20190415234021","is_ascension_mode":true,"campfire_choices":[{"data":"Cold Snap","floor":6.0,"key":"SMITH"},{"floor":10.0,"key":"REST"},{"data":"Blizzard","floor":15.0,"key":"SMITH"},{"data":"Defragment","floor":23,"key":"SMITH"},{"data":"Go for the Eyes","floor":25,"key":"SMITH"},{"data":"Thunder Strike","floor":28,"key":"SMITH"},{"data":"Loop","floor":32,"key":"SMITH"},{"floor":42,"key":"REST"},{"floor":49,"key":"REST"}],"neow_cost":"NONE","seed_source_timestamp":0,"circlet_count":0,"master_deck":["Strike_B","Defend_B","Defend_B","Zap","Dualcast","Cold Snap+1","Ball Lightning","Glacier","Leap","Melter","Coolheaded","Genetic Algorithm+1","Redo+1","Blizzard+1","BootSequence+1","Thunder Strike+1","Leap+1","Redo+1","Conserve Battery+1","Cold Snap","Conserve Battery+1","Defragment+1","Go for the Eyes+1","Cold Snap","Loop+1","Hyperbeam","Rebound+1","Stack+1","Reboot+1","Chill+1","Undo+1","Double Energy+1","Leap+1","Cold Snap"],"special_seed":0,"relics":["FrozenCore","Bag of Preparation","Tiny Chest","Toxic Egg 2","Letter Opener","Eternal Feather","Dead Branch","Calipers","Mummified Hand","Bottled Flame","Ancient Tea Set"],"potions_floor_usage":[18,31,33,33,38,50,50],"damage_taken":[{"damage":7.0,"enemies":"Jaw Worm","floor":1.0,"turns":3.0},{"damage":5.0,"enemies":"2 Louse","floor":2.0,"turns":2.0},{"damage":14.0,"enemies":"Gremlin Nob","floor":7.0,"turns":4.0},{"damage":0.0,"enemies":"Cultist","floor":8.0,"turns":2.0},{"damage":5.0,"enemies":"Lagavulin","floor":11.0,"turns":10.0},{"damage":0.0,"enemies":"Looter","floor":12.0,"turns":4.0},{"damage":0.0,"enemies":"Large Slime","floor":13.0,"turns":5.0},{"damage":0.0,"enemies":"3 Louse","floor":14.0,"turns":1.0},{"damage":5.0,"enemies":"The Guardian","floor":16.0,"turns":12.0},{"damage":0,"enemies":"2 Thieves","floor":18,"turns":4},{"damage":13,"enemies":"Spheric Guardian","floor":21,"turns":4},{"damage":11,"enemies":"Centurion and Healer","floor":24,"turns":6},{"damage":3,"enemies":"Shelled Parasite and Fungi","floor":29,"turns":5},{"damage":1,"enemies":"Book of Stabbing","floor":30,"turns":6},{"damage":46,"enemies":"Collector","floor":33,"turns":10},{"damage":32,"enemies":"3 Darklings","floor":35,"turns":9},{"damage":11,"enemies":"3 Shapes","floor":37,"turns":5},{"damage":13,"enemies":"Jaw Worm Horde","floor":38,"turns":7},{"damage":7,"enemies":"Reptomancer","floor":40,"turns":7},{"damage":0,"enemies":"4 Shapes","floor":41,"turns":4},{"damage":8,"enemies":"Sphere and 2 Shapes","floor":46,"turns":6},{"damage":0,"enemies":"Maw","floor":47,"turns":9},{"damage":1,"enemies":"3 Darklings","floor":48,"turns":6},{"damage":40,"enemies":"Awakened One","floor":50,"turns":21}],"seed_played":"-8613913366553980564","potions_obtained":[{"floor":2.0,"key":"SpeedPotion"},{"floor":7.0,"key":"Explosive Potion"},{"floor":8.0,"key":"Ancient Potion"},{"floor":12.0,"key":"Strength Potion"},{"floor":16.0,"key":"Block Potion"},{"floor":24,"key":"Energy Potion"},{"floor":29,"key":"Fire Potion"},{"floor":30,"key":"Regen Potion"},{"floor":31,"key":"Fruit Juice"},{"floor":31,"key":"FairyPotion"},{"floor":35,"key":"Strength Potion"},{"floor":37,"key":"Fire Potion"},{"floor":40,"key":"FocusPotion"}],"is_trial":false,"path_per_floor":["M","M","?","?","$","R","E","M","T","R","E","M","M","M","R","B",null,"M","$","?","M","$","R","M","R","T","?","R","M","E","?","R","B",null,"M","T","M","M","$","E","M","R","T","$","?","M","M","M","R","B",null],"character_chosen":"DEFECT","items_purchased":["Ball Lightning","Glacier","Leap","Redo+1","Conserve Battery+1","Cold Snap","Defragment","Chill+1","Leap+1"],"campfire_rested":3,"item_purchase_floors":[5,5,5,19,19,19,22,39,44],"current_hp_per_floor":[68,63,63,56,56,56,42,42,42,64,59,59,59,59,59,54,75,75,75,75,62,62,74,63,75,75,75,75,72,71,76,80,34,80,48,48,37,24,24,17,17,59,59,59,59,51,51,50,80,40],"gold":97,"neow_bonus":"RANDOM_COMMON_RELIC","is_prod":false,"is_daily":false,"chose_seed":false,"campfire_upgraded":6,"win_rate":0,"timestamp":1555382421,"path_taken":["M","M","?","?","$","R","E","M","T","R","E","M","?","M","R","BOSS","M","$","?","M","$","R","M","R","T","?","R","M","E","?","R","BOSS","M","?","M","M","$","E","M","R","T","$","?","M","M","M","R","BOSS"],"build_version":"2019-01-23","purchased_purges":2,"victory":true,"max_hp_per_floor":[75,75,75,75,75,75,75,75,75,75,75,75,75,75,75,75,75,75,75,75,75,75,75,75,75,75,75,75,75,75,80,80,80,80,80,80,80,80,80,80,80,80,80,80,80,80,80,80,80,80],"card_choices":[{"not_picked":["Turbo","Gash","Steam"],"picked":"SKIP","floor":1.0},{"not_picked":["Sweeping Beam","Coolheaded"],"picked":"Cold Snap","floor":2.0},{"not_picked":["Leap","Static Discharge"],"picked":"Melter","floor":7.0},{"not_picked":["Steam","Melter"],"picked":"Coolheaded","floor":8.0},{"not_picked":["Beam Cell","Go for the Eyes"],"picked":"Genetic Algorithm+1","floor":11.0},{"not_picked":["Turbo+1","Compile Driver"],"picked":"Redo+1","floor":12.0},{"not_picked":["Double Energy+1","Streamline"],"picked":"Blizzard","floor":13.0},{"not_picked":["Stack+1","Compile Driver"],"picked":"BootSequence+1","floor":14.0},{"not_picked":["All For One","Meteor Strike"],"picked":"Thunder Strike","floor":16.0},{"not_picked":["Redo+1","Compile Driver+1"],"picked":"Leap+1","floor":18},{"not_picked":["Scrape","Lockon+1"],"picked":"Conserve Battery+1","floor":21},{"not_picked":["Sweeping Beam","Beam Cell"],"picked":"Go for the Eyes","floor":24},{"not_picked":["Hello World+1","Go for the Eyes"],"picked":"Cold Snap","floor":29},{"not_picked":["Barrage","Force Field+1"],"picked":"Loop","floor":30},{"not_picked":["Core Surge","Amplify+1"],"picked":"Hyperbeam","floor":33},{"not_picked":["Leap+1","Turbo+1"],"picked":"Rebound+1","floor":35},{"not_picked":["Skim+1","Barrage+1"],"picked":"Stack+1","floor":37},{"not_picked":["Coolheaded+1","Cold Snap"],"picked":"Reboot+1","floor":38},{"not_picked":["Core Surge","BootSequence+1"],"picked":"Undo+1","floor":40},{"not_picked":["Reinforced Body+1","Chaos+1"],"picked":"Double Energy+1","floor":41},{"not_picked":["Steam+1","Rebound","Streamline"],"picked":"SKIP","floor":46},{"not_picked":["Leap+1","Turbo+1","Gash"],"picked":"SKIP","floor":47},{"not_picked":["Gash","Storm"],"picked":"Cold Snap","floor":48}],"player_experience":279029,"relics_obtained":[{"floor":7.0,"key":"Tiny Chest"},{"floor":9.0,"key":"Toxic Egg 2"},{"floor":11.0,"key":"Letter Opener"},{"floor":26,"key":"Dead Branch"},{"floor":30,"key":"Calipers"},{"floor":36,"key":"Mummified Hand"},{"floor":40,"key":"Bottled Flame"},{"floor":43,"key":"Ancient Tea Set"}],"event_choices":[{"cards_removed":["Strike_B"],"damage_healed":0.0,"max_hp_gain":0.0,"max_hp_loss":0.0,"gold_gain":0.0,"event_name":"The Cleric","player_choice":"Card Removal","floor":3.0,"gold_loss":50.0,"damage_taken":0.0},{"damage_healed":0.0,"max_hp_gain":0.0,"max_hp_loss":0.0,"gold_gain":75.0,"event_name":"FaceTrader","player_choice":"Touch","floor":4.0,"gold_loss":0.0,"damage_taken":7.0},{"cards_removed":["Defend_B"],"damage_healed":0,"gold_gain":0,"player_choice":"Gave Gold","damage_taken":0,"max_hp_gain":0,"max_hp_loss":0,"event_name":"Beggar","floor":20,"gold_loss":75},{"damage_healed":0,"gold_gain":0,"player_choice":"Paid Fearfully","damage_taken":0,"max_hp_gain":0,"max_hp_loss":0,"event_name":"Masked Bandits","floor":27,"gold_loss":45},{"damage_healed":0,"gold_gain":0,"player_choice":"Got Potions","damage_taken":0,"max_hp_gain":0,"max_hp_loss":0,"event_name":"Lab","floor":31,"gold_loss":0},{"cards_removed":["Strike_B"],"damage_healed":0,"gold_gain":0,"player_choice":"Purged","damage_taken":0,"max_hp_gain":0,"max_hp_loss":0,"event_name":"Purifier","floor":45,"gold_loss":0}],"is_beta":false,"boss_relics":[{"not_picked":["Tiny House","Lizard Tail"],"picked":"Eternal Feather"},{"not_picked":["Coffee Dripper","Sozu"],"picked":"FrozenCore"}],"items_purged_floors":[19,39],"is_endless":false,"potions_floor_spawned":[2,7,8,12,16,24,29,30,35,37,40,41,47],"ascension_level":4}