{"gold_per_floor":[113,133,151,165,185,185,212,212,212,387,397,416,416,433,433,530,530,547,564,564],"floor_reached":20,"playtime":1485,"items_purged":[],"score":180,"play_id":"c40c9342-8f59-4dc8-b7a2-22eb28fed2b6","local_time":"20181125132541","is_ascension_mode":false,"campfire_choices":[{"data":"Barrage","floor":6,"key":"SMITH"},{"floor":13,"key":"REST"},{"floor":15,"key":"REST"}],"neow_cost":"NONE","seed_source_timestamp":779833484572705,"circlet_count":0,"master_deck":["Strike_B","Strike_B","Strike_B","Strike_B","Defend_B","Defend_B","Defend_B","Defend_B","Zap","Dualcast","Redo","Lockon","Rebound","Coolheaded","Barrage+1","Static Discharge","Parasite","Doubt","Barrage","Consume","Static Discharge","Echo Form","Capacitor","Darkness+1"],"relics":["Cracked Core","Regal Pillow","Vajra","Philosopher\u0027s Stone"],"potions_floor_usage":[7,16,16,19,20],"damage_taken":[{"damage":0,"enemies":"Jaw Worm","floor":1,"turns":4},{"damage":0,"enemies":"2 Louse","floor":2,"turns":2},{"damage":2,"enemies":"Small Slimes","floor":3,"turns":3},{"damage":8,"enemies":"Red Slaver","floor":4,"turns":3},{"damage":6,"enemies":"Exordium Wildlife","floor":5,"turns":2},{"damage":41,"enemies":"3 Sentries","floor":7,"turns":13},{"damage":10,"enemies":"2 Fungi Beasts","floor":11,"turns":3},{"damage":13,"enemies":"3 Louse","floor":12,"turns":3},{"damage":23,"enemies":"Exordium Wildlife","floor":14,"turns":6},{"damage":43,"enemies":"Slime Boss","floor":16,"turns":8},{"damage":30,"enemies":"Chosen","floor":18,"turns":4},{"damage":25,"enemies":"Shell Parasite","floor":19,"turns":3},{"damage":21,"enemies":"Snake Plant","floor":20,"turns":2}],"seed_played":"5105202954596351683","potions_obtained":[{"floor":2,"key":"EssenceOfSteel"},{"floor":4,"key":"Energy Potion"},{"floor":12,"key":"AttackPotion"},{"floor":14,"key":"Explosive Potion"},{"floor":19,"key":"Block Potion"}],"is_trial":false,"path_per_floor":["M","M","M","M","M","R","E","?","T","?","M","M","R","M","R","B",null,"M","M","M"],"character_chosen":"DEFECT","items_purchased":[],"campfire_rested":2,"item_purchase_floors":[],"current_hp_per_floor":[75,75,73,65,59,59,18,36,36,36,26,13,50,27,64,21,75,45,20,0],"gold":564,"neow_bonus":"RANDOM_COMMON_RELIC","is_prod":false,"is_daily":false,"chose_seed":false,"campfire_upgraded":1,"win_rate":0,"timestamp":1543166741,"path_taken":["M","M","M","M","M","R","E","?","T","?","M","M","R","M","R","BOSS","M","M","M"],"build_version":"2018-11-15","purchased_purges":0,"victory":false,"max_hp_per_floor":[75,75,75,75,75,75,75,75,75,75,75,75,75,75,75,75,75,75,75,75],"card_choices":[{"not_picked":["Streamline","Go for the Eyes"],"picked":"Redo","floor":1},{"not_picked":["Beam Cell","Compile Driver"],"picked":"Lockon","floor":2},{"not_picked":["Steam","Go for the Eyes"],"picked":"Rebound","floor":3},{"not_picked":["All For One","Gash"],"picked":"Coolheaded","floor":4},{"not_picked":["Skim","Hologram"],"picked":"Barrage","floor":5},{"not_picked":["Leap","Redo"],"picked":"Static Discharge","floor":7},{"not_picked":["Rebound","FTL"],"picked":"Barrage","floor":11},{"not_picked":["Reboot","White Noise"],"picked":"Consume","floor":12},{"not_picked":["Streamline","Coolheaded"],"picked":"Static Discharge","floor":14},{"not_picked":["Fission","Rainbow"],"picked":"Echo Form","floor":16},{"not_picked":["Fusion","Stack"],"picked":"Capacitor","floor":18},{"not_picked":["Chill","Steam"],"picked":"Darkness+1","floor":19}],"player_experience":42335,"relics_obtained":[{"floor":7,"key":"Vajra"}],"event_choices":[{"damage_healed":18,"gold_gain":0,"player_choice":"Healed and dodged fight","damage_taken":0,"max_hp_gain":0,"max_hp_loss":0,"event_name":"Mushrooms","floor":8,"gold_loss":0,"cards_obtained":["Parasite"]},{"damage_healed":0,"gold_gain":175,"player_choice":"AGREE","damage_taken":0,"max_hp_gain":0,"max_hp_loss":0,"event_name":"Liars Game","floor":10,"gold_loss":0,"cards_obtained":["Doubt"]}],"is_beta":false,"boss_relics":[{"not_picked":["Black Star","Orrery"],"picked":"Philosopher\u0027s Stone"}],"items_purged_floors":[],"is_endless":false,"potions_floor_spawned":[2,4,12,14,19],"killed_by":"Snake Plant","ascension_level":0}