{"gold_per_floor":[111,130,180,180,193,218,218,244,244,244,244],"floor_reached":11,"playtime":422,"items_purged":[],"score":162,"play_id":"7ed2e2b0-0bf8-4a11-b606-b140ffb1710b","local_time":"20180920000152","is_ascension_mode":true,"campfire_choices":[{"floor":7,"key":"REST"}],"neow_cost":"NONE","seed_source_timestamp":190951596491245,"circlet_count":0,"master_deck":["Defend_G","Defend_G","Defend_G","Defend_G","Defend_G","Strike_G","Strike_G","Strike_G","Strike_G","Strike_G","Survivor","Neutralize+1","AscendersBane","Cloak And Dagger","Deadly Poison","Cloak And Dagger","Skewer","Envenom","Quick Slash"],"relics":["Ring of the Snake","Gremlin Horn","Bottled Lightning","Mummified Hand"],"potions_floor_usage":[6,11],"damage_taken":[{"damage":1,"enemies":"Jaw Worm","floor":1,"turns":6},{"damage":0,"enemies":"Cultist","floor":2,"turns":4},{"damage":6,"enemies":"2 Louse","floor":5,"turns":4},{"damage":39,"enemies":"3 Sentries","floor":6,"turns":12},{"damage":30,"enemies":"Lagavulin","floor":8,"turns":9},{"damage":0,"enemies":"Large Slime","floor":11,"turns":4}],"seed_played":"-9135745171449507163","potions_obtained":[{"floor":2,"key":"Weak Potion"},{"floor":8,"key":"SkillPotion"}],"is_trial":false,"path_per_floor":["M","M","?","?","M","E","R","E","T","?"],"character_chosen":"THE_SILENT","items_purchased":[],"campfire_rested":1,"item_purchase_floors":[],"current_hp_per_floor":[58,58,58,58,52,13,32,2,2,2,2],"gold":244,"neow_bonus":"THREE_CARDS","is_prod":false,"is_daily":false,"chose_seed":false,"campfire_upgraded":0,"win_rate":0,"timestamp":1537416112,"path_taken":["M","M","?","?","M","E","R","E","T","?","M"],"build_version":"2018-09-18v3","purchased_purges":0,"victory":false,"max_hp_per_floor":[66,66,66,66,66,66,66,66,66,66,66],"card_choices":[{"not_picked":["Acrobatics","PiercingWail"],"picked":"Cloak And Dagger","floor":0},{"not_picked":["Dodge and Roll","Poisoned Stab"],"picked":"Deadly Poison","floor":1},{"not_picked":["Finisher","Bane"],"picked":"Cloak And Dagger","floor":2},{"not_picked":["Flying Knee","Backflip"],"picked":"Skewer","floor":5},{"not_picked":["Quick Slash","Blade Dance"],"picked":"Envenom","floor":6},{"not_picked":["Prepared","Cloak And Dagger"],"picked":"Quick Slash","floor":8}],"player_experience":586027,"relics_obtained":[{"floor":6,"key":"Gremlin Horn"},{"floor":8,"key":"Bottled Lightning"},{"floor":9,"key":"Mummified Hand"}],"event_choices":[{"event_name":"Golden Shrine","player_choice":"Pray","floor":3,"damage_taken":0},{"event_name":"Accursed Blacksmith","player_choice":"Forge","floor":4,"damage_taken":0},{"event_name":"Golden Wing","player_choice":"Ignored","floor":10,"damage_taken":0}],"is_beta":true,"boss_relics":[],"items_purged_floors":[],"is_endless":false,"potions_floor_spawned":[2,8],"killed_by":"Large Slime","ascension_level":20}