{"gold_per_floor":[115,115,40,63,63,63,83,109,161,187,187,137,1,11,11,108,108,120,136,147,167,42,77,77,77,102,102,118,118,150,170,170,170],"floor_reached":33,"playtime":720,"items_purged":["Defend_R","Strike_R","Strike_R"],"score":293,"play_id":"62722c7e-c3fe-4e59-b062-b671f9652d87","local_time":"20190417183356","is_ascension_mode":false,"campfire_choices":[{"data":"Defend_R","floor":6.0,"key":"SMITH"},{"data":"Uppercut","floor":15.0,"key":"SMITH"},{"data":"Whirlwind","floor":24,"key":"SMITH"},{"floor":32,"key":"REST"}],"neow_cost":"NONE","seed_source_timestamp":25095849422549,"circlet_count":0,"master_deck":["Strike_R+1","Strike_R","Defend_R+1","Defend_R","Defend_R","Bash+1","Thunderclap","Infernal Blade","Spot Weakness","Uppercut+1","Whirlwind+1","Immolate"],"special_seed":0,"relics":["Burning Blood","Whetstone","Ancient Tea Set","Bag of Preparation","Bronze Scales","Mummified Hand","Oddly Smooth Stone","Sozu","Pantograph","PreservedInsect","Red Skull"],"potions_floor_usage":[],"damage_taken":[{"damage":0.0,"enemies":"2 Louse","floor":1.0,"turns":3.0},{"damage":6.0,"enemies":"Cultist","floor":7.0,"turns":3.0},{"damage":25.0,"enemies":"Lagavulin","floor":8.0,"turns":7.0},{"damage":2.0,"enemies":"Gremlin Nob","floor":10.0,"turns":3.0},{"damage":12.0,"enemies":"Jaw Worm","floor":14.0,"turns":4.0},{"damage":39.0,"enemies":"Slime Boss","floor":16.0,"turns":9.0},{"damage":8.0,"enemies":"2 Thieves","floor":18.0,"turns":4.0},{"damage":0.0,"enemies":"Chosen","floor":19.0,"turns":3.0},{"damage":12.0,"enemies":"Centurion and Healer","floor":20.0,"turns":4.0},{"damage":9.0,"enemies":"Cultist and Chosen","floor":21.0,"turns":4.0},{"damage":37,"enemies":"Slavers","floor":23,"turns":5},{"damage":3,"enemies":"Shelled Parasite and Fungi","floor":28,"turns":3},{"damage":9,"enemies":"Gremlin Leader","floor":30,"turns":4},{"damage":9,"enemies":"Snake Plant","floor":31,"turns":3},{"damage":91,"enemies":"Champ","floor":33,"turns":9}],"seed_played":"-5713292345473718178","potions_obtained":[{"floor":7.0,"key":"Block Potion"}],"is_trial":false,"path_per_floor":["M","?","$","T","?","R","M","E","T","E","?","?","$","M","R","B",null,"M","M","M","M","$","E","R","?","T","?","M","$","E","M","R","B"],"character_chosen":"IRONCLAD","items_purchased":["Uppercut"],"campfire_rested":1,"item_purchase_floors":[13],"current_hp_per_floor":[80,80,80,80,80,80,80,61,61,65,65,65,65,59,59,26,80,78,80,74,71,71,40,40,40,40,40,43,43,40,37,61,0],"gold":170,"neow_bonus":"RANDOM_COMMON_RELIC","is_prod":false,"is_daily":false,"chose_seed":false,"campfire_upgraded":3,"win_rate":0,"timestamp":1555547636,"path_taken":["M","?","$","?","?","R","?","E","T","E","?","?","?","M","R","BOSS","M","M","?","M","$","E","R","?","T","?","?","$","E","M","R","BOSS"],"build_version":"2019-01-23","purchased_purges":3,"victory":false,"max_hp_per_floor":[80,80,80,80,80,80,80,80,80,80,80,80,80,80,80,80,80,80,80,80,80,80,80,80,80,80,80,80,80,80,80,80,80],"card_choices":[{"not_picked":["Twin Strike","Cleave"],"picked":"Thunderclap","floor":1.0},{"not_picked":["Wild Strike","Body Slam","Hemokinesis"],"picked":"SKIP","floor":7.0},{"not_picked":["Armaments","Combust"],"picked":"Infernal Blade","floor":8.0},{"not_picked":["Barricade","Disarm"],"picked":"Spot Weakness","floor":10.0},{"not_picked":["Flex","Dropkick","Body Slam"],"picked":"SKIP","floor":14.0},{"not_picked":["Armaments","Body Slam+1"],"picked":"Whirlwind","floor":18.0},{"not_picked":["Dual Wield","Rampage","Anger"],"picked":"SKIP","floor":19.0},{"not_picked":["Pommel Strike","Wild Strike","Shrug It Off+1"],"picked":"SKIP","floor":20.0},{"not_picked":["Armaments","Hemokinesis","Body Slam"],"picked":"SKIP","floor":21.0},{"not_picked":["Shrug It Off","Blood for Blood","Dropkick"],"picked":"SKIP","floor":23},{"not_picked":["Sentinel","Havoc","Intimidate"],"picked":"SKIP","floor":28},{"not_picked":["Disarm","Burning Pact"],"picked":"Immolate","floor":30},{"not_picked":["Cleave","Fire Breathing","Headbutt"],"picked":"SKIP","floor":31}],"player_experience":1247966,"relics_obtained":[{"floor":4.0,"key":"Ancient Tea Set"},{"floor":8.0,"key":"Bag of Preparation"},{"floor":9.0,"key":"Bronze Scales"},{"floor":10.0,"key":"Mummified Hand"},{"floor":23,"key":"Pantograph"},{"floor":26,"key":"PreservedInsect"},{"floor":30,"key":"Red Skull"}],"event_choices":[{"cards_removed":["Strike_R"],"damage_healed":0.0,"max_hp_gain":0.0,"max_hp_loss":0.0,"gold_gain":0.0,"event_name":"Bonfire Elementals","player_choice":"Offered Basic","floor":2.0,"gold_loss":0.0,"damage_taken":0.0},{"damage_healed":0.0,"max_hp_gain":0.0,"max_hp_loss":0.0,"gold_gain":0.0,"event_name":"NoteForYourself","player_choice":"Ignored","floor":5.0,"gold_loss":0.0,"damage_taken":0.0},{"damage_healed":0.0,"max_hp_gain":0.0,"max_hp_loss":0.0,"gold_gain":0.0,"event_name":"Big Fish","player_choice":"Box","floor":11.0,"gold_loss":0.0,"damage_taken":0.0,"relics_obtained":["Oddly Smooth Stone"],"cards_obtained":["Regret"]},{"cards_removed":["Regret"],"damage_healed":0.0,"max_hp_gain":0.0,"max_hp_loss":0.0,"gold_gain":0.0,"event_name":"The Cleric","player_choice":"Card Removal","floor":12.0,"gold_loss":50.0,"damage_taken":0.0},{"damage_healed":0,"gold_gain":0,"player_choice":"Ignored","damage_taken":0,"max_hp_gain":0,"max_hp_loss":0,"event_name":"Ghosts","floor":25,"gold_loss":0},{"damage_healed":0,"gold_gain":0,"player_choice":"Got Potions","damage_taken":0,"max_hp_gain":0,"max_hp_loss":0,"event_name":"Lab","floor":27,"gold_loss":0}],"is_beta":false,"boss_relics":[{"not_picked":["Orrery","Philosopher\u0027s Stone"],"picked":"Sozu"}],"items_purged_floors":[3,13,22],"is_endless":false,"potions_floor_spawned":[7,19,21,23,30],"killed_by":"Champ","ascension_level":0}