{"gold_per_floor":[111,123,198,198,198,216,216,30,56,95,95,153,201,269,269,414,414,458,472,229,229,151,184,184,250,276,49,98,144,218,218,218,369,369,467,481,481,521,137,137,205,205,254,587,639,680,736,753,753,778],"floor_reached":51,"playtime":5452,"items_purged":["Decay"],"score":860,"play_id":"aa6bc9a4-e3aa-4fab-b87f-55520823fac9","local_time":"20190418173403","is_ascension_mode":false,"campfire_choices":[{"data":"Barrage","floor":7,"key":"SMITH"},{"data":"HandOfGreed","floor":11,"key":"SMITH"},{"data":"White Noise","floor":15,"key":"SMITH"},{"data":"Redo","floor":24,"key":"SMITH"},{"data":"Creative AI","floor":32,"key":"SMITH"},{"data":"Turbo","floor":40,"key":"SMITH"},{"data":"Blind","floor":42,"key":"SMITH"},{"data":"Auto Shields","floor":49,"key":"SMITH"}],"neow_cost":"NONE","seed_source_timestamp":538140127988400,"circlet_count":0,"master_deck":["Strike_B+1","Strike_B+1","Strike_B+1","Strike_B+1","Defend_B+1","Defend_B+1","Defend_B+1","Defend_B+1","Zap+1","Dualcast+1","Genetic Algorithm","Barrage+1","Leap","HandOfGreed+1","Hello World","Echo Form","White Noise+1","Auto Shields+1","Echo Form","Leap","Hologram+1","Redo+1","Redo+1","Barrage+1","Turbo+1","Static Discharge","Creative AI+1","Auto Shields+1","Darkness","Electrodynamics","Glacier","PanicButton","Stack+1","Blind+1"],"relics":["FrozenCore","Anchor","Pear","Symbiotic Virus","OrangePellets","StoneCalendar","Thread and Needle","Centennial Puzzle","Busted Crown","Bird Faced Urn","Art of War","Juzu Bracelet","Turnip","Toxic Egg 2"],"potions_floor_usage":[12,14,14,19,23,23,33,47,50,50,50],"damage_taken":[{"damage":0,"enemies":"2 Louse","floor":1,"turns":2},{"damage":11,"enemies":"Jaw Worm","floor":2,"turns":2},{"damage":3,"enemies":"Small Slimes","floor":6,"turns":3},{"damage":0,"enemies":"Looter","floor":10,"turns":3},{"damage":2,"enemies":"Gremlin Nob","floor":12,"turns":3},{"damage":3,"enemies":"Red Slaver","floor":13,"turns":6},{"damage":0,"enemies":"Lagavulin","floor":14,"turns":7},{"damage":21,"enemies":"Hexaghost","floor":16,"turns":8},{"damage":8,"enemies":"2 Thieves","floor":18,"turns":3},{"damage":0,"enemies":"Shell Parasite","floor":19,"turns":3},{"damage":16,"enemies":"Book of Stabbing","floor":23,"turns":8},{"damage":14,"enemies":"Gremlin Leader","floor":25,"turns":8},{"damage":0,"enemies":"Snecko","floor":28,"turns":5},{"damage":2,"enemies":"Centurion and Healer","floor":29,"turns":7},{"damage":0,"enemies":"Cultist and Chosen","floor":30,"turns":6},{"damage":10,"enemies":"Champ","floor":33,"turns":34},{"damage":0,"enemies":"3 Shapes","floor":35,"turns":7},{"damage":10,"enemies":"3 Darklings","floor":36,"turns":5},{"damage":7,"enemies":"4 Shapes","floor":38,"turns":7},{"damage":13,"enemies":"Nemesis","floor":41,"turns":41},{"damage":0,"enemies":"Giant Head","floor":45,"turns":18},{"damage":1,"enemies":"Jaw Worm Horde","floor":46,"turns":7},{"damage":29,"enemies":"Reptomancer","floor":47,"turns":10},{"damage":0,"enemies":"Writhing Mass","floor":48,"turns":10},{"damage":0,"enemies":"Time Eater","floor":50,"turns":23}],"seed_played":"7647323796132389785","potions_obtained":[{"floor":6,"key":"FearPotion"},{"floor":10,"key":"Ancient Potion"},{"floor":12,"key":"Swift Potion"},{"floor":13,"key":"SpeedPotion"},{"floor":18,"key":"Explosive Potion"},{"floor":25,"key":"Swift Potion"},{"floor":28,"key":"SteroidPotion"},{"floor":33,"key":"Poison Potion"},{"floor":36,"key":"Weak Potion"},{"floor":48,"key":"AttackPotion"}],"is_trial":false,"path_per_floor":["M","M","?","?","?","M","R","$","T","M","R","E","M","E","R","B",null,"M","M","$","?","$","E","R","E","T","$","M","M","M","?","R","B",null,"M","M","?","M","$","R","E","R","T","?","E","M","E","M","R","B",null],"character_chosen":"DEFECT","items_purchased":["HandOfGreed","Block Potion","OrangePellets","Fire Potion","Redo","Turbo","Weak Potion","Static Discharge","Bird Faced Urn","Blind"],"campfire_rested":0,"item_purchase_floors":[8,20,20,22,22,27,27,27,39,39],"current_hp_per_floor":[75,64,53,53,53,50,50,50,50,50,50,58,55,55,55,34,79,71,71,71,71,71,55,55,41,41,41,41,39,39,39,39,29,79,79,69,64,57,57,57,79,79,79,79,79,79,79,79,79,79],"gold":778,"neow_bonus":"UPGRADE_CARD","is_prod":false,"is_daily":false,"chose_seed":false,"campfire_upgraded":8,"win_rate":0,"timestamp":1555634043,"path_taken":["M","M","?","?","?","M","R","$","T","M","R","E","M","E","R","BOSS","M","M","$","?","$","E","R","E","T","$","M","M","?","?","R","BOSS","M","M","?","M","$","R","E","R","T","?","E","M","E","M","R","BOSS"],"build_version":"2019-01-23","purchased_purges":1,"victory":true,"max_hp_per_floor":[75,75,75,75,69,69,69,69,69,69,69,79,79,79,79,79,79,79,79,79,79,79,79,79,79,79,79,79,79,79,79,79,79,79,79,79,79,79,79,79,79,79,79,79,79,79,79,79,79,79],"card_choices":[{"not_picked":["Coolheaded","Leap"],"picked":"Genetic Algorithm","floor":1},{"not_picked":["Aggregate","Stack"],"picked":"Barrage","floor":2},{"not_picked":["Stack","Beam Cell"],"picked":"Leap","floor":6},{"not_picked":["Barrage","Hologram"],"picked":"Hello World","floor":10},{"not_picked":["Capacitor","Cold Snap"],"picked":"Echo Form","floor":12},{"not_picked":["Go for the Eyes","Coolheaded"],"picked":"White Noise","floor":13},{"not_picked":["Heatsinks","Reinforced Body"],"picked":"Auto Shields","floor":14},{"not_picked":["Core Surge","Fission"],"picked":"Echo Form","floor":16},{"not_picked":["Barrage","Compile Driver"],"picked":"Leap","floor":18},{"not_picked":["Doom and Gloom","Coolheaded"],"picked":"Hologram+1","floor":19},{"not_picked":["Gash","Reboot"],"picked":"Redo+1","floor":23},{"not_picked":["Scrape+1","Sweeping Beam"],"picked":"Barrage+1","floor":25},{"not_picked":["Compile Driver","Scrape"],"picked":"Creative AI","floor":28},{"not_picked":["Coolheaded","Beam Cell"],"picked":"Auto Shields+1","floor":29},{"not_picked":["Barrage","Genetic Algorithm"],"picked":"Darkness","floor":30},{"not_picked":["Machine Learning","Core Surge"],"picked":"Electrodynamics","floor":33},{"not_picked":[],"picked":"Glacier","floor":35},{"not_picked":["Rip and Tear"],"picked":"SKIP","floor":36},{"not_picked":[],"picked":"PanicButton","floor":37},{"not_picked":[],"picked":"Stack+1","floor":38},{"not_picked":["Darkness+1"],"picked":"SKIP","floor":41},{"not_picked":["Double Energy"],"picked":"SKIP","floor":45},{"not_picked":["Sweeping Beam"],"picked":"SKIP","floor":46},{"not_picked":["Double Energy+1"],"picked":"SKIP","floor":47},{"not_picked":["Gash+1"],"picked":"SKIP","floor":48}],"player_experience":442765,"relics_obtained":[{"floor":9,"key":"Anchor"},{"floor":12,"key":"Pear"},{"floor":14,"key":"Symbiotic Virus"},{"floor":23,"key":"StoneCalendar"},{"floor":25,"key":"Thread and Needle"},{"floor":26,"key":"Centennial Puzzle"},{"floor":41,"key":"Art of War"},{"floor":43,"key":"Juzu Bracelet"},{"floor":45,"key":"Turnip"},{"floor":47,"key":"Toxic Egg 2"}],"event_choices":[{"damage_healed":0,"gold_gain":75,"player_choice":"Gather Gold","damage_taken":11,"max_hp_gain":0,"max_hp_loss":0,"event_name":"World of Goop","floor":3,"gold_loss":0},{"damage_healed":0,"gold_gain":0,"player_choice":"Grow","damage_taken":0,"max_hp_gain":0,"max_hp_loss":0,"event_name":"Living Wall","floor":4,"gold_loss":0,"cards_upgraded":["Zap"]},{"damage_healed":0,"gold_gain":0,"player_choice":"Lose Max HP","damage_taken":0,"relics_obtained":["Golden Idol"],"max_hp_gain":0,"max_hp_loss":6,"event_name":"Golden Idol","floor":5,"gold_loss":0},{"damage_healed":0,"gold_gain":0,"player_choice":"Cursed","damage_taken":0,"max_hp_gain":0,"max_hp_loss":0,"event_name":"Wheel of Change","floor":21,"gold_loss":0,"cards_obtained":["Decay"]},{"damage_healed":0,"gold_gain":0,"player_choice":"Simplicity","damage_taken":0,"max_hp_gain":0,"max_hp_loss":0,"event_name":"Back to Basics","floor":31,"gold_loss":0,"cards_upgraded":["Strike_B","Strike_B","Strike_B","Strike_B","Defend_B","Defend_B","Defend_B","Defend_B"]},{"damage_healed":0,"gold_gain":0,"player_choice":"Memory 2","damage_taken":5,"max_hp_gain":0,"max_hp_loss":0,"event_name":"SensoryStone","floor":37,"gold_loss":0},{"damage_healed":0,"gold_gain":333,"player_choice":"Gave Idol","damage_taken":0,"max_hp_gain":0,"max_hp_loss":0,"event_name":"The Moai Head","floor":44,"relics_lost":["Golden Idol"],"gold_loss":0}],"is_beta":false,"boss_relics":[{"not_picked":["Velvet Choker","Lizard Tail"],"picked":"FrozenCore"},{"not_picked":["Fusion Hammer","Black Star"],"picked":"Busted Crown"}],"items_purged_floors":[27],"is_endless":false,"potions_floor_spawned":[6,10,12,13,18,25,28,33,36,41,46,48],"ascension_level":0}