{"gold_per_floor":[117,39,49,59,71,71,96,115,115,115,115,141,141,151,151,246,246,256,271,74,74,92,92,92,92,142,142,154,172,172,190,190,292,292,309,321,340,359,376,376,376],"floor_reached":41,"playtime":3656,"items_purged":[],"score":659,"play_id":"5d328eeb-818b-459b-9910-a7a67f5ea258","local_time":"20190424205025","is_ascension_mode":true,"campfire_choices":[{"data":"Envenom","floor":6.0,"key":"SMITH"},{"floor":10.0,"key":"REST"},{"floor":15.0,"key":"REST"},{"floor":23.0,"key":"REST"},{"floor":25.0,"key":"REST"},{"data":"Footwork","floor":27.0,"key":"SMITH"},{"floor":30.0,"key":"REST"},{"floor":32.0,"key":"REST"},{"floor":40,"key":"REST"}],"neow_cost":"NONE","seed_source_timestamp":0,"circlet_count":0,"master_deck":["AscendersBane","Defend_G","Defend_G","Defend_G","Defend_G","Defend_G","Strike_G","Strike_G","Strike_G","Strike_G","Strike_G","Survivor","Neutralize","Backflip","Envenom+1","Cloak And Dagger","Dagger Throw","Poisoned Stab","Footwork+1","Well Laid Plans","Backflip","Tools of the Trade","Underhanded Strike+1","PiercingWail+1","Panache","Blade Dance+1","Neutralize","Backstab","Footwork","Dagger Throw","After Image","PiercingWail","Tactician","Caltrops+1","Accuracy"],"special_seed":0,"relics":["Ring of the Snake","Potion Belt","Bottled Lightning","Pantograph","Bottled Flame","Runic Pyramid","Smiling Mask","Fusion Hammer"],"potions_floor_usage":[],"damage_taken":[{"damage":0.0,"enemies":"2 Louse","floor":1.0,"turns":3.0},{"damage":1.0,"enemies":"Small Slimes","floor":3.0,"turns":5.0},{"damage":1.0,"enemies":"Cultist","floor":4.0,"turns":5.0},{"damage":3.0,"enemies":"Looter","floor":5.0,"turns":4.0},{"damage":43.0,"enemies":"Lagavulin","floor":7.0,"turns":9.0},{"damage":16.0,"enemies":"Large Slime","floor":8.0,"turns":5.0},{"damage":30.0,"enemies":"3 Sentries","floor":12.0,"turns":10.0},{"damage":12.0,"enemies":"Gremlin Gang","floor":14.0,"turns":7.0},{"damage":9.0,"enemies":"The Guardian","floor":16.0,"turns":13.0},{"damage":16.0,"enemies":"Shell Parasite","floor":18.0,"turns":21.0},{"damage":16.0,"enemies":"3 Byrds","floor":19.0,"turns":6.0},{"damage":49.0,"enemies":"Cultist and Chosen","floor":22.0,"turns":10.0},{"damage":10.0,"enemies":"Snake Plant","floor":28.0,"turns":5.0},{"damage":4.0,"enemies":"Chosen and Byrds","floor":29.0,"turns":8.0},{"damage":13.0,"enemies":"Shelled Parasite and Fungi","floor":31.0,"turns":8.0},{"damage":67.0,"enemies":"Automaton","floor":33.0,"turns":15.0},{"damage":30.0,"enemies":"3 Darklings","floor":35.0,"turns":7.0},{"damage":0.0,"enemies":"Orb Walker","floor":36.0,"turns":4.0},{"damage":8.0,"enemies":"Jaw Worm Horde","floor":37.0,"turns":5.0},{"damage":11.0,"enemies":"3 Darklings","floor":38.0,"turns":7.0},{"damage":5,"enemies":"Maw","floor":39,"turns":10},{"damage":47,"enemies":"Spire Growth","floor":41,"turns":4}],"seed_played":"-8624435046445250657","potions_obtained":[{"floor":3.0,"key":"LiquidBronze"},{"floor":4.0,"key":"Fruit Juice"},{"floor":5.0,"key":"Regen Potion"},{"floor":12.0,"key":"Poison Potion"},{"floor":18.0,"key":"Block Potion"},{"floor":19.0,"key":"Swift Potion"},{"floor":22.0,"key":"SteroidPotion"},{"floor":35.0,"key":"FairyPotion"},{"floor":38.0,"key":"Dexterity Potion"}],"is_trial":false,"path_per_floor":["M","$","M","M","M","R","E","M","T","R","?","E","?","M","R","B",null,"M","M","$","?","M","R","?","R","T","R","M","M","R","M","R","B",null,"M","M","M","M","M","R","M"],"character_chosen":"THE_SILENT","items_purchased":["Envenom","Panache"],"campfire_rested":7,"item_purchase_floors":[2,20],"current_hp_per_floor":[63,63,62,66,63,63,20,4,4,26,51,21,21,9,31,47,68,52,36,36,36,2,24,24,46,46,46,36,32,54,41,63,8,58,28,28,20,9,4,26,0],"gold":376,"neow_bonus":"RANDOM_COMMON_RELIC","is_prod":false,"is_daily":false,"chose_seed":false,"campfire_upgraded":2,"win_rate":0,"timestamp":1556110225,"path_taken":["M","$","M","M","M","R","E","M","T","R","?","E","?","M","R","BOSS","M","?","$","?","M","R","?","R","T","R","M","M","R","M","R","BOSS","M","?","M","?","M","R","M"],"build_version":"2019-01-23","purchased_purges":0,"victory":false,"max_hp_per_floor":[70,70,70,75,75,75,75,75,75,75,75,75,75,75,75,75,75,75,75,75,75,75,75,75,75,75,75,75,75,75,75,75,75,75,75,75,75,75,75,75,75],"card_choices":[{"not_picked":["Dagger Throw","Catalyst"],"picked":"Backflip","floor":1.0},{"not_picked":["Accuracy","Flying Knee"],"picked":"Cloak And Dagger","floor":3.0},{"not_picked":["Quick Slash","Acrobatics"],"picked":"Dagger Throw","floor":4.0},{"not_picked":["Bane","Quick Slash"],"picked":"Poisoned Stab","floor":5.0},{"not_picked":["Predator","A Thousand Cuts","Deflect"],"picked":"SKIP","floor":7.0},{"not_picked":["Prepared","Deadly Poison"],"picked":"Footwork","floor":8.0},{"not_picked":["Accuracy","Adrenaline"],"picked":"Well Laid Plans","floor":12.0},{"not_picked":["Slice","Finisher"],"picked":"Backflip","floor":14.0},{"not_picked":["Grand Finale","A Thousand Cuts"],"picked":"Tools of the Trade","floor":16.0},{"not_picked":["PiercingWail","Quick Slash"],"picked":"Underhanded Strike+1","floor":18.0},{"not_picked":["Dagger Throw","Escape Plan"],"picked":"PiercingWail+1","floor":19.0},{"not_picked":["Tactician","Acrobatics"],"picked":"Blade Dance+1","floor":22.0},{"not_picked":["PiercingWail","Quick Slash"],"picked":"Backstab","floor":28.0},{"not_picked":["Backstab","Deflect"],"picked":"Footwork","floor":29.0},{"not_picked":["Deadly Poison","Underhanded Strike"],"picked":"Dagger Throw","floor":31.0},{"not_picked":["Phantasmal Killer","Venomology"],"picked":"After Image","floor":33.0},{"not_picked":["Prepared+1","Quick Slash"],"picked":"PiercingWail","floor":35.0},{"not_picked":["Flying Knee+1","Bane"],"picked":"Tactician","floor":36.0},{"not_picked":["Outmaneuver+1","Quick Slash+1"],"picked":"Caltrops+1","floor":37.0},{"not_picked":["Deflect","Outmaneuver+1","Flying Knee"],"picked":"SKIP","floor":38.0},{"not_picked":["Dagger Spray+1","Glass Knife"],"picked":"Accuracy","floor":39}],"player_experience":711704,"relics_obtained":[{"floor":7.0,"key":"Bottled Lightning"},{"floor":9.0,"key":"Pantograph"},{"floor":12.0,"key":"Bottled Flame"},{"floor":26.0,"key":"Smiling Mask"}],"event_choices":[{"damage_healed":25.0,"max_hp_gain":0.0,"max_hp_loss":0.0,"gold_gain":0.0,"event_name":"Big Fish","player_choice":"Banana","floor":11.0,"gold_loss":0.0,"damage_taken":0.0},{"damage_healed":0.0,"max_hp_gain":0.0,"max_hp_loss":0.0,"gold_gain":0.0,"event_name":"FaceTrader","player_choice":"Leave","floor":13.0,"gold_loss":0.0,"damage_taken":0.0},{"damage_healed":0.0,"max_hp_gain":0.0,"max_hp_loss":0.0,"gold_gain":0.0,"event_name":"Beggar","player_choice":"Ignored","floor":21.0,"gold_loss":0.0,"damage_taken":0.0},{"damage_healed":0.0,"max_hp_gain":0.0,"max_hp_loss":0.0,"gold_gain":0.0,"event_name":"Match and Keep!","player_choice":"1 cards matched","floor":24.0,"gold_loss":0.0,"damage_taken":0.0,"cards_obtained":["Neutralize"]}],"is_beta":false,"boss_relics":[{"not_picked":["Tiny House","Eternal Feather"],"picked":"Runic Pyramid"},{"not_picked":["Ring of the Serpent","Pandora\u0027s Box"],"picked":"Fusion Hammer"}],"items_purged_floors":[],"is_endless":false,"potions_floor_spawned":[3,4,5,12,18,19,22,31,35,38,39],"killed_by":"Spire Growth","ascension_level":11}