{"gold_per_floor":[113,113,130,143,143,143,157,167,190,190,206,206,206,221,221,326,326,343,343,258,278,27,27,47,47],"floor_reached":25,"playtime":1500,"items_purged":[],"score":195,"play_id":"d6e4c2a4-f541-47d8-9b2f-5e725424a52f","local_time":"20181206202748","is_ascension_mode":false,"campfire_choices":[{"floor":6,"key":"REST"},{"floor":13,"key":"REST"},{"floor":15,"key":"REST"},{"floor":23,"key":"REST"}],"neow_cost":"NONE","seed_source_timestamp":343814461885991,"circlet_count":0,"master_deck":["Strike_B+1","Strike_B+1","Strike_B","Strike_B","Defend_B","Defend_B","Zap+1","Dualcast","Coolheaded+1","Loop","Redo","Reinforced Body","Reinforced Body","Static Discharge","Skim","Machine Learning","Barrage"],"relics":["Cracked Core","NeowsBlessing","Bag of Marbles","Boot","War Paint","Empty Cage","Sundial","Question Card"],"potions_floor_usage":[11,16,25],"damage_taken":[{"damage":0,"enemies":"2 Louse","floor":1,"turns":1},{"damage":0,"enemies":"Small Slimes","floor":3,"turns":1},{"damage":0,"enemies":"Cultist","floor":4,"turns":1},{"damage":10,"enemies":"Blue Slaver","floor":7,"turns":3},{"damage":23,"enemies":"Exordium Wildlife","floor":8,"turns":9},{"damage":19,"enemies":"Lots of Slimes","floor":11,"turns":4},{"damage":10,"enemies":"Looter","floor":14,"turns":2},{"damage":21,"enemies":"Hexaghost","floor":16,"turns":11},{"damage":1,"enemies":"Chosen","floor":18,"turns":7},{"damage":34,"enemies":"2 Thieves","floor":21,"turns":4},{"damage":21,"enemies":"Snake Plant","floor":24,"turns":6},{"damage":29,"enemies":"Snecko","floor":25,"turns":5}],"seed_played":"1227815247706292439","potions_obtained":[{"floor":3,"key":"LiquidBronze"},{"floor":7,"key":"FearPotion"},{"floor":14,"key":"Poison Potion"},{"floor":21,"key":"SneckoOil"}],"is_trial":false,"path_per_floor":["M","?","M","M","?","R","M","M","T","?","M","?","R","M","R","B",null,"M","?","?","M","$","R","M","M"],"character_chosen":"DEFECT","items_purchased":["Question Card"],"campfire_rested":4,"item_purchase_floors":[22],"current_hp_per_floor":[75,57,57,57,42,64,54,31,31,31,12,12,34,24,46,25,75,74,60,60,26,26,50,29,0],"gold":47,"neow_bonus":"THREE_ENEMY_KILL","is_prod":false,"is_daily":false,"chose_seed":false,"campfire_upgraded":0,"win_rate":0,"timestamp":1544142468,"path_taken":["M","?","M","M","?","R","M","M","T","?","M","?","R","M","R","BOSS","M","?","?","M","$","R","M","M"],"build_version":"2018-11-15","purchased_purges":0,"victory":false,"max_hp_per_floor":[75,75,75,75,75,75,75,75,75,75,75,75,75,75,75,75,75,75,80,80,80,80,80,80,80],"card_choices":[{"not_picked":["Cold Snap","Sweeping Beam"],"picked":"Coolheaded","floor":1},{"not_picked":["Stack","Go for the Eyes"],"picked":"Loop","floor":3},{"not_picked":["Sweeping Beam","Compile Driver"],"picked":"Redo","floor":4},{"not_picked":["Cold Snap","Static Discharge"],"picked":"Reinforced Body","floor":7},{"not_picked":["Static Discharge","Steam"],"picked":"Reinforced Body","floor":8},{"not_picked":["Multi-Cast","Self Repair"],"picked":"Static Discharge","floor":11},{"not_picked":["Heatsinks","Turbo"],"picked":"Skim","floor":14},{"not_picked":["Reboot","Fission"],"picked":"Machine Learning","floor":16},{"not_picked":["FTL","Compile Driver+1"],"picked":"Barrage","floor":18},{"not_picked":["Sweeping Beam","Conserve Battery+1","Steam"],"picked":"SKIP","floor":21},{"not_picked":["Compile Driver","Steam+1","Conserve Battery+1","Sweeping Beam"],"picked":"SKIP","floor":24}],"player_experience":68021,"relics_obtained":[{"floor":9,"key":"Boot"}],"event_choices":[{"damage_healed":0,"gold_gain":0,"player_choice":"Success","damage_taken":18,"relics_obtained":["Bag of Marbles"],"max_hp_gain":0,"max_hp_loss":0,"event_name":"Scrap Ooze","floor":2,"gold_loss":0},{"damage_healed":0,"gold_gain":0,"player_choice":"Entered Light","damage_taken":15,"max_hp_gain":0,"max_hp_loss":0,"event_name":"Shining Light","floor":5,"gold_loss":0,"cards_upgraded":["Strike_B","Strike_B"]},{"damage_healed":0,"gold_gain":0,"player_choice":"Ignored","damage_taken":0,"max_hp_gain":0,"max_hp_loss":0,"event_name":"Golden Idol","floor":10,"gold_loss":0},{"damage_healed":0,"gold_gain":0,"player_choice":"Gave Potion","damage_taken":0,"relics_obtained":["War Paint"],"max_hp_gain":0,"max_hp_loss":0,"event_name":"WeMeetAgain","floor":12,"gold_loss":0},{"damage_healed":0,"gold_gain":0,"player_choice":"Shed Blood","damage_taken":19,"max_hp_gain":5,"max_hp_loss":0,"event_name":"Forgotten Altar","floor":19,"gold_loss":0},{"damage_healed":0,"gold_gain":0,"player_choice":"Obtained Relic","damage_taken":0,"relics_obtained":["Sundial"],"max_hp_gain":0,"max_hp_loss":0,"event_name":"Addict","floor":20,"gold_loss":85}],"is_beta":false,"boss_relics":[{"not_picked":["Tiny House","FrozenCore"],"picked":"Empty Cage"}],"items_purged_floors":[],"is_endless":false,"potions_floor_spawned":[3,7,14,21],"killed_by":"Snecko","ascension_level":0}