{"gold_per_floor":[111,36,52,52,65,65,101,101,127,127,162,112,112,130,130,254,254,279,279,30,0,0,0,15,50,97,97,117,117,131,13,13,136,136,152,152,168,58,76,76,76,114,114,114,35,35,60,81,81,81],"floor_reached":51,"playtime":5256,"items_purged":["Strike_R"],"score":946,"play_id":"2ed768bb-7b96-4598-a392-4d6d3da9b384","local_time":"20190424202525","is_ascension_mode":true,"campfire_choices":[{"data":"Hemokinesis","floor":6.0,"key":"SMITH"},{"data":"Combust","floor":8.0,"key":"SMITH"},{"floor":10.0,"key":"REST"},{"data":"Inflame","floor":15.0,"key":"SMITH"},{"data":"True Grit","floor":23.0,"key":"SMITH"},{"floor":27.0,"key":"REST"},{"floor":32.0,"key":"REST"},{"floor":40.0,"key":"REST"},{"floor":44.0,"key":"REST"},{"data":"Corruption","floor":46.0,"key":"SMITH"},{"floor":49.0,"key":"REST"}],"neow_cost":"NONE","seed_source_timestamp":0,"circlet_count":0,"master_deck":["Defend_R","Defend_R","Defend_R","Defend_R","Bash+1","Pommel Strike","Inflame+1","Hemokinesis+1","Combust+1","Rupture","Ghostly Armor","Demon Form","Searing Blow+1","Anger+1","Sever Soul+1","Rage+1","True Grit+1","Uppercut","Disarm","Clothesline+1","Armaments","Metallicize","Offering","Shrug It Off+1","Feel No Pain","Pummel+1","Rupture","Flame Barrier","Demon Form","Corruption+1","Shockwave+1","Blood for Blood+1"],"special_seed":0,"relics":["Burning Blood","Golden Idol","Orichalcum","Bag of Preparation","Dead Branch","Sundial","Astrolabe","Enchiridion","Lee\u0027s Waffle","Anchor","Bottled Lightning","Ancient Tea Set","Philosopher\u0027s Stone","Omamori","Whetstone"],"potions_floor_usage":[],"damage_taken":[{"damage":4.0,"enemies":"Jaw Worm","floor":1.0,"turns":4.0},{"damage":1.0,"enemies":"Cultist","floor":3.0,"turns":4.0},{"damage":4.0,"enemies":"Small Slimes","floor":5.0,"turns":4.0},{"damage":31.0,"enemies":"3 Sentries","floor":7.0,"turns":8.0},{"damage":16.0,"enemies":"Lagavulin","floor":11.0,"turns":4.0},{"damage":8.0,"enemies":"3 Louse","floor":14.0,"turns":4.0},{"damage":29.0,"enemies":"The Guardian","floor":16.0,"turns":5.0},{"damage":28.0,"enemies":"2 Thieves","floor":18.0,"turns":3.0},{"damage":14.0,"enemies":"Shell Parasite","floor":24.0,"turns":4.0},{"damage":34.0,"enemies":"Gremlin Leader","floor":25.0,"turns":7.0},{"damage":6.0,"enemies":"Snecko","floor":28.0,"turns":3.0},{"damage":28.0,"enemies":"Shelled Parasite and Fungi","floor":30.0,"turns":5.0},{"damage":25.0,"enemies":"Champ","floor":33.0,"turns":9.0},{"damage":18.0,"enemies":"3 Shapes","floor":35.0,"turns":2.0},{"damage":44.0,"enemies":"3 Darklings","floor":37.0,"turns":6.0},{"damage":22.0,"enemies":"4 Shapes","floor":39.0,"turns":5.0},{"damage":11.0,"enemies":"Giant Head","floor":42.0,"turns":7.0},{"damage":8.0,"enemies":"Spire Growth","floor":47.0,"turns":4.0},{"damage":43.0,"enemies":"Writhing Mass","floor":48.0,"turns":5.0},{"damage":45,"enemies":"Time Eater","floor":50,"turns":8}],"seed_played":"-8386540910644517074","potions_obtained":[{"floor":5.0,"key":"Regen Potion"},{"floor":7.0,"key":"Weak Potion"},{"floor":11.0,"key":"FearPotion"},{"floor":16.0,"key":"SkillPotion"},{"floor":18.0,"key":"FearPotion"},{"floor":28.0,"key":"Explosive Potion"},{"floor":30.0,"key":"Energy Potion"},{"floor":33.0,"key":"Poison Potion"},{"floor":35.0,"key":"Block Potion"},{"floor":37.0,"key":"EssenceOfSteel"},{"floor":39.0,"key":"SkillPotion"}],"is_trial":false,"path_per_floor":["M","$","M","?","M","R","E","R","T","R","E","?","T","M","R","B",null,"M","?","$","?","?","R","M","E","T","R","M","?","M","$","R","B",null,"M","?","M","$","M","R","?","E","T","R","$","R","M","M","R","B",null],"character_chosen":"IRONCLAD","items_purchased":["Lee\u0027s Waffle","True Grit","Armaments","Metallicize","Pummel","Rupture","Corruption"],"campfire_rested":6,"item_purchase_floors":[20,20,31,31,38,38,45],"current_hp_per_floor":[74,74,79,59,61,61,51,51,51,75,65,65,65,63,63,40,70,48,32,87,87,87,87,79,51,51,77,77,77,55,55,81,62,81,69,69,31,31,15,41,41,36,36,62,62,62,60,23,49,10],"gold":81,"neow_bonus":"UPGRADE_CARD","is_prod":false,"is_daily":false,"chose_seed":false,"campfire_upgraded":5,"win_rate":0,"timestamp":1556148325,"path_taken":["M","$","M","?","M","R","E","R","T","R","E","?","?","?","R","BOSS","M","?","$","?","?","R","M","E","T","R","M","?","M","$","R","BOSS","M","?","M","$","M","R","?","E","T","R","?","R","M","M","R","BOSS"],"build_version":"2019-01-23","purchased_purges":1,"victory":true,"max_hp_per_floor":[80,80,80,80,80,80,80,80,80,80,80,80,80,80,80,80,80,80,80,87,87,87,87,87,87,87,87,87,87,87,87,87,87,87,87,87,87,87,87,87,87,87,87,87,87,87,87,87,87,87],"card_choices":[{"not_picked":["Cleave","Rampage"],"picked":"Pommel Strike","floor":1.0},{"not_picked":["Rage","Warcry"],"picked":"Inflame","floor":3.0},{"not_picked":["Pummel","Heavy Blade"],"picked":"Hemokinesis","floor":5.0},{"not_picked":["Seeing Red","Rage"],"picked":"Combust","floor":7.0},{"not_picked":["Sword Boomerang","Pommel Strike"],"picked":"Rupture","floor":11.0},{"not_picked":["Perfected Strike","Warcry"],"picked":"Ghostly Armor","floor":14.0},{"not_picked":["Juggernaut","Reaper"],"picked":"Demon Form","floor":16.0},{"not_picked":["Anger","Sword Boomerang"],"picked":"Rage+1","floor":18.0},{"not_picked":["Thunderclap","True Grit"],"picked":"Uppercut","floor":24.0},{"not_picked":["Burning Pact","Hemokinesis+1"],"picked":"Disarm","floor":25.0},{"not_picked":["Clash","Rage","Wild Strike+1"],"picked":"SKIP","floor":28.0},{"not_picked":["Anger+1","Wild Strike"],"picked":"Clothesline","floor":30.0},{"not_picked":["Barricade","Impervious"],"picked":"Offering","floor":33.0},{"not_picked":["Body Slam","Armaments+1"],"picked":"Shrug It Off+1","floor":35.0},{"not_picked":["Hemokinesis","Flex"],"picked":"Feel No Pain","floor":37.0},{"not_picked":["Anger","Clash+1"],"picked":"Flame Barrier","floor":39.0},{"not_picked":["Iron Wave+1","Burning Pact+1"],"picked":"Demon Form","floor":42.0},{"not_picked":["Perfected Strike","Cleave+1"],"picked":"Shockwave+1","floor":47.0},{"not_picked":["Wild Strike","Perfected Strike+1"],"picked":"Blood for Blood+1","floor":48.0}],"player_experience":341710,"relics_obtained":[{"floor":7.0,"key":"Orichalcum"},{"floor":9.0,"key":"Bag of Preparation"},{"floor":11.0,"key":"Dead Branch"},{"floor":13.0,"key":"Sundial"},{"floor":19.0,"key":"Enchiridion"},{"floor":25.0,"key":"Bottled Lightning"},{"floor":26.0,"key":"Ancient Tea Set"},{"floor":42.0,"key":"Omamori"},{"floor":43.0,"key":"Whetstone"}],"event_choices":[{"damage_healed":0.0,"max_hp_gain":0.0,"max_hp_loss":0.0,"gold_gain":0.0,"event_name":"Golden Idol","player_choice":"Take Damage","floor":4.0,"gold_loss":0.0,"damage_taken":20.0,"relics_obtained":["Golden Idol"]},{"cards_removed":["Strike_R"],"damage_healed":0.0,"max_hp_gain":0.0,"max_hp_loss":0.0,"gold_gain":0.0,"event_name":"The Cleric","player_choice":"Card Removal","floor":12.0,"gold_loss":50.0,"damage_taken":0.0},{"damage_healed":0.0,"max_hp_gain":0.0,"max_hp_loss":0.0,"gold_gain":0.0,"event_name":"Cursed Tome","player_choice":"Obtained Book","floor":19.0,"gold_loss":0.0,"damage_taken":16.0},{"damage_healed":0.0,"max_hp_gain":0.0,"max_hp_loss":0.0,"gold_gain":0.0,"event_name":"Masked Bandits","player_choice":"Paid Fearfully","floor":21.0,"gold_loss":30.0,"damage_taken":0.0},{"damage_healed":0.0,"max_hp_gain":0.0,"max_hp_loss":0.0,"gold_gain":0.0,"event_name":"The Mausoleum","player_choice":"Opened","floor":22.0,"gold_loss":0.0,"damage_taken":0.0,"relics_obtained":["Anchor"]},{"damage_healed":0.0,"max_hp_gain":0.0,"max_hp_loss":0.0,"gold_gain":0.0,"event_name":"Ghosts","player_choice":"Ignored","floor":29.0,"gold_loss":0.0,"damage_taken":0.0},{"damage_healed":0.0,"max_hp_gain":0.0,"max_hp_loss":0.0,"gold_gain":0.0,"event_name":"Tomb of Lord Red Mask","player_choice":"Ignored","floor":36.0,"gold_loss":0.0,"damage_taken":0.0},{"damage_healed":0.0,"max_hp_gain":0.0,"max_hp_loss":0.0,"gold_gain":0.0,"event_name":"Mysterious Sphere","player_choice":"Ignored","floor":41.0,"gold_loss":0.0,"damage_taken":0.0}],"is_beta":false,"boss_relics":[{"not_picked":["Ectoplasm","Pandora\u0027s Box"],"picked":"Astrolabe"},{"not_picked":["Snecko Eye","Coffee Dripper"],"picked":"Philosopher\u0027s Stone"}],"items_purged_floors":[2],"is_endless":false,"potions_floor_spawned":[5,7,11,16,18,28,30,33,35,37,39],"ascension_level":8}