{"gold_per_floor":[16,28,103,114,126,126,154,114,114,130,164,11,24,38,38,112,112,126,137,37,87,12,12,12,40,90,90,116,116,132,46,46,121,121,133,144,144,154,169,169,169],"floor_reached":41,"playtime":2422,"items_purged":["Strike_G","Strike_G"],"score":886,"play_id":"ed4c1c39-867c-4b23-8281-adaec70d7dc7","local_time":"20180917222508","is_ascension_mode":true,"campfire_choices":[{"floor":6.0,"key":"REST"},{"data":"Crippling Poison","floor":15.0,"key":"SMITH"},{"data":"Caltrops","floor":23.0,"key":"SMITH"},{"data":"Neutralize","floor":27.0,"key":"SMITH"},{"data":"Corpse Explosion","floor":29.0,"key":"SMITH"},{"floor":32.0,"key":"REST"},{"data":"Crippling Poison","floor":40,"key":"SMITH"}],"neow_cost":"NO_GOLD","seed_source_timestamp":10205170502312,"circlet_count":0,"master_deck":["Defend_G","Defend_G","Defend_G","Defend_G","Defend_G","Strike_G","Strike_G","Survivor","Neutralize+1","AscendersBane","Dagger Throw","Dagger Spray","Caltrops","Flying Knee","Crippling Poison+1","Caltrops+1","Crippling Poison+1","Backstab","Corpse Explosion+1","Blur","Well Laid Plans","All Out Attack","Cloak And Dagger","Blade Dance+1","Backflip"],"special_seed":0,"relics":["Ring of the Snake","Incense Burner","Dream Catcher","Meat on the Bone","Thread and Needle","Busted Crown","Oddly Smooth Stone","Pen Nib","Tough Bandages","White Beast Statue","StoneCalendar"],"potions_floor_usage":[35,38,38,41,41],"damage_taken":[{"damage":4.0,"enemies":"Cultist","floor":1.0,"turns":5.0},{"damage":1.0,"enemies":"Jaw Worm","floor":2.0,"turns":4.0},{"damage":0.0,"enemies":"Small Slimes","floor":4.0,"turns":4.0},{"damage":19.0,"enemies":"Gremlin Gang","floor":5.0,"turns":7.0},{"damage":22.0,"enemies":"Gremlin Nob","floor":7.0,"turns":5.0},{"damage":1.0,"enemies":"Looter","floor":8.0,"turns":4.0},{"damage":3.0,"enemies":"Lots of Slimes","floor":10.0,"turns":4.0},{"damage":28.0,"enemies":"3 Sentries","floor":11.0,"turns":8.0},{"damage":3.0,"enemies":"Exordium Wildlife","floor":13.0,"turns":6.0},{"damage":0.0,"enemies":"Looter","floor":14.0,"turns":4.0},{"damage":16.0,"enemies":"Slime Boss","floor":16.0,"turns":10.0},{"damage":11.0,"enemies":"Shell Parasite","floor":18.0,"turns":5.0},{"damage":1.0,"enemies":"3 Byrds","floor":19.0,"turns":3.0},{"damage":3.0,"enemies":"Slavers","floor":25.0,"turns":2.0},{"damage":23.0,"enemies":"Book of Stabbing","floor":28.0,"turns":4.0},{"damage":0.0,"enemies":"Snecko","floor":30.0,"turns":6.0},{"damage":20.0,"enemies":"Collector","floor":33.0,"turns":8.0},{"damage":1,"enemies":"Orb Walker","floor":35,"turns":4},{"damage":0,"enemies":"3 Shapes","floor":36,"turns":4},{"damage":0,"enemies":"Mind Bloom Boss Battle","floor":37,"turns":8},{"damage":29,"enemies":"Transient","floor":38,"turns":6},{"damage":0,"enemies":"Sphere and 2 Shapes","floor":39,"turns":4},{"damage":53,"enemies":"Giant Head","floor":41,"turns":9}],"seed_played":"-239746569533268069","potions_obtained":[{"floor":2.0,"key":"Ancient Potion"},{"floor":7.0,"key":"EssenceOfSteel"},{"floor":11.0,"key":"GamblersBrew"},{"floor":13.0,"key":"SteroidPotion"},{"floor":16.0,"key":"Weak Potion"},{"floor":19.0,"key":"AttackPotion"},{"floor":25.0,"key":"SkillPotion"},{"floor":30.0,"key":"GamblersBrew"},{"floor":35,"key":"SteroidPotion"},{"floor":36,"key":"Swift Potion"},{"floor":38,"key":"Block Potion"},{"floor":39,"key":"SpeedPotion"}],"is_trial":false,"path_per_floor":["M","M","?","M","M","R","E","M","T","M","E","$","M","M","R","B",null,"M","M","$","?","?","R","?","E","T","R","E","R","M","$","R","B",null,"M","M","?","M","M","R"],"character_chosen":"THE_SILENT","items_purchased":["Caltrops","Well Laid Plans"],"campfire_rested":2,"item_purchase_floors":[12,31],"current_hp_per_floor":[55,54,43,43,24,43,21,20,20,29,13,13,22,34,34,30,57,46,45,45,39,39,39,52,49,49,49,38,38,38,38,57,37,59,58,58,58,41,41,41,0],"gold":169,"neow_bonus":"ONE_RARE_RELIC","is_prod":false,"is_daily":false,"chose_seed":false,"campfire_upgraded":5,"win_rate":0,"timestamp":1537237508,"path_taken":["M","?","?","M","M","R","E","?","T","?","E","$","M","M","R","BOSS","M","M","$","?","?","R","?","E","T","R","E","R","?","$","R","BOSS","M","M","?","M","?","R","E"],"build_version":"2018-09-12","purchased_purges":2,"victory":false,"max_hp_per_floor":[66,66,66,66,66,66,66,66,66,66,66,66,66,66,66,66,66,66,66,66,66,66,66,66,66,66,66,66,66,66,66,66,66,66,66,66,66,66,66,66,66],"card_choices":[{"not_picked":["Acrobatics","Expertise"],"picked":"Dagger Throw","floor":1.0},{"not_picked":["Backflip","Poisoned Stab"],"picked":"Dagger Spray","floor":2.0},{"not_picked":["Cloak And Dagger","Storm of Steel"],"picked":"Caltrops","floor":4.0},{"not_picked":["Tactician","Backflip"],"picked":"Flying Knee","floor":5.0},{"not_picked":["Dagger Spray","Grand Finale","Deadly Poison"],"picked":"SKIP","floor":7.0},{"not_picked":["Deadly Poison","Acrobatics","Flechettes"],"picked":"SKIP","floor":8.0},{"not_picked":["Heel Hook","Flying Knee"],"picked":"Crippling Poison","floor":10.0},{"not_picked":["Slice","Distraction","All Out Attack"],"picked":"SKIP","floor":11.0},{"not_picked":["Quick Slash","Masterful Stab"],"picked":"Crippling Poison","floor":13.0},{"not_picked":["Cloak And Dagger","Acrobatics"],"picked":"Backstab","floor":14.0},{"not_picked":["Glass Knife","Grand Finale"],"picked":"Corpse Explosion","floor":16.0},{"not_picked":["Underhanded Strike"],"picked":"SKIP","floor":18.0},{"not_picked":["Dagger Throw"],"picked":"SKIP","floor":19.0},{"not_picked":["Riddle With Holes"],"picked":"SKIP","floor":25.0},{"not_picked":[],"picked":"Blur","floor":28.0},{"not_picked":["Outmaneuver"],"picked":"SKIP","floor":30.0},{"not_picked":[],"picked":"All Out Attack","floor":32.0},{"not_picked":[],"picked":"Cloak And Dagger","floor":35},{"not_picked":[],"picked":"Blade Dance+1","floor":36},{"not_picked":["Quick Slash+1"],"picked":"SKIP","floor":38},{"not_picked":[],"picked":"Backflip","floor":39}],"player_experience":570293,"relics_obtained":[{"floor":7.0,"key":"Dream Catcher"},{"floor":9.0,"key":"Meat on the Bone"},{"floor":11.0,"key":"Thread and Needle"},{"floor":25.0,"key":"Oddly Smooth Stone"},{"floor":26.0,"key":"Pen Nib"},{"floor":28.0,"key":"Tough Bandages"},{"floor":37,"key":"StoneCalendar"}],"event_choices":[{"event_name":"World of Goop","player_choice":"Gather Gold","floor":3.0,"damage_taken":0.0},{"event_name":"FaceTrader","player_choice":"Touch","floor":21.0,"damage_taken":0.0},{"event_name":"Beggar","player_choice":"Gave Gold","floor":22.0,"damage_taken":0.0},{"event_name":"The Library","player_choice":"Heal","floor":24.0,"damage_taken":0.0},{"event_name":"MindBloom","player_choice":"Fight","floor":37,"damage_taken":0}],"is_beta":true,"boss_relics":[{"not_picked":["Empty Cage","Lizard Tail"],"picked":"Busted Crown"},{"not_picked":["Orrery","Calling Bell"],"picked":"White Beast Statue"}],"items_purged_floors":[12,20],"is_endless":false,"potions_floor_spawned":[2,7,11,13,16,19,25,30,35,36,37,38,39],"killed_by":"Giant Head","ascension_level":20}