{"gold_per_floor":[113,125,136,150,150,150,185,185,185,211,211,236,236,255,255,332,332,332,332,332,332,332,332],"floor_reached":23,"playtime":673,"items_purged":[],"score":426,"play_id":"96f48017-18e5-4c81-978c-47cef21b518e","local_time":"20190929135819","is_ascension_mode":true,"campfire_choices":[{"data":"Anger","floor":6,"key":"SMITH"},{"data":"Immolate","floor":8,"key":"SMITH"},{"data":"True Grit","floor":13,"key":"SMITH"},{"data":"Armaments","floor":15,"key":"SMITH"}],"neow_cost":"NONE","seed_source_timestamp":1086027338236300,"circlet_count":0,"master_deck":["AscendersBane","Strike_R","Strike_R","Strike_R","Strike_R","Strike_R","Defend_R","Defend_R","Defend_R","Defend_R","Bash","Anger+1","Inflame+1","Immolate+1","Seeing Red","True Grit+1","Armaments+1","Impervious","True Grit+1","Sword Boomerang+1","Juggernaut","Spot Weakness+1"],"relics":["Burning Blood","Ice Cream","Thread and Needle","Nunchaku","Dream Catcher","Ectoplasm"],"potions_floor_usage":[7,12,18,19,21,23],"damage_taken":[{"damage":1,"enemies":"Cultist","floor":1,"turns":3},{"damage":7,"enemies":"Small Slimes","floor":2,"turns":3},{"damage":4,"enemies":"Jaw Worm","floor":3,"turns":5},{"damage":7,"enemies":"Exordium Wildlife","floor":4,"turns":3},{"damage":32,"enemies":"Gremlin Nob","floor":7,"turns":4},{"damage":6,"enemies":"Lagavulin","floor":10,"turns":5},{"damage":6,"enemies":"3 Sentries","floor":12,"turns":4},{"damage":0,"enemies":"Looter","floor":14,"turns":4},{"damage":29,"enemies":"Slime Boss","floor":16,"turns":7},{"damage":13,"enemies":"Spheric Guardian","floor":18,"turns":4},{"damage":15,"enemies":"Chosen","floor":19,"turns":4},{"damage":9,"enemies":"3 Cultists","floor":21,"turns":5},{"damage":27,"enemies":"Snake Plant","floor":22,"turns":4},{"damage":45,"enemies":"Gremlin Leader","floor":23,"turns":5}],"seed_played":"389563744659603844","potions_obtained":[{"floor":1,"key":"SneckoOil"},{"floor":7,"key":"Ancient Potion"},{"floor":10,"key":"Swift Potion"},{"floor":14,"key":"Ancient Potion"},{"floor":19,"key":"SpeedPotion"},{"floor":22,"key":"Weak Potion"}],"is_trial":false,"path_per_floor":["M","M","M","M","?","R","E","R","T","E","T","E","R","M","R","B",null,"M","M","?","M","M","E"],"character_chosen":"IRONCLAD","items_purchased":[],"campfire_rested":0,"item_purchase_floors":[],"current_hp_per_floor":[80,79,81,80,80,80,54,54,54,54,54,54,54,60,60,37,71,64,55,55,52,31,0],"gold":332,"neow_bonus":"TEN_PERCENT_HP_BONUS","is_prod":false,"is_daily":false,"chose_seed":false,"campfire_upgraded":4,"win_rate":0,"timestamp":1569790699,"path_taken":["M","?","M","M","?","R","E","R","T","E","?","E","R","M","R","BOSS","M","M","?","M","M","E"],"build_version":"2019-09-27","purchased_purges":0,"victory":false,"max_hp_per_floor":[82,82,82,82,82,82,82,82,82,82,82,82,82,82,82,82,82,82,82,82,82,82,82],"card_choices":[{"not_picked":["Corruption","Havoc"],"picked":"Anger","floor":1},{"not_picked":["Heavy Blade","Anger","Warcry"],"picked":"SKIP","floor":2},{"not_picked":["Sword Boomerang","Wild Strike"],"picked":"Inflame","floor":3},{"not_picked":["Anger","Clash","Iron Wave"],"picked":"SKIP","floor":4},{"not_picked":["Armaments","Dropkick"],"picked":"Immolate","floor":7},{"not_picked":["Brutality","Perfected Strike"],"picked":"Seeing Red","floor":10},{"not_picked":["Intimidate","Warcry"],"picked":"True Grit","floor":12},{"not_picked":["Body Slam","Warcry"],"picked":"Armaments","floor":14},{"not_picked":["Exhume","Berserk"],"picked":"Impervious","floor":16},{"not_picked":["Cleave","Armaments"],"picked":"True Grit+1","floor":18},{"not_picked":["Perfected Strike","Wild Strike"],"picked":"Sword Boomerang+1","floor":19},{"not_picked":["Searing Blow","Perfected Strike"],"picked":"Juggernaut","floor":21},{"not_picked":["Perfected Strike","Whirlwind"],"picked":"Spot Weakness+1","floor":22}],"player_experience":1116097,"relics_obtained":[{"floor":7,"key":"Ice Cream"},{"floor":9,"key":"Thread and Needle"},{"floor":10,"key":"Nunchaku"},{"floor":12,"key":"Dream Catcher"}],"event_choices":[{"damage_healed":0,"gold_gain":0,"player_choice":"Grow","damage_taken":0,"max_hp_gain":0,"max_hp_loss":0,"event_name":"Living Wall","floor":5,"gold_loss":0,"cards_upgraded":["Inflame"]},{"damage_healed":0,"gold_gain":0,"player_choice":"Ignored","damage_taken":0,"max_hp_gain":0,"max_hp_loss":0,"event_name":"The Mausoleum","floor":20,"gold_loss":0}],"is_beta":true,"boss_relics":[{"not_picked":["Tiny House","Philosopher\u0027s Stone"],"picked":"Ectoplasm"}],"items_purged_floors":[],"is_endless":false,"potions_floor_spawned":[1,7,10,14,19,22],"killed_by":"Gremlin Leader","ascension_level":20}