{"gold_per_floor":[114,129,144,159,174,204,204,219,219,234,249,264,279,309,309,409,409,424,424,439,89,139,139,139,169,169,184,199,0,0,15,15,115,165,180,195,195,195,195,195,210,210,210,225,225,240,90,105,105,105],"floor_reached":51,"playtime":2096,"items_purged":[],"score":862,"play_id":"488d8b4d-d31d-41d9-a1e8-2fa924575044","local_time":"20190318223519","daily_mods":["Insanity","Hoarder","Lethality"],"is_ascension_mode":false,"campfire_choices":[{"floor":7.0,"key":"DIG"},{"floor":15.0,"key":"REST"},{"floor":23,"key":"DIG"},{"floor":32,"key":"DIG"},{"floor":40,"key":"DIG"},{"floor":42,"key":"DIG"},{"floor":45,"key":"DIG"},{"floor":49,"key":"DIG"}],"neow_cost":"","seed_source_timestamp":0,"circlet_count":0,"master_deck":["Choke+1","Poisoned Stab+1","Dagger Spray+1","Caltrops+1","Poisoned Stab+1","Dodge and Roll+1","Outmaneuver+1","Deflect+1","PiercingWail+1","Dagger Throw+1","Bane+1","Choke+1","Deadly Poison+1","Backflip+1","Dodge and Roll+1","Blade Dance+1","Slice+1","Acrobatics+1","Sucker Punch+1","Quick Slash+1","Catalyst+1","Masterful Stab+1","Outmaneuver+1","Accuracy+1","Prepared+1","Dagger Spray+1","Calculated Gamble+1","Cloak And Dagger+1","Deflect+1","Dagger Spray+1","Escape Plan+1","Skewer+1","Dagger Throw+1","Deadly Poison+1","Calculated Gamble+1","Concentrate+1","Dagger Throw+1","Acrobatics+1","Dash+1","Bane+1","Deadly Poison+1","Masterful Stab+1","Escape Plan+1","Distraction+1","Slice+1","Finisher+1","Sucker Punch+1","Skewer+1","Outmaneuver+1","Footwork+1","Footwork+1","Footwork+1","Backstab+1","Backstab+1","Backstab+1","Wraith Form v2+1","Wraith Form v2+1","Wraith Form v2+1","Cloak And Dagger+1","Cloak And Dagger+1","Cloak And Dagger+1","PanicButton+1","PanicButton+1","PanicButton+1","Neutralize+1","Neutralize+1","Neutralize+1","Glass Knife+1","Glass Knife+1","Glass Knife+1"],"special_seed":17974,"relics":["Ring of the Snake","Shovel","Matryoshka","Question Card","Boot","Juzu Bracelet","Busted Crown","PreservedInsect","Lee\u0027s Waffle","War Paint","Dream Catcher","Ornamental Fan","Nilry\u0027s Codex","Potion Belt","Shuriken","Blue Candle","Tiny House","Mark of the Bloom","Sundial","The Specimen","Incense Burner","Omamori","Bag of Marbles","Bird Faced Urn"],"potions_floor_usage":[33,33,46,50,50,50,50],"damage_taken":[{"damage":0.0,"enemies":"2 Louse","floor":1.0,"turns":1.0},{"damage":0.0,"enemies":"Cultist","floor":2.0,"turns":2.0},{"damage":0.0,"enemies":"Jaw Worm","floor":3.0,"turns":1.0},{"damage":0.0,"enemies":"Large Slime","floor":4.0,"turns":3.0},{"damage":0.0,"enemies":"Blue Slaver","floor":5.0,"turns":1.0},{"damage":20.0,"enemies":"3 Sentries","floor":6.0,"turns":4.0},{"damage":0.0,"enemies":"Looter","floor":8.0,"turns":2.0},{"damage":0.0,"enemies":"Red Slaver","floor":10.0,"turns":1.0},{"damage":1.0,"enemies":"2 Fungi Beasts","floor":11.0,"turns":2.0},{"damage":0.0,"enemies":"Exordium Wildlife","floor":12.0,"turns":1.0},{"damage":0.0,"enemies":"Large Slime","floor":13.0,"turns":1.0},{"damage":0.0,"enemies":"Gremlin Nob","floor":14.0,"turns":2.0},{"damage":54.0,"enemies":"Hexaghost","floor":16.0,"turns":4.0},{"damage":0.0,"enemies":"3 Byrds","floor":18.0,"turns":2.0},{"damage":5,"enemies":"Shell Parasite","floor":20,"turns":3},{"damage":0,"enemies":"Book of Stabbing","floor":25,"turns":2},{"damage":0,"enemies":"Snake Plant","floor":27,"turns":2},{"damage":0,"enemies":"Centurion and Healer","floor":28,"turns":1},{"damage":0,"enemies":"3 Cultists","floor":31,"turns":4},{"damage":17,"enemies":"Collector","floor":33,"turns":5},{"damage":0,"enemies":"Orb Walker","floor":35,"turns":1},{"damage":3,"enemies":"3 Shapes","floor":36,"turns":2},{"damage":0,"enemies":"Writhing Mass","floor":41,"turns":3},{"damage":0,"enemies":"3 Darklings","floor":44,"turns":3},{"damage":3,"enemies":"4 Shapes","floor":46,"turns":5},{"damage":0,"enemies":"Spire Growth","floor":48,"turns":2},{"damage":0,"enemies":"Donu and Deca","floor":50,"turns":6}],"seed_played":"5487330294901235935","potions_obtained":[{"floor":1.0,"key":"Fire Potion"},{"floor":4.0,"key":"Weak Potion"},{"floor":10.0,"key":"GamblersBrew"},{"floor":12.0,"key":"SkillPotion"},{"floor":16.0,"key":"Dexterity Potion"},{"floor":20,"key":"GhostInAJar"},{"floor":25,"key":"SkillPotion"},{"floor":28,"key":"EssenceOfSteel"},{"floor":34,"key":"SneckoOil"},{"floor":41,"key":"Weak Potion"},{"floor":44,"key":"Fire Potion"},{"floor":46,"key":"Weak Potion"},{"floor":48,"key":"LiquidBronze"}],"is_trial":false,"path_per_floor":["M","M","M","M","M","E","R","M","T","M","M","M","M","E","R","B",null,"M","?","M","$","T","R","?","E","T","M","M","?","?","M","R","B",null,"M","M","?","?","?","R","M","R","T","M","R","M","$","M","R","B",null],"character_chosen":"THE_SILENT","items_purchased":["PreservedInsect","Lee\u0027s Waffle","Bag of Marbles"],"campfire_rested":1,"item_purchase_floors":[21,21,47],"current_hp_per_floor":[70,70,70,70,70,50,50,50,50,50,49,49,49,49,70,16,70,70,70,65,77,77,77,61,61,61,61,61,61,61,61,61,44,82,82,79,71,71,71,71,71,71,71,71,71,68,68,68,68,68],"gold":105,"neow_bonus":"","is_prod":false,"is_daily":true,"chose_seed":false,"campfire_upgraded":0,"win_rate":0,"timestamp":1552962919,"path_taken":["M","M","M","M","M","E","R","M","T","M","M","M","M","E","R","BOSS","M","?","M","$","?","R","?","E","T","M","M","?","?","M","R","BOSS","M","M","?","?","?","R","M","R","T","M","R","M","$","M","R","BOSS"],"build_version":"2019-01-23","purchased_purges":0,"victory":true,"max_hp_per_floor":[70,70,70,70,70,70,70,70,70,70,70,70,70,70,70,70,70,70,70,70,77,77,77,77,77,77,77,77,77,77,77,77,77,82,82,82,82,82,82,82,82,82,82,82,82,82,82,82,82,82],"card_choices":[{"not_picked":["Deflect","Eviscerate","Heel Hook"],"picked":"SKIP","floor":1.0},{"not_picked":["Outmaneuver","Accuracy","Bouncing Flask"],"picked":"SKIP","floor":2.0},{"not_picked":["Reflex","Blade Dance","Escape Plan"],"picked":"SKIP","floor":3.0},{"not_picked":["Dagger Spray","Bouncing Flask","Underhanded Strike"],"picked":"SKIP","floor":4.0},{"not_picked":["Poisoned Stab","PiercingWail","Cloak And Dagger"],"picked":"SKIP","floor":5.0},{"not_picked":["Bouncing Flask","Reflex","Skewer"],"picked":"SKIP","floor":6.0},{"not_picked":["Escape Plan","Poisoned Stab","Blur"],"picked":"SKIP","floor":8.0},{"not_picked":["Dagger Throw","Prepared","Deadly Poison","Outmaneuver"],"picked":"SKIP","floor":10.0},{"not_picked":["Setup","Leg Sweep","Night Terror"],"picked":"Footwork","floor":11.0},{"not_picked":["Outmaneuver","Underhanded Strike","Dagger Throw"],"picked":"Backstab","floor":12.0},{"not_picked":["Escape Plan","Slice","Quick Slash","Flying Knee"],"picked":"SKIP","floor":13.0},{"not_picked":["Deadly Poison","Slice","Leg Sweep","Acrobatics"],"picked":"SKIP","floor":14.0},{"not_picked":["Envenom","Venomology","Grand Finale"],"picked":"Wraith Form v2","floor":16.0},{"not_picked":["Quick Slash","Poisoned Stab"],"picked":"SKIP","floor":18},{"not_picked":["Quick Slash","Terror+1"],"picked":"SKIP","floor":20},{"not_picked":["Acrobatics+1","Accuracy"],"picked":"SKIP","floor":25},{"not_picked":["Slice+1","PiercingWail"],"picked":"SKIP","floor":27},{"not_picked":["Predator","Heel Hook"],"picked":"SKIP","floor":28},{"not_picked":["Sucker Punch","Backflip"],"picked":"SKIP","floor":31},{"not_picked":["Envenom"],"picked":"Glass Knife","floor":33},{"not_picked":["Sucker Punch+1","Flying Knee+1"],"picked":"SKIP","floor":35},{"not_picked":["Underhanded Strike+1","PiercingWail+1"],"picked":"SKIP","floor":36},{"not_picked":["Backflip","Flechettes"],"picked":"SKIP","floor":41},{"not_picked":["Outmaneuver","Prepared"],"picked":"SKIP","floor":44},{"not_picked":["Skewer","Cloak And Dagger+1"],"picked":"SKIP","floor":46},{"not_picked":["Acrobatics+1","Blade Dance+1"],"picked":"SKIP","floor":48}],"player_experience":91048,"relics_obtained":[{"floor":6.0,"key":"Shovel"},{"floor":7.0,"key":"Matryoshka"},{"floor":9.0,"key":"Question Card"},{"floor":9.0,"key":"Boot"},{"floor":14.0,"key":"Juzu Bracelet"},{"floor":22,"key":"War Paint"},{"floor":22,"key":"Dream Catcher"},{"floor":23,"key":"Ornamental Fan"},{"floor":24,"key":"Nilry\u0027s Codex"},{"floor":25,"key":"Potion Belt"},{"floor":26,"key":"Shuriken"},{"floor":32,"key":"Blue Candle"},{"floor":40,"key":"Sundial"},{"floor":42,"key":"The Specimen"},{"floor":43,"key":"Incense Burner"},{"floor":45,"key":"Omamori"},{"floor":49,"key":"Bird Faced Urn"}],"event_choices":[{"damage_healed":0,"gold_gain":0,"player_choice":"3 cards matched","damage_taken":0,"max_hp_gain":0,"max_hp_loss":0,"event_name":"Match and Keep!","floor":19,"gold_loss":0,"cards_obtained":["Cloak And Dagger","PanicButton","Neutralize"]},{"damage_healed":0,"gold_gain":0,"player_choice":"Obtained Book","damage_taken":16,"max_hp_gain":0,"max_hp_loss":0,"event_name":"Cursed Tome","floor":24,"gold_loss":0},{"damage_healed":0,"gold_gain":0,"player_choice":"Paid Fearfully","damage_taken":0,"max_hp_gain":0,"max_hp_loss":0,"event_name":"Masked Bandits","floor":29,"gold_loss":199},{"damage_healed":0,"gold_gain":0,"player_choice":"Ignored","damage_taken":0,"max_hp_gain":0,"max_hp_loss":0,"event_name":"Ghosts","floor":30,"gold_loss":0},{"damage_healed":0,"gold_gain":0,"player_choice":"Damaged","damage_taken":8,"max_hp_gain":0,"max_hp_loss":0,"event_name":"Wheel of Change","floor":37,"gold_loss":0},{"cards_removed":["Distraction"],"damage_healed":0,"gold_gain":0,"player_choice":"Removed Skill","damage_taken":0,"max_hp_gain":0,"max_hp_loss":0,"event_name":"Falling","floor":38,"gold_loss":0},{"damage_healed":0,"gold_gain":0,"player_choice":"Upgrade","damage_taken":0,"relics_obtained":["Mark of the Bloom"],"max_hp_gain":0,"max_hp_loss":0,"event_name":"MindBloom","floor":39,"gold_loss":0,"cards_upgraded":["Choke","Poisoned Stab","Dagger Spray","Caltrops","Poisoned Stab","Dodge and Roll","Outmaneuver","Deflect","PiercingWail","Dagger Throw","Bane","Choke","Deadly Poison","Backflip","Dodge and Roll","Slice","Acrobatics","Sucker Punch","Quick Slash","Catalyst","Masterful Stab","Outmaneuver","Accuracy","Prepared","Dagger Spray","Calculated Gamble","Cloak And Dagger","Deflect","Dagger Spray","Escape Plan","Skewer","Dagger Throw","Deadly Poison","Calculated Gamble","Concentrate","Dagger Throw","Acrobatics","Dash","Bane","Deadly Poison","Masterful Stab","Escape Plan","Distraction","Finisher","Sucker Punch","Skewer","Footwork","Footwork","Footwork","Backstab","Backstab","Backstab","Wraith Form v2","Wraith Form v2","Wraith Form v2","Cloak And Dagger","Cloak And Dagger","Cloak And Dagger","PanicButton","PanicButton","PanicButton","Neutralize","Neutralize","Neutralize","Glass Knife","Glass Knife","Glass Knife"]}],"is_beta":false,"boss_relics":[{"not_picked":["Sozu","WristBlade"],"picked":"Busted Crown"},{"not_picked":["Cursed Key","Philosopher\u0027s Stone"],"picked":"Tiny House"}],"items_purged_floors":[],"is_endless":false,"potions_floor_spawned":[1,4,10,12,13,14,16,20,25,28,41,44,46,48],"ascension_level":0}