{"gold_per_floor":[109,109,109,24,47,81,81,81,105,129,200,200,200],"floor_reached":13,"playtime":212,"items_purged":[],"score":232,"play_id":"22828353-9ce6-48ca-9609-3ec3b2486a26","local_time":"20190930122859","is_ascension_mode":true,"campfire_choices":[{"data":"Combust","floor":7.0,"key":"SMITH"},{"data":"Inflame","floor":12.0,"key":"SMITH"}],"neow_cost":"NONE","seed_source_timestamp":1167505096572100,"circlet_count":0,"master_deck":["AscendersBane","Strike_R","Strike_R","Strike_R","Strike_R","Defend_R","Defend_R","Defend_R","Defend_R","Bash","Anger","Combust+1","Shrug It Off","Limit Break","Inflame+1","Bludgeon"],"special_seed":0,"relics":["Burning Blood","NeowsBlessing","Golden Idol","Centennial Puzzle","Darkstone Periapt","Potion Belt","Tiny Chest"],"potions_floor_usage":[],"damage_taken":[{"damage":0.0,"enemies":"Jaw Worm","floor":1.0,"turns":1.0},{"damage":0.0,"enemies":"Cultist","floor":5.0,"turns":1.0},{"damage":0.0,"enemies":"3 Sentries","floor":6.0,"turns":1.0},{"damage":0.0,"enemies":"2 Louse","floor":10.0,"turns":2.0},{"damage":15.0,"enemies":"Lagavulin","floor":11.0,"turns":5.0},{"damage":32,"enemies":"Gremlin Nob","floor":13,"turns":3}],"seed_played":"-97011168605416509","potions_obtained":[{"floor":6.0,"key":"Ancient Potion"},{"floor":10.0,"key":"SkillPotion"}],"is_trial":false,"path_per_floor":["M","?","?","$","M","E","R","?","T","M","E","R","E"],"character_chosen":"IRONCLAD","items_purchased":["Regen Potion"],"campfire_rested":0,"item_purchase_floors":[4],"current_hp_per_floor":[74,48,13,13,19,25,25,25,25,36,27,27,0],"gold":200,"neow_bonus":"THREE_ENEMY_KILL","is_prod":false,"is_daily":false,"chose_seed":false,"campfire_upgraded":2,"win_rate":0,"timestamp":1569871739,"path_taken":["M","?","?","$","M","E","R","?","T","?","E","R","E"],"build_version":"2019-09-27","purchased_purges":0,"victory":false,"max_hp_per_floor":[75,75,75,75,75,75,75,75,75,75,75,75,75],"card_choices":[{"not_picked":["Armaments","True Grit"],"picked":"Anger","floor":1.0},{"not_picked":["Warcry","Armaments"],"picked":"Combust","floor":5.0},{"not_picked":["Rage","Infernal Blade"],"picked":"Shrug It Off","floor":6.0},{"not_picked":["Pommel Strike","Battle Trance"],"picked":"Inflame","floor":10.0},{"not_picked":["Evolve","Iron Wave"],"picked":"Bludgeon","floor":11.0}],"player_experience":1140068,"relics_obtained":[{"floor":6.0,"key":"Darkstone Periapt"},{"floor":9.0,"key":"Potion Belt"},{"floor":11.0,"key":"Tiny Chest"}],"event_choices":[{"damage_healed":0.0,"max_hp_gain":0.0,"max_hp_loss":0.0,"gold_gain":0.0,"event_name":"Golden Idol","player_choice":"Take Damage","floor":2.0,"gold_loss":0.0,"damage_taken":26.0,"relics_obtained":["Golden Idol"]},{"damage_healed":0.0,"max_hp_gain":0.0,"max_hp_loss":0.0,"gold_gain":0.0,"event_name":"Scrap Ooze","player_choice":"Success","floor":3.0,"gold_loss":0.0,"damage_taken":35.0,"relics_obtained":["Centennial Puzzle"]},{"damage_healed":0.0,"max_hp_gain":0.0,"max_hp_loss":0.0,"gold_gain":0.0,"cards_transformed":["Strike_R"],"event_name":"Transmorgrifier","player_choice":"Transformed","floor":8.0,"gold_loss":0.0,"damage_taken":0.0,"cards_obtained":["Limit Break"]}],"is_beta":true,"boss_relics":[],"items_purged_floors":[],"is_endless":false,"potions_floor_spawned":[6,10],"killed_by":"Gremlin Nob","ascension_level":20}