{"gold_per_floor":[109,122,33,43,59,59,69,80,80,100,25,25,57,75,75,175,175,192,209,70,88,58,87,87,87],"floor_reached":25,"playtime":1654,"items_purged":["Strike_R","Dual Wield"],"score":227,"play_id":"fba5477f-e62e-4e86-9afc-498c02743f0a","local_time":"20190310115221","is_ascension_mode":false,"campfire_choices":[{"data":"Whirlwind","floor":6.0,"key":"SMITH"},{"floor":12,"key":"REST"},{"floor":15,"key":"REST"},{"floor":24,"key":"REST"}],"neow_cost":"NONE","seed_source_timestamp":0,"circlet_count":0,"master_deck":["Strike_R","Strike_R","Strike_R","Strike_R","Defend_R","Defend_R","Defend_R","Defend_R","Bash","Body Slam","Whirlwind+1","Armaments","Juggernaut","Carnage","Power Through","Dark Embrace","Spot Weakness+1","Burning Pact","Spot Weakness","Intimidate"],"special_seed":0,"relics":["Black Blood","Bag of Preparation","Potion Belt","Vajra"],"potions_floor_usage":[13,16,23,23,23],"damage_taken":[{"damage":6.0,"enemies":"Cultist","floor":1.0,"turns":3.0},{"damage":13.0,"enemies":"Jaw Worm","floor":2.0,"turns":3.0},{"damage":0.0,"enemies":"2 Louse","floor":4.0,"turns":1.0},{"damage":33.0,"enemies":"Large Slime","floor":5.0,"turns":8.0},{"damage":0.0,"enemies":"Exordium Thugs","floor":7.0,"turns":3.0},{"damage":10,"enemies":"Looter","floor":8,"turns":4},{"damage":11,"enemies":"2 Fungi Beasts","floor":10,"turns":3},{"damage":30,"enemies":"3 Sentries","floor":13,"turns":6},{"damage":12,"enemies":"Blue Slaver","floor":14,"turns":5},{"damage":59,"enemies":"Slime Boss","floor":16,"turns":10},{"damage":42,"enemies":"Chosen","floor":18,"turns":8},{"damage":14,"enemies":"3 Byrds","floor":19,"turns":6},{"damage":28,"enemies":"Snake Plant","floor":21,"turns":5},{"damage":44,"enemies":"Slavers","floor":23,"turns":4},{"damage":49,"enemies":"Centurion and Healer","floor":25,"turns":6}],"seed_played":"-4395955164431813456","potions_obtained":[{"floor":2.0,"key":"SkillPotion"},{"floor":8,"key":"Ancient Potion"},{"floor":10,"key":"Fire Potion"},{"floor":14,"key":"LiquidBronze"},{"floor":19,"key":"BloodPotion"},{"floor":22,"key":"Fire Potion"},{"floor":22,"key":"Regen Potion"},{"floor":23,"key":"Weak Potion"}],"is_trial":false,"path_per_floor":["M","M","$","M","M","R","M","M","T","M","$","R","E","M","R","B",null,"M","M","$","M","?","E","R","M"],"character_chosen":"IRONCLAD","items_purchased":["Whirlwind","Armaments","Spot Weakness"],"campfire_rested":3,"item_purchase_floors":[3,3,20],"current_hp_per_floor":[88,81,81,87,60,60,66,62,62,57,57,83,59,53,79,26,88,56,52,52,34,34,20,46,0],"gold":87,"neow_bonus":"TEN_PERCENT_HP_BONUS","is_prod":false,"is_daily":false,"chose_seed":false,"campfire_upgraded":1,"win_rate":0.0,"timestamp":1552233141,"path_taken":["M","M","$","M","M","R","?","M","T","M","$","R","E","M","R","BOSS","M","M","$","M","?","E","R","M"],"build_version":"2019-01-23","purchased_purges":2,"victory":false,"max_hp_per_floor":[88,88,88,88,88,88,88,88,88,88,88,88,88,88,88,88,88,88,88,88,88,88,88,88,88],"card_choices":[{"not_picked":["Anger","True Grit","Cleave"],"picked":"SKIP","floor":1.0},{"not_picked":["Sever Soul","Flex"],"picked":"Body Slam","floor":2.0},{"not_picked":["Body Slam","Sever Soul","Anger"],"picked":"SKIP","floor":4.0},{"not_picked":["Power Through","Anger"],"picked":"Dual Wield","floor":5.0},{"not_picked":["Anger","Shrug It Off"],"picked":"Juggernaut","floor":7.0},{"not_picked":["Anger","Iron Wave"],"picked":"Carnage","floor":8},{"not_picked":["Searing Blow","Cleave","Carnage"],"picked":"SKIP","floor":10},{"not_picked":["Fiend Fire","Offering"],"picked":"Power Through","floor":13},{"not_picked":["Iron Wave","Sword Boomerang","Warcry"],"picked":"SKIP","floor":14},{"not_picked":["Fiend Fire","Impervious"],"picked":"Dark Embrace","floor":16},{"not_picked":["Sword Boomerang","Cleave"],"picked":"Spot Weakness+1","floor":18},{"not_picked":["Flex+1","Anger"],"picked":"Burning Pact","floor":19},{"not_picked":["Twin Strike+1","Whirlwind","Thunderclap+1"],"picked":"SKIP","floor":21},{"not_picked":["Headbutt","Thunderclap+1"],"picked":"Intimidate","floor":23}],"player_experience":6114,"relics_obtained":[{"floor":9,"key":"Bag of Preparation"},{"floor":13,"key":"Potion Belt"},{"floor":23,"key":"Vajra"}],"event_choices":[{"damage_healed":0,"gold_gain":0,"player_choice":"Bought 2 Potions","damage_taken":0,"max_hp_gain":0,"max_hp_loss":0,"event_name":"The Woman in Blue","floor":22,"gold_loss":0}],"is_beta":false,"boss_relics":[{"not_picked":["Philosopher\u0027s Stone","Runic Cube"],"picked":"Black Blood"}],"items_purged_floors":[11,20],"is_endless":false,"potions_floor_spawned":[2,8,10,14,19,23],"killed_by":"Centurion and Healer","ascension_level":0}