{"gold_per_floor":[110,110,60,74,44,44,78,78,102,117,133,133,166,181,181,255,255,272,272,292,292,309,338,338,371,371,381,381,98,117,127,127,199,199,209,209,227,239,250,250,282,282,282,314,326,326,134,162,162,162],"floor_reached":50,"playtime":4936,"items_purged":["Strike_G","Pain"],"score":1142,"play_id":"e846c268-8ff2-454f-a051-b460c44d423b","local_time":"20190917072453","is_ascension_mode":true,"campfire_choices":[{"data":"Neutralize","floor":6,"key":"SMITH"},{"data":"Die Die Die","floor":8,"key":"SMITH"},{"data":"Crippling Poison","floor":12,"key":"SMITH"},{"data":"Caltrops","floor":15,"key":"SMITH"},{"floor":24,"key":"REST"},{"data":"Catalyst","floor":28,"key":"SMITH"},{"floor":32,"key":"REST"},{"data":"Burst","floor":40,"key":"SMITH"},{"floor":42,"key":"REST"},{"floor":49,"key":"RECALL"}],"neow_cost":"NONE","seed_source_timestamp":282088400689100,"circlet_count":0,"master_deck":["AscendersBane","Strike_G","Strike_G+1","Strike_G","Defend_G","Defend_G","Defend_G","Defend_G","Defend_G","Survivor","Neutralize+1","Backflip","Deflect","Die Die Die+1","Crippling Poison+1","PiercingWail","Caltrops+1","Corpse Explosion","Dagger Spray","Backflip","Bouncing Flask","Expertise+1","Clumsy","Catalyst+1","Backflip","Blind","Poisoned Stab+1","Burst+1","Caltrops+1","Catalyst","PiercingWail","Acrobatics","Deadly Poison+1"],"relics":["Ring of the Snake","NeowsBlessing","Dodecahedron","Singing Bowl","Lantern","Regal Pillow","Cursed Key","Unceasing Top","Bag of Preparation","Du-Vu Doll","Runic Pyramid","Whetstone","Question Card","Thread and Needle"],"potions_floor_usage":[16,16,25,50],"damage_taken":[{"damage":0,"enemies":"Jaw Worm","floor":1,"turns":1},{"damage":0,"enemies":"2 Louse","floor":4,"turns":1},{"damage":0,"enemies":"Lagavulin","floor":7,"turns":1},{"damage":0,"enemies":"Cultist","floor":10,"turns":4},{"damage":0,"enemies":"Exordium Wildlife","floor":11,"turns":2},{"damage":14,"enemies":"3 Sentries","floor":13,"turns":9},{"damage":7,"enemies":"Exordium Thugs","floor":14,"turns":5},{"damage":24,"enemies":"The Guardian","floor":16,"turns":17},{"damage":2,"enemies":"2 Thieves","floor":18,"turns":4},{"damage":1,"enemies":"3 Byrds","floor":20,"turns":2},{"damage":17,"enemies":"Shelled Parasite and Fungi","floor":22,"turns":7},{"damage":12,"enemies":"Slavers","floor":23,"turns":3},{"damage":6,"enemies":"Book of Stabbing","floor":25,"turns":5},{"damage":1,"enemies":"Snake Plant","floor":27,"turns":4},{"damage":10,"enemies":"Centurion and Healer","floor":30,"turns":3},{"damage":0,"enemies":"Chosen and Byrds","floor":31,"turns":4},{"damage":60,"enemies":"Automaton","floor":33,"turns":8},{"damage":8,"enemies":"3 Shapes","floor":35,"turns":3},{"damage":1,"enemies":"3 Darklings","floor":37,"turns":2},{"damage":0,"enemies":"Transient","floor":38,"turns":5},{"damage":15,"enemies":"Jaw Worm Horde","floor":39,"turns":3},{"damage":16,"enemies":"Reptomancer","floor":41,"turns":4},{"damage":23,"enemies":"Giant Head","floor":44,"turns":5},{"damage":7,"enemies":"3 Darklings","floor":45,"turns":2},{"damage":0,"enemies":"Reptomancer","floor":48,"turns":2},{"damage":41,"enemies":"Donu and Deca","floor":50,"turns":5}],"seed_played":"14777170282847226","potions_obtained":[{"floor":5,"key":"Swift Potion"},{"floor":5,"key":"SpeedPotion"},{"floor":7,"key":"Fire Potion"},{"floor":23,"key":"Block Potion"},{"floor":25,"key":"LiquidBronze"}],"is_trial":false,"path_per_floor":["M","?","?","M","?","R","E","R","T","M","M","R","E","M","R","B",null,"M","?","M","?","M","E","R","E","T","M","R","$","M","M","R","B",null,"M","?","M","M","M","R","E","R","T","E","M","T","$","E","R","B"],"character_chosen":"THE_SILENT","items_purchased":["Backflip","Blind","GhostInAJar","PiercingWail","Acrobatics"],"campfire_rested":3,"item_purchase_floors":[29,29,29,47,47],"current_hp_per_floor":[59,52,52,52,52,52,52,52,52,52,54,54,40,33,33,9,53,51,39,38,31,14,4,41,35,35,34,34,34,26,26,64,4,59,53,53,52,52,39,39,25,64,64,43,38,38,38,38,38,0],"gold":162,"neow_bonus":"THREE_ENEMY_KILL","is_prod":false,"is_daily":false,"chose_seed":false,"campfire_upgraded":6,"win_rate":0,"timestamp":1568672693,"path_taken":["M","?","?","?","?","R","E","R","T","M","M","R","E","M","R","BOSS","M","?","M","?","?","E","R","E","T","M","R","$","?","M","R","BOSS","M","?","M","M","M","R","E","R","T","E","M","?","$","E","R","BOSS"],"build_version":"2019-09-16","purchased_purges":2,"victory":false,"max_hp_per_floor":[66,66,66,66,66,66,66,66,66,66,68,68,68,68,68,68,68,68,73,73,73,73,75,75,75,75,75,75,75,77,77,77,77,77,79,79,79,79,81,81,83,83,83,85,87,87,87,87,87,87],"card_choices":[{"not_picked":["Bane","Sucker Punch"],"picked":"Backflip","floor":1},{"not_picked":["Blur","Prepared"],"picked":"Deflect","floor":4},{"not_picked":["PiercingWail","Poisoned Stab"],"picked":"Die Die Die","floor":7},{"not_picked":["Outmaneuver","Finisher"],"picked":"Crippling Poison","floor":10},{"not_picked":["Flechettes","Masterful Stab","Outmaneuver"],"picked":"Singing Bowl","floor":11},{"not_picked":["Flying Knee","Underhanded Strike"],"picked":"PiercingWail","floor":13},{"not_picked":["Finisher","PiercingWail"],"picked":"Caltrops","floor":14},{"not_picked":["Die Die Die","Burst"],"picked":"Corpse Explosion","floor":16},{"not_picked":["Flying Knee","Cloak And Dagger"],"picked":"Dagger Spray","floor":18},{"not_picked":["Reflex+1","Flying Knee"],"picked":"Backflip","floor":20},{"not_picked":["Endless Agony","PiercingWail"],"picked":"Bouncing Flask","floor":22},{"not_picked":["Terror","Predator+1","Reflex+1"],"picked":"Singing Bowl","floor":23},{"not_picked":["Sucker Punch","Dagger Spray"],"picked":"Expertise+1","floor":25},{"not_picked":["Cloak And Dagger","Doppelganger"],"picked":"Catalyst","floor":27},{"not_picked":["Sucker Punch","Acrobatics","Bane+1"],"picked":"Singing Bowl","floor":30},{"not_picked":["PiercingWail","Cloak And Dagger"],"picked":"Poisoned Stab","floor":31},{"not_picked":["Die Die Die","Bullet Time"],"picked":"Burst","floor":33},{"not_picked":["Deflect","Accuracy","Poisoned Stab"],"picked":"Singing Bowl","floor":35},{"not_picked":["Underhanded Strike","Dodge and Roll"],"picked":"Caltrops+1","floor":37},{"not_picked":["Bane+1","Backflip"],"picked":"Catalyst","floor":38},{"not_picked":["Accuracy","Calculated Gamble","Cloak And Dagger"],"picked":"Singing Bowl","floor":39},{"not_picked":["Choke","Slice","Sucker Punch"],"picked":"Singing Bowl","floor":41},{"not_picked":["Poisoned Stab","Slice","Bullet Time"],"picked":"Singing Bowl","floor":44},{"not_picked":["Dagger Spray","Dodge and Roll","Underhanded Strike","Backstab+1"],"picked":"Singing Bowl","floor":45},{"not_picked":["Skewer","Deflect","A Thousand Cuts"],"picked":"Deadly Poison+1","floor":48}],"player_experience":756646,"relics_obtained":[{"floor":7,"key":"Singing Bowl"},{"floor":9,"key":"Lantern"},{"floor":13,"key":"Regal Pillow"},{"floor":23,"key":"Unceasing Top"},{"floor":25,"key":"Bag of Preparation"},{"floor":26,"key":"Du-Vu Doll"},{"floor":41,"key":"Whetstone"},{"floor":44,"key":"Question Card"},{"floor":48,"key":"Thread and Needle"}],"event_choices":[{"damage_healed":0,"gold_gain":0,"player_choice":"Success","damage_taken":7,"relics_obtained":["Dodecahedron"],"max_hp_gain":0,"max_hp_loss":0,"event_name":"Scrap Ooze","floor":2,"gold_loss":0},{"cards_removed":["Strike_G"],"damage_healed":0,"gold_gain":0,"player_choice":"Card Removal","damage_taken":0,"max_hp_gain":0,"max_hp_loss":0,"event_name":"The Cleric","floor":3,"gold_loss":50},{"damage_healed":0,"gold_gain":0,"player_choice":"Bought 2 Potions","damage_taken":0,"max_hp_gain":0,"max_hp_loss":0,"event_name":"The Woman in Blue","floor":5,"gold_loss":0},{"damage_healed":0,"gold_gain":0,"player_choice":"Shed Blood","damage_taken":17,"max_hp_gain":5,"max_hp_loss":0,"event_name":"Forgotten Altar","floor":19,"gold_loss":0},{"damage_healed":0,"gold_gain":0,"player_choice":"Damaged","damage_taken":7,"max_hp_gain":0,"max_hp_loss":0,"event_name":"Wheel of Change","floor":21,"gold_loss":0},{"damage_healed":0,"gold_gain":0,"player_choice":"Ignored","damage_taken":0,"max_hp_gain":0,"max_hp_loss":0,"event_name":"Tomb of Lord Red Mask","floor":36,"gold_loss":0}],"is_beta":true,"boss_relics":[{"not_picked":["SacredBark","Empty Cage"],"picked":"Cursed Key"},{"not_picked":["Astrolabe","Snecko Eye"],"picked":"Runic Pyramid"}],"items_purged_floors":[29,47],"is_endless":false,"potions_floor_spawned":[7,10,11,23,25,30,31,37,39,44],"killed_by":"Donu and Deca","ascension_level":14}