{"gold_per_floor":[118,136,151,163,177,207,207,217,217,217,38,56,74,106,106,202,202,217,228,30,49,60,60,73,107,156,156],"floor_reached":27,"playtime":1805,"items_purged":[],"score":276,"play_id":"070c93a8-3dde-4f0e-a03f-e69c02737df0","local_time":"20190311235700","is_ascension_mode":false,"campfire_choices":[{"data":"Defragment","floor":7,"key":"SMITH"},{"floor":10,"key":"REST"},{"floor":15,"key":"REST"},{"data":"Storm","floor":23,"key":"SMITH"}],"neow_cost":"NONE","seed_source_timestamp":44880739637124,"circlet_count":0,"master_deck":["Strike_B","Strike_B","Strike_B","Strike_B","Defend_B","Defend_B","Defend_B","Defend_B","Zap+1","Dualcast","Defragment+1","Sweeping Beam","Beam Cell","Thunder Strike","Capacitor","Conserve Battery","Auto Shields","Gash","Storm","Storm+1","Gash","Echo Form","Gash+1","Hello World+1","Buffer","Defragment+1"],"relics":["Cracked Core","Bag of Marbles","Strawberry","Blood Vial","Mango","Black Star","MealTicket","Omamori","Molten Egg 2","Juzu Bracelet"],"potions_floor_usage":[13,16,21,22,24,25,27],"damage_taken":[{"damage":0,"enemies":"Small Slimes","floor":1,"turns":3},{"damage":2,"enemies":"2 Louse","floor":2,"turns":3},{"damage":1,"enemies":"Jaw Worm","floor":3,"turns":3},{"damage":9,"enemies":"Blue Slaver","floor":4,"turns":3},{"damage":8,"enemies":"3 Louse","floor":5,"turns":2},{"damage":21,"enemies":"Lagavulin","floor":6,"turns":7},{"damage":0,"enemies":"Large Slime","floor":8,"turns":4},{"damage":6,"enemies":"Red Slaver","floor":12,"turns":3},{"damage":0,"enemies":"Gremlin Gang","floor":13,"turns":1},{"damage":18,"enemies":"3 Sentries","floor":14,"turns":5},{"damage":12,"enemies":"Slime Boss","floor":16,"turns":7},{"damage":0,"enemies":"Chosen","floor":18,"turns":4},{"damage":25,"enemies":"Spheric Guardian","floor":19,"turns":6},{"damage":19,"enemies":"Cultist and Chosen","floor":21,"turns":6},{"damage":16,"enemies":"Sentry and Sphere","floor":22,"turns":5},{"damage":11,"enemies":"Centurion and Healer","floor":24,"turns":6},{"damage":31,"enemies":"Book of Stabbing","floor":25,"turns":5},{"damage":5,"enemies":"Shelled Parasite and Fungi","floor":27,"turns":1}],"seed_played":"-3094668193295511337","potions_obtained":[{"floor":4,"key":"Explosive Potion"},{"floor":6,"key":"Swift Potion"},{"floor":12,"key":"Energy Potion"},{"floor":13,"key":"Energy Potion"},{"floor":19,"key":"GamblersBrew"},{"floor":21,"key":"Weak Potion"},{"floor":22,"key":"Explosive Potion"}],"is_trial":false,"path_per_floor":["M","M","M","M","M","E","R","M","T","R","$","M","M","E","R","B",null,"M","M","$","M","M","R","M","E","T","M"],"character_chosen":"DEFECT","items_purchased":["Blood Vial","Gash","MealTicket"],"campfire_rested":2,"item_purchase_floors":[11,11,20],"current_hp_per_floor":[75,73,72,63,55,34,34,34,41,65,65,61,63,61,89,79,96,96,71,71,54,40,40,31,2,2,0],"gold":156,"neow_bonus":"UPGRADE_CARD","is_prod":false,"is_daily":false,"chose_seed":false,"campfire_upgraded":2,"win_rate":0.0,"timestamp":1552363020,"path_taken":["M","M","M","M","M","E","R","M","T","R","$","M","M","E","R","BOSS","M","M","$","M","M","R","M","E","T","M"],"build_version":"2019-01-23","purchased_purges":0,"victory":false,"max_hp_per_floor":[75,75,75,75,75,75,75,75,82,82,82,82,82,96,96,96,96,96,96,96,96,96,96,96,96,96,96],"card_choices":[{"not_picked":["Coolheaded","Leap"],"picked":"Defragment","floor":1},{"not_picked":["Steam","Compile Driver"],"picked":"Sweeping Beam","floor":2},{"not_picked":["BootSequence","Redo"],"picked":"Beam Cell","floor":3},{"not_picked":["Conserve Battery","Rebound"],"picked":"Thunder Strike","floor":4},{"not_picked":["Sweeping Beam","Steam Power"],"picked":"Capacitor","floor":5},{"not_picked":["Coolheaded","Barrage"],"picked":"Conserve Battery","floor":6},{"not_picked":["Beam Cell","Streamline"],"picked":"Auto Shields","floor":8},{"not_picked":["Sunder","Fusion"],"picked":"Storm","floor":12},{"not_picked":["Ball Lightning","Redo"],"picked":"Storm","floor":13},{"not_picked":["Turbo","Multi-Cast"],"picked":"Gash","floor":14},{"not_picked":["Amplify","Creative AI"],"picked":"Echo Form","floor":16},{"not_picked":["Redo","Self Repair","Streamline"],"picked":"SKIP","floor":18},{"not_picked":["Chaos","Sweeping Beam"],"picked":"Gash+1","floor":19},{"not_picked":["Leap","Conserve Battery"],"picked":"Hello World+1","floor":21},{"not_picked":["Rebound","Sweeping Beam+1"],"picked":"Buffer","floor":22},{"not_picked":["Reinforced Body","Darkness"],"picked":"Defragment+1","floor":24},{"not_picked":["Go for the Eyes","Compile Driver","Barrage+1"],"picked":"SKIP","floor":25}],"player_experience":34253,"relics_obtained":[{"floor":6,"key":"Bag of Marbles"},{"floor":9,"key":"Strawberry"},{"floor":14,"key":"Mango"},{"floor":25,"key":"Omamori"},{"floor":25,"key":"Molten Egg 2"},{"floor":26,"key":"Juzu Bracelet"}],"event_choices":[],"is_beta":false,"boss_relics":[{"not_picked":["Inserter","Empty Cage"],"picked":"Black Star"}],"items_purged_floors":[],"is_endless":false,"potions_floor_spawned":[4,6,12,13,14,19,21,22],"killed_by":"Shelled Parasite and Fungi","ascension_level":0}