{"gold_per_floor":[11,27,27,27,41,73,84,117,141,91,91,108,127,147,147,221,221,240,165,177,177,189,189,204,204,253,265,265,296,17,17,17,91,91,103,25,25,25,0,29,29,63,142,160,172,172,182,49,49,49,49,49,49,22,51,51],"floor_reached":56,"playtime":4933,"items_purged":["Strike_R","Strike_R","Strike_R"],"score":1924,"play_id":"53bea6a9-bb05-4e53-93de-68bf26a88e7e","local_time":"20190929172145","is_ascension_mode":true,"campfire_choices":[{"data":"Bash","floor":11,"key":"SMITH"},{"data":"Inflame","floor":15,"key":"SMITH"},{"floor":23,"key":"REST"},{"floor":25,"key":"REST"},{"floor":28,"key":"REST"},{"data":"Limit Break","floor":32,"key":"SMITH"},{"floor":46,"key":"REST"},{"floor":49,"key":"RECALL"},{"floor":53,"key":"REST"}],"neow_cost":"NO_GOLD","seed_source_timestamp":167737590421800,"circlet_count":0,"master_deck":["AscendersBane","Defend_R","Defend_R","Defend_R","Defend_R","Bash+1","Immolate","Burning Pact","Fire Breathing","Ghostly Armor","Inflame+1","Sword Boomerang","Disarm","Battle Trance","Offering","Spot Weakness","Battle Trance+1","Limit Break+1","Shrug It Off","Pummel+1","Fiend Fire","Limit Break+1","Shockwave","Heavy Blade+1","Exhume"],"relics":["Burning Blood","Smiling Mask","Potion Belt","Vajra","SacredBark","Lantern","InkBottle","MealTicket","Membership Card","Red Skull","SlaversCollar","Red Mask","CloakClasp","Anchor","PreservedInsect","Bag of Marbles"],"potions_floor_usage":[8,16,22,27,29,33,33,44,47,51,51,55,56,56],"damage_taken":[{"damage":1,"enemies":"Cultist","floor":1,"turns":3},{"damage":3,"enemies":"2 Louse","floor":2,"turns":2},{"damage":4,"enemies":"Jaw Worm","floor":5,"turns":5},{"damage":15,"enemies":"3 Sentries","floor":6,"turns":4},{"damage":0,"enemies":"Lots of Slimes","floor":7,"turns":1},{"damage":8,"enemies":"Gremlin Nob","floor":8,"turns":3},{"damage":8,"enemies":"Looter","floor":12,"turns":4},{"damage":6,"enemies":"3 Louse","floor":13,"turns":3},{"damage":10,"enemies":"Exordium Thugs","floor":14,"turns":4},{"damage":52,"enemies":"Hexaghost","floor":16,"turns":11},{"damage":25,"enemies":"Spheric Guardian","floor":18,"turns":4},{"damage":31,"enemies":"Shell Parasite","floor":20,"turns":5},{"damage":13,"enemies":"Snake Plant","floor":22,"turns":3},{"damage":22,"enemies":"Snecko","floor":24,"turns":5},{"damage":34,"enemies":"Sentry and Sphere","floor":27,"turns":5},{"damage":6,"enemies":"Gremlin Leader","floor":29,"turns":4},{"damage":28,"enemies":"Automaton","floor":33,"turns":6},{"damage":44,"enemies":"3 Darklings","floor":35,"turns":4},{"damage":40,"enemies":"Reptomancer","floor":40,"turns":3},{"damage":32,"enemies":"Nemesis","floor":42,"turns":3},{"damage":0,"enemies":"Orb Walker","floor":44,"turns":2},{"damage":10,"enemies":"Writhing Mass","floor":45,"turns":5},{"damage":0,"enemies":"Spire Growth","floor":47,"turns":2},{"damage":36,"enemies":"Time Eater","floor":50,"turns":6},{"damage":49,"enemies":"Awakened One","floor":51,"turns":4},{"damage":56,"enemies":"Shield and Spear","floor":55,"turns":4},{"damage":48,"enemies":"The Heart","floor":56,"turns":2}],"seed_played":"-5573968170191442519","potions_obtained":[{"floor":1,"key":"Energy Potion"},{"floor":2,"key":"Fire Potion"},{"floor":8,"key":"SpeedPotion"},{"floor":16,"key":"Fire Potion"},{"floor":18,"key":"Explosive Potion"},{"floor":22,"key":"Explosive Potion"},{"floor":29,"key":"SmokeBomb"},{"floor":33,"key":"SteroidPotion"},{"floor":40,"key":"PowerPotion"},{"floor":44,"key":"Swift Potion"},{"floor":47,"key":"BloodPotion"},{"floor":55,"key":"Fire Potion"}],"is_trial":false,"path_per_floor":["M","M","$","?","M","E","M","E","T","$","R","M","M","M","R","B",null,"M","?","M","T","M","R","M","R","T","M","R","E","$","?","R","B",null,"M","$","?","$","?","E","$","E","T","M","M","R","M","$","R","B","B",null,"R","$","E","B"],"character_chosen":"IRONCLAD","items_purchased":["Membership Card","Red Skull","Dexterity Potion","Strength Potion","PreservedInsect","PowerPotion"],"campfire_rested":5,"item_purchase_floors":[30,30,30,36,48,54],"current_hp_per_floor":[73,75,75,75,75,66,72,70,70,70,70,68,68,64,64,18,61,42,42,17,17,10,32,16,38,38,10,32,32,47,47,47,25,63,25,40,40,55,55,21,36,10,10,16,12,34,40,55,55,25,12,59,75,75,25,0],"gold":51,"neow_bonus":"THREE_RARE_CARDS","is_prod":false,"is_daily":false,"chose_seed":false,"campfire_upgraded":3,"win_rate":0,"timestamp":1569745305,"path_taken":["M","M","?","?","M","E","M","E","T","$","R","?","M","M","R","BOSS","M","?","M","?","M","R","?","R","T","M","R","E","$","?","R","BOSS","M","$","?","?","?","E","?","E","T","M","?","R","M","$","R","BOSS","BOSS","R","$","E","BOSS"],"build_version":"2019-09-27","purchased_purges":3,"victory":false,"max_hp_per_floor":[75,75,75,75,75,75,75,75,75,75,75,75,75,75,75,75,75,75,75,75,75,75,75,75,75,75,75,75,75,75,75,75,75,75,75,75,75,75,75,75,75,75,75,75,75,75,75,75,75,75,75,75,75,75,75,75],"card_choices":[{"not_picked":["Berserk","Dark Embrace"],"picked":"Immolate","floor":0},{"not_picked":["Cleave","Havoc"],"picked":"Burning Pact","floor":1},{"not_picked":["Infernal Blade","Body Slam"],"picked":"Fire Breathing","floor":2},{"not_picked":["Clash","Sword Boomerang"],"picked":"Ghostly Armor","floor":5},{"not_picked":["Limit Break","Hemokinesis"],"picked":"Inflame","floor":6},{"not_picked":["Pommel Strike","Clothesline"],"picked":"Sword Boomerang","floor":7},{"not_picked":["True Grit","Evolve"],"picked":"Disarm","floor":8},{"not_picked":["Heavy Blade","Burning Pact","Perfected Strike"],"picked":"SKIP","floor":12},{"not_picked":["Dropkick","Sentinel","Corruption"],"picked":"SKIP","floor":13},{"not_picked":["Spot Weakness","True Grit"],"picked":"Battle Trance","floor":14},{"not_picked":["Berserk","Brutality"],"picked":"Offering","floor":16},{"not_picked":["Reckless Charge","Armaments"],"picked":"Spot Weakness","floor":18},{"not_picked":["Headbutt+1","Sword Boomerang+1"],"picked":"Battle Trance+1","floor":20},{"not_picked":["Havoc","Thunderclap"],"picked":"Limit Break","floor":22},{"not_picked":["Body Slam","Rampage"],"picked":"Shrug It Off","floor":24},{"not_picked":["Cleave","Body Slam","Perfected Strike"],"picked":"SKIP","floor":27},{"not_picked":["Heavy Blade","Feel No Pain"],"picked":"Pummel+1","floor":29},{"not_picked":["Immolate","Brutality"],"picked":"Fiend Fire","floor":33},{"not_picked":["Pommel Strike+1","Twin Strike","Heavy Blade"],"picked":"SKIP","floor":35},{"not_picked":["Anger","Cleave"],"picked":"Shockwave","floor":40},{"not_picked":["Rampage+1","Havoc","Thunderclap"],"picked":"SKIP","floor":42},{"not_picked":["True Grit","Battle Trance+1","Havoc"],"picked":"SKIP","floor":44},{"not_picked":["Burning Pact","Hemokinesis+1"],"picked":"Heavy Blade+1","floor":45},{"not_picked":["Searing Blow","Armaments"],"picked":"Exhume","floor":47},{"not_picked":["Fiend Fire","Metallicize","Body Slam"],"picked":"SKIP","floor":55}],"player_experience":872801,"relics_obtained":[{"floor":6,"key":"Smiling Mask"},{"floor":8,"key":"Potion Belt"},{"floor":9,"key":"Vajra"},{"floor":21,"key":"Lantern"},{"floor":26,"key":"InkBottle"},{"floor":29,"key":"MealTicket"},{"floor":40,"key":"CloakClasp"},{"floor":42,"key":"Anchor"},{"floor":55,"key":"Bag of Marbles"}],"event_choices":[{"cards_removed":["Strike_R"],"damage_healed":0,"gold_gain":0,"player_choice":"Offered Basic","damage_taken":0,"max_hp_gain":0,"max_hp_loss":0,"event_name":"Bonfire Elementals","floor":4,"gold_loss":0},{"cards_removed":["Strike_R"],"damage_healed":0,"gold_gain":0,"player_choice":"Gave Gold","damage_taken":0,"max_hp_gain":0,"max_hp_loss":0,"event_name":"Beggar","floor":19,"gold_loss":75},{"damage_healed":0,"gold_gain":0,"player_choice":"Ignored","damage_taken":0,"max_hp_gain":0,"max_hp_loss":0,"event_name":"Vampires","floor":31,"gold_loss":0},{"damage_healed":0,"gold_gain":0,"player_choice":"Copied","damage_taken":0,"max_hp_gain":0,"max_hp_loss":0,"event_name":"Duplicator","floor":37,"gold_loss":0,"cards_obtained":["Limit Break"]},{"damage_healed":0,"gold_gain":0,"player_choice":"Paid","damage_taken":0,"relics_obtained":["Red Mask"],"max_hp_gain":0,"max_hp_loss":0,"event_name":"Tomb of Lord Red Mask","floor":39,"gold_loss":25}],"is_beta":true,"boss_relics":[{"not_picked":["Empty Cage","Black Star"],"picked":"SacredBark"},{"not_picked":["Pandora\u0027s Box","Sozu"],"picked":"SlaversCollar"}],"items_purged_floors":[10,36,48],"is_endless":false,"potions_floor_spawned":[1,2,8,16,18,22,29,33,40,42,44,47,55],"killed_by":"The Heart","ascension_level":20}