{"gold_per_floor":[118,132,132,151,170,170,185,217,242,242,242,266,304,324,324,447,447,468,488,16,31,31,31,52,52,107,107,125,41,62,85,85,85],"floor_reached":33,"playtime":2427,"items_purged":["Night Terror"],"score":263,"play_id":"f7a10c7f-091f-40af-94f6-d51301342aff","local_time":"20190311222818","is_ascension_mode":false,"campfire_choices":[{"data":"Bouncing Flask","floor":6,"key":"SMITH"},{"data":"Deadly Poison","floor":10,"key":"SMITH"},{"floor":15,"key":"REST"},{"floor":23,"key":"REST"},{"floor":27,"key":"REST"},{"floor":32,"key":"REST"}],"neow_cost":"NONE","seed_source_timestamp":40035723788039,"circlet_count":0,"master_deck":["Defend_G","Defend_G","Defend_G","Defend_G","Defend_G","Strike_G","Strike_G","Strike_G","Strike_G","Strike_G","Survivor","Neutralize","Madness","PiercingWail","Reflex","Bouncing Flask+1","Terror","Deadly Poison+1","Poisoned Stab","Acrobatics","Catalyst","Dash","Decay","Writhe","Decay","Backstab+1","Well Laid Plans","Bouncing Flask+1","Crippling Poison+1","PiercingWail","Footwork+1","Outmaneuver"],"relics":["Ring of the Snake","Incense Burner","Smiling Mask","Golden Idol","Dream Catcher","Calling Bell","Boot","Meat on the Bone","Ice Cream","Frozen Egg 2","Blood Vial","MutagenicStrength","Tiny Chest"],"potions_floor_usage":[8,8,19,22,33,33],"damage_taken":[{"damage":1,"enemies":"Jaw Worm","floor":1,"turns":5},{"damage":0,"enemies":"Small Slimes","floor":2,"turns":4},{"damage":0,"enemies":"2 Louse","floor":4,"turns":3},{"damage":0,"enemies":"Looter","floor":5,"turns":5},{"damage":9,"enemies":"Exordium Wildlife","floor":7,"turns":5},{"damage":26,"enemies":"3 Sentries","floor":8,"turns":9},{"damage":0,"enemies":"Exordium Thugs","floor":12,"turns":7},{"damage":30,"enemies":"Gremlin Nob","floor":13,"turns":4},{"damage":17,"enemies":"Large Slime","floor":14,"turns":6},{"damage":2,"enemies":"Hexaghost","floor":16,"turns":9},{"damage":7,"enemies":"Chosen","floor":18,"turns":4},{"damage":12,"enemies":"3 Byrds","floor":19,"turns":3},{"damage":0,"enemies":"Snecko","floor":21,"turns":4},{"damage":15,"enemies":"Colosseum Slavers","floor":22,"turns":6},{"damage":45,"enemies":"3 Cultists","floor":24,"turns":6},{"damage":30,"enemies":"Cultist and Chosen","floor":28,"turns":7},{"damage":7,"enemies":"Snecko","floor":30,"turns":4},{"damage":26,"enemies":"Centurion and Healer","floor":31,"turns":7},{"damage":47,"enemies":"Automaton","floor":33,"turns":6}],"seed_played":"3025270579254606988","potions_obtained":[{"floor":4,"key":"Regen Potion"},{"floor":7,"key":"Fire Potion"},{"floor":8,"key":"Explosive Potion"},{"floor":14,"key":"SpeedPotion"},{"floor":16,"key":"SpeedPotion"},{"floor":21,"key":"SteroidPotion"},{"floor":24,"key":"Swift Potion"},{"floor":31,"key":"Block Potion"}],"is_trial":false,"path_per_floor":["M","M","?","M","M","R","M","E","T","R","?","M","E","M","R","B",null,"M","M","$","M","?","R","M","?","T","R","M","$","M","M","R","B"],"character_chosen":"THE_SILENT","items_purchased":["Well Laid Plans","Frozen Egg 2","Blood Vial","Footwork+1"],"campfire_rested":4,"item_purchase_floors":[20,20,20,29],"current_hp_per_floor":[69,69,69,69,69,69,60,49,49,49,49,49,19,2,21,19,65,58,46,46,48,35,54,23,23,23,42,26,26,33,21,40,0],"gold":85,"neow_bonus":"RANDOM_COLORLESS","is_prod":false,"is_daily":false,"chose_seed":false,"campfire_upgraded":2,"win_rate":0.0,"timestamp":1552357698,"path_taken":["M","M","?","M","M","R","M","E","T","R","?","M","E","M","R","BOSS","M","M","$","M","?","R","M","?","T","R","M","?","?","M","R","BOSS"],"build_version":"2019-01-23","purchased_purges":1,"victory":false,"max_hp_per_floor":[70,70,70,70,70,70,70,70,70,70,65,65,65,65,65,65,65,65,65,65,65,65,65,65,65,65,65,65,65,65,65,65,65],"card_choices":[{"not_picked":["Blade Dance","Backflip"],"picked":"PiercingWail","floor":1},{"not_picked":["Quick Slash","Flying Knee"],"picked":"Reflex","floor":2},{"not_picked":["Terror","Flying Knee"],"picked":"Bouncing Flask","floor":4},{"not_picked":["Slice","Dodge and Roll"],"picked":"Terror","floor":5},{"not_picked":["Backflip","Bane"],"picked":"Deadly Poison","floor":7},{"not_picked":["Deflect","Deadly Poison"],"picked":"Poisoned Stab","floor":8},{"not_picked":["Quick Slash","Prepared"],"picked":"Acrobatics","floor":12},{"not_picked":["Eviscerate","Outmaneuver","Dagger Throw"],"picked":"SKIP","floor":13},{"not_picked":["Flechettes","Phantasmal Killer"],"picked":"Catalyst","floor":14},{"not_picked":["All Out Attack","Quick Slash"],"picked":"Dash","floor":15},{"not_picked":["Phantasmal Killer","A Thousand Cuts"],"picked":"Night Terror","floor":16},{"not_picked":["Dagger Spray","Calculated Gamble","Slice+1"],"picked":"SKIP","floor":18},{"not_picked":["Sucker Punch","Flying Knee"],"picked":"Backstab+1","floor":19},{"not_picked":["Dagger Throw+1","Blade Dance","Dash"],"picked":"SKIP","floor":21},{"not_picked":["Sucker Punch","PiercingWail+1"],"picked":"Bouncing Flask+1","floor":23},{"not_picked":["Flying Knee","Bullet Time"],"picked":"Crippling Poison+1","floor":24},{"not_picked":["Deadly Poison","Skewer"],"picked":"PiercingWail","floor":28},{"not_picked":["Predator","Flechettes"],"picked":"Outmaneuver","floor":30},{"not_picked":["PiercingWail","Heel Hook","Prepared"],"picked":"SKIP","floor":31}],"player_experience":29647,"relics_obtained":[{"floor":8,"key":"Incense Burner"},{"floor":9,"key":"Smiling Mask"},{"floor":13,"key":"Dream Catcher"},{"floor":17,"key":"Boot"},{"floor":17,"key":"Meat on the Bone"},{"floor":17,"key":"Ice Cream"},{"floor":26,"key":"Tiny Chest"}],"event_choices":[{"damage_healed":0,"gold_gain":0,"player_choice":"Ignored","damage_taken":0,"max_hp_gain":0,"max_hp_loss":0,"event_name":"Liars Game","floor":3,"gold_loss":0},{"damage_healed":0,"gold_gain":0,"player_choice":"Lose Max HP","damage_taken":0,"relics_obtained":["Golden Idol"],"max_hp_gain":0,"max_hp_loss":5,"event_name":"Golden Idol","floor":11,"gold_loss":0},{"damage_healed":0,"gold_gain":0,"player_choice":"Fight","damage_taken":0,"max_hp_gain":0,"max_hp_loss":0,"event_name":"Colosseum","floor":22,"gold_loss":0},{"damage_healed":0,"gold_gain":0,"player_choice":"Fled From Nobs","damage_taken":0,"max_hp_gain":0,"max_hp_loss":0,"event_name":"Colosseum","floor":22,"gold_loss":0},{"damage_healed":0,"gold_gain":0,"player_choice":"Inject Mutagens","damage_taken":0,"relics_obtained":["MutagenicStrength"],"max_hp_gain":0,"max_hp_loss":0,"event_name":"Drug Dealer","floor":25,"gold_loss":0}],"is_beta":false,"boss_relics":[{"not_picked":["Busted Crown","Coffee Dripper"],"picked":"Calling Bell"}],"items_purged_floors":[29],"is_endless":false,"potions_floor_spawned":[4,7,8,14,16,21,24,31],"killed_by":"Automaton","ascension_level":0}