{"gold_per_floor":[113,123,141,154,119,119,119,269,269,269,287,287,18,38,38,116,116,130,142,159,48,48,48,58,58,137,137,137,155,165,181,181,181],"floor_reached":33,"playtime":2425,"items_purged":["Doubt"],"score":422,"play_id":"6905ac7b-19d5-4adc-83a7-9365b5d6463c","local_time":"20190831093511","is_ascension_mode":true,"campfire_choices":[{"data":"Armaments","floor":6,"key":"SMITH"},{"data":"Bash","floor":12,"key":"SMITH"},{"data":"Fiend Fire","floor":15,"key":"SMITH"},{"floor":23,"key":"REST"},{"data":"Immolate","floor":27,"key":"SMITH"},{"floor":32,"key":"REST"}],"neow_cost":"NONE","seed_source_timestamp":152562595812400,"circlet_count":0,"master_deck":["AscendersBane","Strike_R+1","Strike_R+1","Strike_R+1","Strike_R+1","Defend_R+1","Defend_R+1","Defend_R+1","Defend_R+1","Bash+1","Limit Break","Sword Boomerang","Armaments+1","Clothesline","Dropkick","Rampage","Flex","Fiend Fire+1","Immolate+1","Shrug It Off","Evolve","Second Wind"],"relics":["Burning Blood","Pen Nib","Busted Crown","Ornamental Fan","Kunai"],"potions_floor_usage":[16,19,24],"damage_taken":[{"damage":5,"enemies":"Cultist","floor":1,"turns":4},{"damage":9,"enemies":"Jaw Worm","floor":2,"turns":4},{"damage":11,"enemies":"Small Slimes","floor":3,"turns":4},{"damage":15,"enemies":"3 Louse","floor":4,"turns":4},{"damage":11,"enemies":"2 Fungi Beasts","floor":11,"turns":4},{"damage":6,"enemies":"Red Slaver","floor":14,"turns":3},{"damage":43,"enemies":"The Guardian","floor":16,"turns":14},{"damage":11,"enemies":"2 Thieves","floor":18,"turns":4},{"damage":25,"enemies":"Shell Parasite","floor":19,"turns":5},{"damage":18,"enemies":"Sentry and Sphere","floor":20,"turns":4},{"damage":35,"enemies":"Centurion and Healer","floor":24,"turns":5},{"damage":13,"enemies":"Cultist and Chosen","floor":29,"turns":6},{"damage":11,"enemies":"Snake Plant","floor":30,"turns":3},{"damage":7,"enemies":"Snecko","floor":31,"turns":4},{"damage":71,"enemies":"Collector","floor":33,"turns":6}],"seed_played":"-8674533884088478068","potions_obtained":[{"floor":4,"key":"Dexterity Potion"},{"floor":14,"key":"Ancient Potion"},{"floor":16,"key":"BloodPotion"},{"floor":19,"key":"PowerPotion"},{"floor":24,"key":"Energy Potion"}],"is_trial":false,"path_per_floor":["M","M","M","M","?","R","?","?","T","?","M","R","$","M","R","B",null,"M","M","M","$","?","R","M","?","T","R","T","M","M","M","R","B"],"character_chosen":"IRONCLAD","items_purchased":["Flex","Fiend Fire","Evolve","Regen Potion"],"campfire_rested":2,"item_purchase_floors":[13,13,21,21],"current_hp_per_floor":[69,66,61,52,70,70,75,75,75,75,70,70,70,70,70,33,68,63,64,52,52,29,54,39,39,39,39,39,32,27,26,51,0],"gold":181,"neow_bonus":"ONE_RANDOM_RARE_CARD","is_prod":false,"is_daily":false,"chose_seed":false,"campfire_upgraded":4,"win_rate":0,"timestamp":1567211711,"path_taken":["M","?","M","M","?","R","?","?","T","?","?","R","$","M","R","BOSS","M","M","M","$","?","R","M","?","T","R","?","M","M","M","R","BOSS"],"build_version":"2019-07-17","purchased_purges":1,"victory":false,"max_hp_per_floor":[75,75,75,75,75,75,80,80,80,80,80,80,80,80,80,80,80,80,80,80,80,85,85,85,85,85,85,85,85,85,85,85,85],"card_choices":[{"not_picked":["Iron Wave","Dropkick"],"picked":"Sword Boomerang","floor":1},{"not_picked":["Headbutt","Havoc"],"picked":"Armaments","floor":2},{"not_picked":["Combust","Sever Soul"],"picked":"Clothesline","floor":3},{"not_picked":["Dual Wield","Sword Boomerang","Warcry"],"picked":"SKIP","floor":4},{"not_picked":["Heavy Blade","True Grit"],"picked":"Rampage","floor":11},{"not_picked":["Iron Wave","Headbutt","Anger"],"picked":"SKIP","floor":14},{"not_picked":["Berserk","Brutality"],"picked":"Immolate","floor":16},{"not_picked":[],"picked":"Shrug It Off","floor":18},{"not_picked":["Fire Breathing"],"picked":"SKIP","floor":19},{"not_picked":["Body Slam"],"picked":"SKIP","floor":20},{"not_picked":[],"picked":"Second Wind","floor":24},{"not_picked":["Sword Boomerang"],"picked":"SKIP","floor":29},{"not_picked":["Anger"],"picked":"SKIP","floor":30},{"not_picked":["Havoc"],"picked":"SKIP","floor":31}],"player_experience":513109,"relics_obtained":[{"floor":9,"key":"Pen Nib"},{"floor":26,"key":"Ornamental Fan"},{"floor":28,"key":"Kunai"}],"event_choices":[{"damage_healed":18,"gold_gain":0,"player_choice":"Healed","damage_taken":0,"max_hp_gain":0,"max_hp_loss":0,"event_name":"The Cleric","floor":5,"gold_loss":35},{"damage_healed":0,"gold_gain":0,"player_choice":"Donut","damage_taken":0,"max_hp_gain":5,"max_hp_loss":0,"event_name":"Big Fish","floor":7,"gold_loss":0},{"damage_healed":0,"gold_gain":150,"player_choice":"AGREE","damage_taken":0,"max_hp_gain":0,"max_hp_loss":0,"event_name":"Liars Game","floor":8,"gold_loss":0,"cards_obtained":["Doubt"]},{"damage_healed":0,"gold_gain":0,"cards_transformed":["Strike_R"],"player_choice":"Transformed","damage_taken":0,"max_hp_gain":0,"max_hp_loss":0,"event_name":"Transmorgrifier","floor":10,"gold_loss":0,"cards_obtained":["Dropkick"]},{"damage_healed":0,"gold_gain":0,"player_choice":"Shed Blood","damage_taken":28,"max_hp_gain":5,"max_hp_loss":0,"event_name":"Forgotten Altar","floor":22,"gold_loss":0},{"damage_healed":0,"gold_gain":0,"player_choice":"Simplicity","damage_taken":0,"max_hp_gain":0,"max_hp_loss":0,"event_name":"Back to Basics","floor":25,"gold_loss":0,"cards_upgraded":["Strike_R","Strike_R","Strike_R","Strike_R","Defend_R","Defend_R","Defend_R","Defend_R"]}],"is_beta":false,"boss_relics":[{"not_picked":["Philosopher\u0027s Stone","Black Star"],"picked":"Busted Crown"}],"items_purged_floors":[13],"is_endless":false,"potions_floor_spawned":[4,14,16,19,24,29],"killed_by":"Collector","ascension_level":15}