{"gold_per_floor":[119,119,133,133,186,186,221,240,240,220,246,117,130,161,161,234,234,252,252,264,19,36,36,70,70,70,70,85,85,99,116,116,116],"floor_reached":33,"playtime":1653,"items_purged":[],"score":543,"play_id":"3e110e45-203a-46b1-b254-86aaf234c76f","local_time":"20190831105537","is_ascension_mode":true,"campfire_choices":[{"data":"Bash","floor":6,"key":"SMITH"},{"data":"Armaments","floor":15,"key":"SMITH"},{"floor":23,"key":"REST"},{"floor":25,"key":"REST"},{"floor":32,"key":"REST"}],"neow_cost":"NONE","seed_source_timestamp":158162380704600,"circlet_count":0,"master_deck":["AscendersBane","Strike_R","Strike_R","Strike_R","Strike_R","Defend_R","Defend_R","Defend_R","Defend_R","Bash+1","Clothesline","Cleave","Pommel Strike","Metallicize","Rampage","Armaments+1","Barricade","Immolate","Battle Trance","Dark Embrace","True Grit","Entrench+1","Feel No Pain","Uppercut+1","Burning Pact+1","Power Through+1"],"relics":["Burning Blood","NeowsBlessing","Ornamental Fan","PreservedInsect","Matryoshka","Lantern","Sozu","Toxic Egg 2","Omamori","Dream Catcher","Question Card"],"potions_floor_usage":[11,24],"damage_taken":[{"damage":0,"enemies":"2 Louse","floor":1,"turns":1},{"damage":0,"enemies":"Cultist","floor":3,"turns":1},{"damage":0,"enemies":"Gremlin Nob","floor":7,"turns":1},{"damage":0,"enemies":"Small Slimes","floor":8,"turns":3},{"damage":5,"enemies":"3 Sentries","floor":11,"turns":5},{"damage":12,"enemies":"Exordium Thugs","floor":13,"turns":4},{"damage":29,"enemies":"Gremlin Nob","floor":14,"turns":5},{"damage":47,"enemies":"Hexaghost","floor":16,"turns":11},{"damage":20,"enemies":"2 Thieves","floor":18,"turns":4},{"damage":8,"enemies":"Chosen","floor":20,"turns":6},{"damage":35,"enemies":"Snake Plant","floor":22,"turns":4},{"damage":35,"enemies":"Gremlin Leader","floor":24,"turns":6},{"damage":8,"enemies":"Chosen and Byrds","floor":28,"turns":6},{"damage":20,"enemies":"Centurion and Healer","floor":30,"turns":8},{"damage":19,"enemies":"3 Cultists","floor":31,"turns":6},{"damage":37,"enemies":"Collector","floor":33,"turns":3}],"seed_played":"184762516195031288","potions_obtained":[{"floor":7,"key":"Swift Potion"},{"floor":10,"key":"Fire Potion"},{"floor":11,"key":"Ancient Potion"}],"is_trial":false,"path_per_floor":["M","?","M","?","?","R","E","M","T","?","E","$","M","E","R","B",null,"M","?","M","$","M","R","E","R","T","?","M","?","M","M","R","B"],"character_chosen":"IRONCLAD","items_purchased":["Rampage","Armaments","Toxic Egg 2"],"campfire_rested":3,"item_purchase_floors":[12,12,21],"current_hp_per_floor":[74,79,80,80,80,80,80,80,80,80,80,80,74,51,51,10,63,49,49,47,47,18,42,13,37,37,37,35,35,21,8,32,0],"gold":116,"neow_bonus":"THREE_ENEMY_KILL","is_prod":false,"is_daily":false,"chose_seed":false,"campfire_upgraded":2,"win_rate":0,"timestamp":1567216537,"path_taken":["M","?","M","?","?","R","E","M","T","?","E","$","?","E","R","BOSS","M","?","M","?","M","R","E","R","T","?","M","?","?","M","R","BOSS"],"build_version":"2019-07-17","purchased_purges":0,"victory":false,"max_hp_per_floor":[75,80,80,80,80,80,80,80,80,80,80,80,80,80,80,80,80,80,80,80,80,80,80,80,80,80,80,80,80,80,80,80,80],"card_choices":[{"not_picked":["Sword Boomerang","Shrug It Off"],"picked":"Clothesline","floor":1},{"not_picked":["Shrug It Off","Dropkick"],"picked":"Cleave","floor":3},{"not_picked":["Infernal Blade","Cleave","True Grit"],"picked":"SKIP","floor":7},{"not_picked":["Feel No Pain","Flex"],"picked":"Pommel Strike","floor":8},{"not_picked":["Entrench","Power Through"],"picked":"Metallicize","floor":11},{"not_picked":["Flex","Blood for Blood"],"picked":"Barricade","floor":13},{"not_picked":["Iron Wave","Infernal Blade","True Grit"],"picked":"SKIP","floor":14},{"not_picked":["Offering","Berserk"],"picked":"Immolate","floor":16},{"not_picked":["Fire Breathing","Heavy Blade"],"picked":"Battle Trance","floor":18},{"not_picked":["Twin Strike","Inflame"],"picked":"True Grit","floor":20},{"not_picked":["True Grit+1","Wild Strike"],"picked":"Entrench+1","floor":22},{"not_picked":["Combust","Sever Soul"],"picked":"Feel No Pain","floor":24},{"not_picked":["Body Slam+1","Warcry+1","Dropkick"],"picked":"Uppercut+1","floor":28},{"not_picked":["Wild Strike","Infernal Blade+1","Dark Embrace","Thunderclap"],"picked":"SKIP","floor":30},{"not_picked":["Anger","Iron Wave","Thunderclap+1"],"picked":"Burning Pact+1","floor":31},{"not_picked":["Shrug It Off+1","True Grit+1","Clash"],"picked":"Power Through+1","floor":32}],"player_experience":518656,"relics_obtained":[{"floor":7,"key":"Ornamental Fan"},{"floor":9,"key":"PreservedInsect"},{"floor":11,"key":"Matryoshka"},{"floor":14,"key":"Lantern"},{"floor":24,"key":"Omamori"},{"floor":26,"key":"Dream Catcher"},{"floor":26,"key":"Question Card"}],"event_choices":[{"damage_healed":0,"gold_gain":0,"player_choice":"Donut","damage_taken":0,"max_hp_gain":5,"max_hp_loss":0,"event_name":"Big Fish","floor":2,"gold_loss":0},{"damage_healed":0,"gold_gain":0,"player_choice":"Ignored","damage_taken":0,"max_hp_gain":0,"max_hp_loss":0,"event_name":"Liars Game","floor":4,"gold_loss":0},{"damage_healed":0,"gold_gain":53,"player_choice":"Gained Gold","damage_taken":0,"max_hp_gain":0,"max_hp_loss":0,"event_name":"Golden Wing","floor":5,"gold_loss":0},{"damage_healed":0,"gold_gain":0,"player_choice":"Bought 1 Potion","damage_taken":0,"max_hp_gain":0,"max_hp_loss":0,"event_name":"The Woman in Blue","floor":10,"gold_loss":0},{"damage_healed":0,"gold_gain":0,"cards_transformed":["Strike_R"],"player_choice":"Transformed","damage_taken":0,"max_hp_gain":0,"max_hp_loss":0,"event_name":"Transmorgrifier","floor":19,"gold_loss":0,"cards_obtained":["Dark Embrace"]},{"damage_healed":0,"gold_gain":0,"player_choice":"Ignored","damage_taken":0,"max_hp_gain":0,"max_hp_loss":0,"event_name":"Cursed Tome","floor":27,"gold_loss":0},{"damage_healed":0,"gold_gain":0,"player_choice":"Ignored","damage_taken":0,"max_hp_gain":0,"max_hp_loss":0,"event_name":"Vampires","floor":29,"gold_loss":0}],"is_beta":false,"boss_relics":[{"not_picked":["Black Blood","Ectoplasm"],"picked":"Sozu"}],"items_purged_floors":[],"is_endless":false,"potions_floor_spawned":[7,11,13,20,24],"killed_by":"Collector","ascension_level":15}