{"gold_per_floor":[119,133,58,72,222,222,222,222,222,234,266,9,24,54,54,128,128,145,145,20,38,38,38,98,98,98,116,141,158,158,178,178,178],"floor_reached":33,"playtime":1794,"items_purged":["Defend_G","Pain","Doubt"],"score":615,"play_id":"22f11d45-bd9b-4eed-b9aa-bb4f188b7061","local_time":"20190730160812","is_ascension_mode":true,"campfire_choices":[{"data":"Neutralize","floor":6,"key":"SMITH"},{"floor":8,"key":"REST"},{"data":"Catalyst","floor":15,"key":"SMITH"},{"floor":23,"key":"REST"},{"floor":25,"key":"REST"},{"data":"Prepared","floor":30,"key":"SMITH"},{"floor":32,"key":"REST"}],"neow_cost":"NONE","seed_source_timestamp":10388113328644848,"circlet_count":0,"master_deck":["AscendersBane","Defend_G","Defend_G","Defend_G","Defend_G","Survivor","Neutralize+1","Poisoned Stab","PiercingWail","Quick Slash","Catalyst+1","Riddle With Holes","Backflip","Catalyst","Bullet Time","Poisoned Stab+1","Bite","Bite","Bite","Bite","Bite","Deadly Poison","Prepared+1"],"relics":["Ring of the Snake","WarpedTongs","Sundial","Centennial Puzzle","Bronze Scales","Potion Belt","Cursed Key","Tiny Chest","Thread and Needle"],"potions_floor_usage":[14,14,16,24,27,33,33],"damage_taken":[{"damage":1,"enemies":"Small Slimes","floor":1,"turns":4},{"damage":0,"enemies":"Cultist","floor":2,"turns":3},{"damage":19,"enemies":"Jaw Worm","floor":4,"turns":5},{"damage":6,"enemies":"Blue Slaver","floor":10,"turns":4},{"damage":10,"enemies":"Lagavulin","floor":11,"turns":7},{"damage":7,"enemies":"3 Louse","floor":13,"turns":3},{"damage":10,"enemies":"3 Sentries","floor":14,"turns":6},{"damage":15,"enemies":"The Guardian","floor":16,"turns":9},{"damage":12,"enemies":"3 Byrds","floor":18,"turns":4},{"damage":24,"enemies":"Spheric Guardian","floor":21,"turns":5},{"damage":45,"enemies":"Slavers","floor":24,"turns":5},{"damage":4,"enemies":"Centurion and Healer","floor":27,"turns":8},{"damage":28,"enemies":"Gremlin Leader","floor":28,"turns":5},{"damage":12,"enemies":"Cultist and Chosen","floor":29,"turns":4},{"damage":17,"enemies":"Snake Plant","floor":31,"turns":4},{"damage":64,"enemies":"Automaton","floor":33,"turns":6}],"seed_played":"3969602183803813970","potions_obtained":[{"floor":10,"key":"Strength Potion"},{"floor":13,"key":"EssenceOfSteel"},{"floor":14,"key":"Fire Potion"},{"floor":16,"key":"LiquidBronze"},{"floor":18,"key":"Strength Potion"},{"floor":27,"key":"Weak Potion"},{"floor":31,"key":"PowerPotion"}],"is_trial":false,"path_per_floor":["M","M","$","M","?","R","?","R","T","M","E","$","M","E","R","B",null,"M","?","$","M","?","R","E","R","T","M","E","M","R","M","R","B"],"character_chosen":"THE_SILENT","items_purchased":["Bronze Scales"],"campfire_rested":4,"item_purchase_floors":[12],"current_hp_per_floor":[64,64,64,45,45,45,45,66,66,60,50,50,43,33,33,18,59,47,47,47,23,23,38,10,25,25,49,35,33,33,29,44,0],"gold":178,"neow_bonus":"TEN_PERCENT_HP_BONUS","is_prod":false,"is_daily":false,"chose_seed":false,"campfire_upgraded":3,"win_rate":0,"timestamp":1564481292,"path_taken":["M","M","$","M","?","R","?","R","T","?","E","$","M","E","R","BOSS","M","?","$","M","?","R","E","R","T","M","E","M","R","M","R","BOSS"],"build_version":"2019-07-17","purchased_purges":3,"victory":false,"max_hp_per_floor":[72,72,72,72,72,72,72,72,72,72,72,72,72,72,72,72,72,72,72,72,72,50,50,50,50,50,50,50,50,50,50,50,50],"card_choices":[{"not_picked":["Deflect","Dagger Throw"],"picked":"Poisoned Stab","floor":1},{"not_picked":["Underhanded Strike","Grand Finale"],"picked":"PiercingWail","floor":2},{"not_picked":["Outmaneuver","Underhanded Strike"],"picked":"Quick Slash","floor":4},{"not_picked":["Deflect","Caltrops"],"picked":"Catalyst","floor":10},{"not_picked":["Deflect","Infinite Blades"],"picked":"Riddle With Holes","floor":11},{"not_picked":["Underhanded Strike","PiercingWail"],"picked":"Backflip","floor":13},{"not_picked":["All Out Attack","Deflect"],"picked":"Catalyst","floor":14},{"not_picked":["Malaise","Tools of the Trade"],"picked":"Bullet Time","floor":16},{"not_picked":["Infinite Blades","Reflex","Eviscerate"],"picked":"SKIP","floor":18},{"not_picked":["Blade Dance","Accuracy"],"picked":"Poisoned Stab+1","floor":21},{"not_picked":["Choke","Blade Dance","Cloak And Dagger+1"],"picked":"SKIP","floor":24},{"not_picked":["Flechettes+1","Tactician"],"picked":"Deadly Poison","floor":27},{"not_picked":["Reflex","Underhanded Strike"],"picked":"Prepared","floor":28},{"not_picked":["Flechettes+1","Outmaneuver+1","Terror"],"picked":"SKIP","floor":29},{"not_picked":["Riddle With Holes","Terror","Outmaneuver"],"picked":"SKIP","floor":31}],"player_experience":1605324,"relics_obtained":[{"floor":9,"key":"Sundial"},{"floor":11,"key":"Centennial Puzzle"},{"floor":14,"key":"Potion Belt"},{"floor":24,"key":"Tiny Chest"},{"floor":28,"key":"Thread and Needle"}],"event_choices":[{"damage_healed":0,"gold_gain":150,"player_choice":"AGREE","damage_taken":0,"max_hp_gain":0,"max_hp_loss":0,"event_name":"Liars Game","floor":5,"gold_loss":0,"cards_obtained":["Doubt"]},{"damage_healed":0,"gold_gain":0,"player_choice":"Rummage","damage_taken":0,"relics_obtained":["WarpedTongs"],"max_hp_gain":0,"max_hp_loss":0,"event_name":"Accursed Blacksmith","floor":7,"gold_loss":0,"cards_obtained":["Pain"]},{"damage_healed":0,"gold_gain":0,"player_choice":"Ignored","damage_taken":0,"max_hp_gain":0,"max_hp_loss":0,"event_name":"The Mausoleum","floor":19,"gold_loss":0},{"damage_healed":0,"gold_gain":0,"player_choice":"Became a vampire","damage_taken":0,"max_hp_gain":0,"max_hp_loss":22,"event_name":"Vampires","floor":22,"gold_loss":0,"cards_obtained":["Bite","Bite","Bite","Bite","Bite"]}],"is_beta":false,"boss_relics":[{"not_picked":["Coffee Dripper","Fusion Hammer"],"picked":"Cursed Key"}],"items_purged_floors":[3,12,20],"is_endless":false,"potions_floor_spawned":[10,13,14,16,18,27,31],"killed_by":"Automaton","ascension_level":20}