{"gold_per_floor":[115,115,132,149,74,74,108,170,170,250,250,250,264,278,278,355,355,372,372,384,396,66,66,66],"floor_reached":24,"playtime":1455,"items_purged":["Pain","Strike_R+1"],"score":392,"play_id":"1f478ece-85ed-4b56-b407-33f22ecb2014","local_time":"20190920133045","is_ascension_mode":true,"campfire_choices":[{"data":"Bash","floor":6,"key":"SMITH"},{"floor":12,"key":"REST"},{"floor":15,"key":"REST"},{"data":"Heavy Blade","floor":23,"key":"SMITH"}],"neow_cost":"NONE","seed_source_timestamp":25891914815500,"circlet_count":0,"master_deck":["AscendersBane","Strike_R+1","Strike_R+1","Strike_R+1","Strike_R+1","Defend_R+1","Defend_R+1","Defend_R+1","Defend_R+1","Bash+1","Sever Soul","Shrug It Off","Evolve","Wild Strike","Spot Weakness","Feed","Fire Breathing+1","Ghostly Armor","Heavy Blade+1","Fiend Fire","Feel No Pain","True Grit"],"relics":["Burning Blood","NeowsBlessing","WarpedTongs","Incense Burner","Shuriken","Gremlin Horn","Bottled Flame","Sozu","Membership Card"],"potions_floor_usage":[7],"damage_taken":[{"damage":0,"enemies":"2 Louse","floor":1,"turns":1},{"damage":0,"enemies":"Cultist","floor":3,"turns":1},{"damage":0,"enemies":"Small Slimes","floor":4,"turns":1},{"damage":16,"enemies":"Gremlin Nob","floor":7,"turns":4},{"damage":55,"enemies":"Gremlin Nob","floor":8,"turns":5},{"damage":0,"enemies":"Looter","floor":13,"turns":3},{"damage":27,"enemies":"Gremlin Gang","floor":14,"turns":6},{"damage":20,"enemies":"The Guardian","floor":16,"turns":13},{"damage":17,"enemies":"2 Thieves","floor":18,"turns":5},{"damage":16,"enemies":"Shell Parasite","floor":20,"turns":5},{"damage":23,"enemies":"Cultist and Chosen","floor":21,"turns":5},{"damage":47,"enemies":"Slavers","floor":24,"turns":3}],"seed_played":"-8206526328289770522","potions_obtained":[{"floor":1,"key":"HeartOfIron"},{"floor":8,"key":"FearPotion"}],"is_trial":false,"path_per_floor":["M","?","M","M","$","R","E","?","T","?","T","R","M","M","R","B",null,"M","?","M","M","$","R","E"],"character_chosen":"IRONCLAD","items_purchased":["Membership Card","Fiend Fire","Feel No Pain","True Grit"],"campfire_rested":2,"item_purchase_floors":[22,22,22,22],"current_hp_per_floor":[74,74,75,75,75,75,65,16,16,16,16,38,44,23,45,31,64,53,53,47,34,34,34,0],"gold":66,"neow_bonus":"THREE_ENEMY_KILL","is_prod":false,"is_daily":false,"chose_seed":false,"campfire_upgraded":2,"win_rate":0,"timestamp":1568953845,"path_taken":["M","?","?","M","$","R","E","?","T","?","?","R","?","M","R","BOSS","M","?","M","M","$","R","E"],"build_version":"2019-09-19","purchased_purges":2,"victory":false,"max_hp_per_floor":[75,75,75,75,75,75,75,75,75,75,75,75,75,75,75,75,75,75,75,79,83,83,83,87],"card_choices":[{"not_picked":["Seeing Red","Flex"],"picked":"Sever Soul","floor":1},{"not_picked":["Clash","Searing Blow"],"picked":"Shrug It Off","floor":3},{"not_picked":["Havoc","Sword Boomerang"],"picked":"Evolve","floor":4},{"not_picked":["Barricade","Iron Wave"],"picked":"Wild Strike","floor":7},{"not_picked":["Pommel Strike","Warcry","Thunderclap"],"picked":"SKIP","floor":13},{"not_picked":["Whirlwind","Cleave"],"picked":"Spot Weakness","floor":14},{"not_picked":["Berserk","Demon Form"],"picked":"Feed","floor":16},{"not_picked":["Thunderclap","Sword Boomerang"],"picked":"Fire Breathing+1","floor":18},{"not_picked":["Pommel Strike","Iron Wave"],"picked":"Ghostly Armor","floor":20},{"not_picked":["Flex","Headbutt"],"picked":"Heavy Blade","floor":21}],"player_experience":800525,"relics_obtained":[{"floor":7,"key":"Incense Burner"},{"floor":8,"key":"Shuriken"},{"floor":9,"key":"Gremlin Horn"},{"floor":11,"key":"Bottled Flame"}],"event_choices":[{"damage_healed":0,"gold_gain":0,"player_choice":"Rummage","damage_taken":0,"relics_obtained":["WarpedTongs"],"max_hp_gain":0,"max_hp_loss":0,"event_name":"Accursed Blacksmith","floor":2,"gold_loss":0,"cards_obtained":["Pain"]},{"damage_healed":0,"gold_gain":30,"player_choice":"Searched \u00273\u0027 times","damage_taken":0,"max_hp_gain":0,"max_hp_loss":0,"event_name":"Dead Adventurer","floor":8,"gold_loss":0},{"damage_healed":0,"gold_gain":80,"player_choice":"Gained Gold","damage_taken":0,"max_hp_gain":0,"max_hp_loss":0,"event_name":"Golden Wing","floor":10,"gold_loss":0},{"damage_healed":0,"gold_gain":0,"player_choice":"Simplicity","damage_taken":0,"max_hp_gain":0,"max_hp_loss":0,"event_name":"Back to Basics","floor":19,"gold_loss":0,"cards_upgraded":["Strike_R","Strike_R","Strike_R","Strike_R","Strike_R","Defend_R","Defend_R","Defend_R","Defend_R"]}],"is_beta":true,"boss_relics":[{"not_picked":["Runic Dome","Calling Bell"],"picked":"Sozu"}],"items_purged_floors":[5,22],"is_endless":false,"potions_floor_spawned":[1,8,18,20],"killed_by":"Slavers","ascension_level":20}