{"gold_per_floor":[213,213,51,69,83,83,83,113,113,113,123,123,139,165,165,165],"floor_reached":16,"playtime":914,"items_purged":[],"score":185,"play_id":"ed349ffe-7c86-47ba-b9b2-3bf475003d42","local_time":"20190901113259","is_ascension_mode":true,"campfire_choices":[{"data":"Bash","floor":6,"key":"SMITH"},{"floor":10,"key":"REST"},{"data":"Whirlwind","floor":12,"key":"SMITH"},{"data":"Flex","floor":15,"key":"SMITH"}],"neow_cost":"NONE","seed_source_timestamp":247545052982400,"circlet_count":0,"master_deck":["AscendersBane","Strike_R","Strike_R","Strike_R","Strike_R","Strike_R","Defend_R+1","Defend_R","Defend_R","Defend_R+1","Bash+1","Anger","Armaments+1","Bloodletting","Whirlwind+1","Headbutt","Flex+1"],"relics":["Burning Blood","Juzu Bracelet","Shovel","Gremlin Horn","Odd Mushroom"],"potions_floor_usage":[16,16],"damage_taken":[{"damage":6,"enemies":"Cultist","floor":1,"turns":3},{"damage":7,"enemies":"2 Louse","floor":4,"turns":2},{"damage":4,"enemies":"Jaw Worm","floor":5,"turns":3},{"damage":34,"enemies":"Gremlin Nob","floor":8,"turns":5},{"damage":11,"enemies":"Exordium Wildlife","floor":11,"turns":4},{"damage":6,"enemies":"Exordium Thugs","floor":13,"turns":3},{"damage":0,"enemies":"The Mushroom Lair","floor":14,"turns":1},{"damage":47,"enemies":"The Guardian","floor":16,"turns":8}],"seed_played":"-5388872425303945674","potions_obtained":[{"floor":4,"key":"SteroidPotion"},{"floor":8,"key":"Weak Potion"}],"is_trial":false,"path_per_floor":["M","?","$","M","M","R","?","E","T","R","M","R","M","?","R","B"],"character_chosen":"IRONCLAD","items_purchased":["Juzu Bracelet"],"campfire_rested":1,"item_purchase_floors":[3],"current_hp_per_floor":[68,45,45,44,46,46,46,18,18,40,35,35,35,41,41,0],"gold":165,"neow_bonus":"HUNDRED_GOLD","is_prod":false,"is_daily":false,"chose_seed":false,"campfire_upgraded":3,"win_rate":0,"timestamp":1567305179,"path_taken":["M","?","$","M","M","R","?","E","T","R","M","R","M","?","R","BOSS"],"build_version":"2019-07-17","purchased_purges":0,"victory":false,"max_hp_per_floor":[75,75,75,75,75,75,75,75,75,75,75,75,75,75,75,75],"card_choices":[{"not_picked":["Iron Wave","Headbutt"],"picked":"Anger","floor":1},{"not_picked":["Flex","Seeing Red"],"picked":"Armaments","floor":4},{"not_picked":["Burning Pact","Armaments"],"picked":"Bloodletting","floor":5},{"not_picked":["Juggernaut","Heavy Blade"],"picked":"Whirlwind","floor":8},{"not_picked":["True Grit","Sword Boomerang","Havoc"],"picked":"SKIP","floor":11},{"not_picked":["Blood for Blood","Heavy Blade"],"picked":"Headbutt","floor":13},{"not_picked":["Sever Soul","Warcry"],"picked":"Flex","floor":14}],"player_experience":544744,"relics_obtained":[{"floor":8,"key":"Shovel"},{"floor":9,"key":"Gremlin Horn"},{"floor":14,"key":"Odd Mushroom"}],"event_choices":[{"damage_healed":0,"gold_gain":0,"player_choice":"Entered Light","damage_taken":23,"max_hp_gain":0,"max_hp_loss":0,"event_name":"Shining Light","floor":2,"gold_loss":0,"cards_upgraded":["Defend_R","Defend_R"]},{"damage_healed":0,"gold_gain":0,"player_choice":"Upgraded","damage_taken":0,"max_hp_gain":0,"max_hp_loss":0,"event_name":"Upgrade Shrine","floor":7,"gold_loss":0,"cards_upgraded":["Armaments"]},{"damage_healed":0,"gold_gain":0,"player_choice":"Fought Mushrooms","damage_taken":0,"max_hp_gain":0,"max_hp_loss":0,"event_name":"Mushrooms","floor":14,"gold_loss":0}],"is_beta":false,"boss_relics":[],"items_purged_floors":[],"is_endless":false,"potions_floor_spawned":[4,8],"killed_by":"The Guardian","ascension_level":17}