{"path_per_floor":["M","?","M","?","?","R","E","$","T","R","M","?","$","M","R","B",null,"M","M","?","M","?","M","R","M","T","M","$","E","R","M","R","B",null,"M","$","?","$","M","R","M","$","T","?","E","R","?","?","R"],"character_chosen":"THE_SILENT","items_purchased":["Ornamental Fan"],"gold_per_floor":[114,114,129,129,229,229,259,9,84,84,99,99,24,39,39,139,139,154,169,119,134,134,149,149,164,164,179,79,109,109,124,124,224,224,239,239,239,114,129,129,144,144,169,0,30,30,30,30,30],"floor_reached":50,"campfire_rested":1,"playtime":2997,"current_hp_per_floor":[70,70,70,70,70,70,70,70,70,70,70,70,70,68,68,66,70,70,70,70,70,70,70,70,70,70,70,70,70,70,70,70,59,70,64,64,64,64,64,64,48,48,48,48,48,69,69,69,69],"items_purged":["Normality","Catalyst","Catalyst"],"gold":30,"score":638,"play_id":"61006e32-c2e5-4d28-9ad0-3a8d6fd92306","local_time":"20180313001128","daily_mods":["Diverse","Insanity","Binary"],"is_prod":false,"is_daily":true,"is_ascension_mode":false,"campfire_upgraded":8,"timestamp":1520925088,"path_taken":["M","?","M","?","?","R","E","$","T","R","?","?","?","M","R","BOSS","M","M","?","M","?","?","R","M","T","M","$","E","R","M","R","BOSS","M","$","?","$","M","R","M","?","T","?","E","R","?","?","R","BOSS"],"build_version":"2018-03-08-BETA","purchased_purges":3,"victory":false,"master_deck":["Neutralize+1","Heel Hook","Slice","Backstab","Footwork","Tools of the Trade","Prepared+1","Infinite Blades+1","Eviscerate","Eviscerate","Finisher","Burst","Doppelganger","Heel Hook","Sucker Punch","Glass Knife","Expertise","All Out Attack","Defend_G","Eviscerate","Quick Slash","Blade Dance","Glass Knife","Dodge and Roll","Flechettes","Storm of Steel+1","Expertise","Blade Dance","Masterful Stab","Distraction","Dagger Spray","Reflex","Tools of the Trade","A Thousand Cuts","Eviscerate","Cloak And Dagger","Flechettes","PiercingWail","Choke","Acrobatics","Backstab","Phantasmal Killer","Escape Plan","Survivor","Outmaneuver","Terror","Glass Knife","Fire Breathing","Havoc","Cloak And Dagger","Dodge and Roll","Mind Blast+1","Blur","Envenom+1","Infinite Blades+1","Backflip","Dagger Spray","Calculated Gamble+1","Deflect+1","Malaise","Endless Agony","Mind Blast+1","Night Terror"],"max_hp_per_floor":[70,70,70,70,70,70,70,70,70,70,70,70,70,70,70,70,70,70,70,70,70,70,70,70,70,70,70,70,70,70,70,70,70,70,70,70,70,70,70,70,70,70,70,70,70,70,70,70,70],"relics":["Ring of the Snake","Vajra","Tough Bandages","Ornamental Fan","Centennial Puzzle","Black Star","Dead Branch","Snake Skull","Dream Catcher","Cursed Key","Oddly Smooth Stone","Red Mask","Paper Crane","Ninja Scroll","Spirit Poop"],"card_choices":[{"not_picked":["Underhanded Strike"],"picked":"Cloak And Dagger"},{"not_picked":["Underhanded Strike"],"picked":"Dodge and Roll"},{"not_picked":["Skewer"],"picked":"Blur"},{"not_picked":["Burst"],"picked":"Envenom"},{"not_picked":["Dodge and Roll"],"picked":"Infinite Blades"},{"not_picked":["Quick Slash"],"picked":"Backflip"},{"not_picked":["Bane"],"picked":"Calculated Gamble"},{"not_picked":["Finisher"],"picked":"Deflect"},{"not_picked":["Phantasmal Killer"],"picked":"Malaise"},{"not_picked":["Deadly Poison"],"picked":"Endless Agony"},{"not_picked":["Die Die Die"],"picked":"Night Terror"}],"player_experience":352459,"potions_floor_usage":[7,7,16,16,29,29,33,33,50],"damage_taken":[{"damage":0,"enemies":"Jaw Worm","floor":1,"turns":1},{"damage":0,"enemies":"Cultist","floor":3,"turns":2},{"damage":0,"enemies":"Lagavulin","floor":7,"turns":2},{"damage":0,"enemies":"2 Louse","floor":11,"turns":1},{"damage":2,"enemies":"2 Fungi Beasts","floor":14,"turns":2},{"damage":2,"enemies":"Hexaghost","floor":16,"turns":5},{"damage":0,"enemies":"2 Thieves","floor":18,"turns":1},{"damage":0,"enemies":"Spheric Guardian","floor":19,"turns":1},{"damage":0,"enemies":"Centurion and Healer","floor":21,"turns":3},{"damage":0,"enemies":"Chosen and Byrds","floor":23,"turns":4},{"damage":0,"enemies":"Snecko","floor":25,"turns":2},{"damage":0,"enemies":"Slaver and Parasite","floor":27,"turns":2},{"damage":0,"enemies":"Slavers","floor":29,"turns":1},{"damage":0,"enemies":"Centurion and Healer","floor":31,"turns":2},{"damage":11,"enemies":"Champ","floor":33,"turns":6},{"damage":6,"enemies":"3 Darklings","floor":35,"turns":3},{"damage":0,"enemies":"Flame Bruiser 1 Orb","floor":39,"turns":1},{"damage":16,"enemies":"4 Shapes","floor":41,"turns":3},{"damage":0,"enemies":"2 Orb Walkers","floor":45,"turns":2},{"damage":70,"enemies":"Time Eater","floor":50,"turns":11}],"event_choices":[{"event_name":"The Lab","player_choice":"Got Potions","floor":2,"damage_taken":0},{"event_name":"Accursed Blacksmith","player_choice":"Rummage","floor":4,"damage_taken":0},{"event_name":"Wheel of Change","player_choice":"Gold","floor":5,"damage_taken":0},{"event_name":"Match and Keep!","player_choice":"1 cards matched","floor":12,"damage_taken":0},{"event_name":"The Joust","player_choice":"Bet on Murderer","floor":20,"damage_taken":0},{"event_name":"Transmorgrifier","player_choice":"Transform","floor":22,"damage_taken":0},{"event_name":"Duplicator","player_choice":"One dupe","floor":37,"damage_taken":0},{"event_name":"Tomb of Lord Red Mask","player_choice":"Paid","floor":44,"damage_taken":0},{"event_name":"Mysterious Sphere","player_choice":"Ignore","floor":47,"damage_taken":0},{"event_name":"Bonfire Elementals","player_choice":"CURSE","floor":48,"damage_taken":0}],"boss_relics":[{"not_picked":["The Specimen","Snecko Eye"],"picked":"Black Star"},{"not_picked":["Eternal Feather","Question Card"],"picked":"Cursed Key"}],"potions_floor_spawned":[3,14,19,25,27,29,45],"seed_played":"5990498444709922547","killed_by":"Time Eater","ascension_level":0,"is_trial":false}