{"path_per_floor":["M","M","?","M","?","E","M","?","T","M","?","M","E","M","R","B",null,"M","$","?","?"],"character_chosen":"THE_SILENT","items_purchased":["Footwork","Unceasing Top"],"gold_per_floor":[114,129,129,144,144,182,201,201,201,220,220,239,277,296,296,421,421,440,62,62,62,62],"floor_reached":22,"campfire_rested":1,"playtime":2127,"current_hp_per_floor":[64,64,64,64,47,47,34,57,57,54,54,49,41,30,65,31,65,36,36,28,28,0],"items_purged":[],"gold":62,"score":346,"play_id":"1287cbb2-d457-44f9-a2b2-60226e3247e8","local_time":"20180412223835","daily_mods":["Insanity","Night Terrors","Hoarder"],"is_prod":false,"is_daily":true,"chose_seed":false,"is_ascension_mode":false,"campfire_upgraded":0,"timestamp":1523597915,"path_taken":["M","?","?","M","?","E","M","?","T","?","?","M","E","?","R","BOSS","M","$","?","?","M"],"build_version":"2018-04-12","seed_source_timestamp":0,"purchased_purges":0,"victory":false,"master_deck":["Reflex","Setup","Concentrate","Blur","Endless Agony","Catalyst","Outmaneuver","Distraction","A Thousand Cuts","Blur","Bouncing Flask","Finisher","Outmaneuver","Finisher","Caltrops","Deadly Poison","Escape Plan","Terror","Dagger Throw","Terror","Venomology","Infinite Blades","Underhanded Strike","Die Die Die","Bullet Time","Concentrate","Poisoned Stab","Prepared","Blur","Cloak And Dagger","Infinite Blades","Well Laid Plans","Outmaneuver","Blade Dance","Well Laid Plans","Backflip","Escape Plan","Noxious Fumes","Outmaneuver","Cloak And Dagger","Wraith Form v2","Quick Slash","Infinite Blades","Defend_G","Accuracy","Leg Sweep","Escape Plan","Noxious Fumes","Well Laid Plans","Blur","Blur","Blur","PiercingWail","PiercingWail","PiercingWail","Panacea","Panacea","Panacea","Neutralize","Neutralize","Neutralize","Cloak And Dagger","Cloak And Dagger","Cloak And Dagger","Outmaneuver","Outmaneuver","Outmaneuver","Doppelganger","Doppelganger","Doppelganger","Footwork","Footwork","Footwork"],"max_hp_per_floor":[70,70,70,70,70,70,70,70,70,70,70,70,70,70,65,65,65,65,65,65,65,65],"relics":["Ring of the Snake","Golden Idol","Bag of Marbles","Toolbox","Kunai","Eternal Feather","Unceasing Top"],"card_choices":[{"not_picked":["Underhanded Strike","Distraction"],"picked":"Blur","floor":2},{"not_picked":["Dodge and Roll","Underhanded Strike"],"picked":"PiercingWail","floor":10},{"not_picked":["Slice","Flechettes"],"picked":"Cloak And Dagger","floor":13},{"not_picked":["Bane","Caltrops"],"picked":"Outmaneuver","floor":14},{"not_picked":["A Thousand Cuts","Wraith Form v2"],"picked":"Doppelganger","floor":16}],"player_experience":435583,"potions_floor_usage":[4,6,16,16,22,22,22],"damage_taken":[{"damage":6,"enemies":"Cultist","floor":1,"turns":3},{"damage":0,"enemies":"Small Slimes","floor":2,"turns":4},{"damage":0,"enemies":"Jaw Worm","floor":4,"turns":4},{"damage":0,"enemies":"3 Sentries","floor":6,"turns":5},{"damage":13,"enemies":"Large Slime","floor":7,"turns":4},{"damage":3,"enemies":"3 Louse","floor":10,"turns":3},{"damage":5,"enemies":"Blue Slaver","floor":12,"turns":3},{"damage":8,"enemies":"Lagavulin","floor":13,"turns":7},{"damage":11,"enemies":"Large Slime","floor":14,"turns":5},{"damage":34,"enemies":"Hexaghost","floor":16,"turns":9},{"damage":29,"enemies":"Spheric Guardian","floor":18,"turns":7},{"damage":29,"enemies":"3 Byrds","floor":22,"turns":3}],"event_choices":[{"event_name":"Living Wall","player_choice":"Forget","floor":3,"damage_taken":0},{"event_name":"Golden Idol","player_choice":"Take Damage","floor":5,"damage_taken":0},{"event_name":"Big Fish","player_choice":"Banana","floor":8,"damage_taken":0},{"event_name":"Match and Keep!","player_choice":"2 cards matched","floor":11,"damage_taken":0},{"event_name":"Match and Keep!","player_choice":"2 cards matched","floor":11,"damage_taken":0},{"event_name":"Knowing Skull","player_choice":"","floor":20,"damage_taken":0},{"event_name":"Beggar","player_choice":"Ignored","floor":21,"damage_taken":0}],"boss_relics":[{"not_picked":["Philosopher\u0027s Stone","Tiny House"],"picked":"Eternal Feather"}],"potions_floor_spawned":[2,6,13,14,18],"seed_played":"-7209576087114707502","killed_by":"3 Byrds","ascension_level":0,"is_trial":false}