{"gold_per_floor":[113,113,113,125,138,187,187,198,244,244,301,319,349,365,365,439,439,459,459,479,529,529,529,543,543,566,251,251,251,251,284,284,284],"floor_reached":33,"playtime":1890,"items_purged":["Writhe"],"score":487,"play_id":"1efb0e23-74f5-424b-b0ba-32629ac0a1d2","local_time":"20190901123615","is_ascension_mode":true,"campfire_choices":[{"data":"Bash","floor":7,"key":"SMITH"},{"data":"Combust","floor":10,"key":"SMITH"},{"data":"Clothesline","floor":15,"key":"SMITH"},{"floor":23,"key":"REST"},{"data":"Bludgeon","floor":25,"key":"SMITH"},{"data":"Whirlwind","floor":28,"key":"SMITH"},{"floor":30,"key":"REST"},{"floor":32,"key":"REST"}],"neow_cost":"NONE","seed_source_timestamp":250365652670100,"circlet_count":0,"master_deck":["AscendersBane","Strike_R","Strike_R","Strike_R","Strike_R","Strike_R","Defend_R","Defend_R+1","Defend_R","Defend_R+1","Bash+1","Iron Wave","Iron Wave","Shrug It Off","Combust+1","Evolve","Flex","Double Tap","Clothesline+1","Bludgeon+1","Power Through","Headbutt","True Grit+1","Inflame","Whirlwind+1","Decay"],"relics":["Burning Blood","Pen Nib","Smiling Mask","War Paint","Lizard Tail","Sundial","MawBank","Orichalcum","Blue Candle"],"potions_floor_usage":[13,16,16,18,31,31,33,33],"damage_taken":[{"damage":10,"enemies":"2 Louse","floor":1,"turns":4},{"damage":5,"enemies":"Small Slimes","floor":4,"turns":4},{"damage":1,"enemies":"Cultist","floor":5,"turns":3},{"damage":14,"enemies":"Exordium Thugs","floor":8,"turns":7},{"damage":15,"enemies":"Red Slaver","floor":12,"turns":6},{"damage":22,"enemies":"Lagavulin","floor":13,"turns":7},{"damage":4,"enemies":"Blue Slaver","floor":14,"turns":3},{"damage":60,"enemies":"Slime Boss","floor":16,"turns":9},{"damage":39,"enemies":"Shell Parasite","floor":18,"turns":7},{"damage":24,"enemies":"3 Byrds","floor":20,"turns":5},{"damage":15,"enemies":"Snecko","floor":24,"turns":5},{"damage":72,"enemies":"Gremlin Leader","floor":31,"turns":7},{"damage":96,"enemies":"Automaton","floor":33,"turns":6}],"seed_played":"8299564549310097021","potions_obtained":[{"floor":4,"key":"Regen Potion"},{"floor":12,"key":"Fire Potion"},{"floor":14,"key":"BloodPotion"},{"floor":16,"key":"EssenceOfSteel"},{"floor":20,"key":"Block Potion"},{"floor":22,"key":"EntropicBrew"}],"is_trial":false,"path_per_floor":["M","?","?","M","M","T","R","M","T","R","?","M","E","M","R","B",null,"M","?","M","?","?","R","M","R","T","$","R","?","R","E","R","B"],"character_chosen":"IRONCLAD","items_purchased":["Inflame","Whirlwind","Orichalcum"],"campfire_rested":3,"item_purchase_floors":[27,27,27],"current_hp_per_floor":[71,71,71,72,77,77,77,69,69,69,69,60,44,46,46,27,68,35,35,17,17,17,41,32,32,32,32,32,32,56,32,56,0],"gold":284,"neow_bonus":"TEN_PERCENT_HP_BONUS","is_prod":false,"is_daily":false,"chose_seed":false,"campfire_upgraded":5,"win_rate":0,"timestamp":1567308975,"path_taken":["M","?","?","M","?","?","R","?","T","R","?","M","E","M","R","BOSS","M","?","M","?","?","R","?","R","T","$","R","?","R","E","R","BOSS"],"build_version":"2019-07-17","purchased_purges":1,"victory":false,"max_hp_per_floor":[82,82,82,82,82,82,82,82,82,82,82,82,82,82,82,82,82,82,82,82,82,82,82,82,82,82,82,82,82,82,82,82,82],"card_choices":[{"not_picked":["Clothesline","Sentinel"],"picked":"Iron Wave","floor":1},{"not_picked":["Clash","Dropkick"],"picked":"Shrug It Off","floor":4},{"not_picked":["Rage","Warcry"],"picked":"Combust","floor":5},{"not_picked":["Iron Wave","Flex"],"picked":"Evolve","floor":8},{"not_picked":["Bloodletting","Heavy Blade"],"picked":"Flex","floor":12},{"not_picked":["Searing Blow","Metallicize"],"picked":"Double Tap","floor":13},{"not_picked":["Searing Blow","Havoc"],"picked":"Clothesline","floor":14},{"not_picked":["Dark Embrace","Offering"],"picked":"Bludgeon","floor":16},{"not_picked":["Inflame","Metallicize"],"picked":"Power Through","floor":18},{"not_picked":["Clash","Perfected Strike"],"picked":"Headbutt","floor":20},{"not_picked":["Pommel Strike","Feel No Pain"],"picked":"True Grit+1","floor":24},{"not_picked":["Anger","Headbutt","Rampage"],"picked":"SKIP","floor":31}],"player_experience":547512,"relics_obtained":[{"floor":6,"key":"Pen Nib"},{"floor":9,"key":"Smiling Mask"},{"floor":13,"key":"War Paint"},{"floor":26,"key":"MawBank"},{"floor":31,"key":"Blue Candle"}],"event_choices":[{"damage_healed":0,"gold_gain":0,"player_choice":"Ignored","damage_taken":0,"max_hp_gain":0,"max_hp_loss":0,"event_name":"Liars Game","floor":2,"gold_loss":0},{"damage_healed":0,"gold_gain":0,"player_choice":"1 cards matched","damage_taken":0,"max_hp_gain":0,"max_hp_loss":0,"event_name":"Match and Keep!","floor":3,"gold_loss":0,"cards_obtained":["Iron Wave"]},{"damage_healed":0,"gold_gain":57,"player_choice":"Gained Gold","damage_taken":0,"max_hp_gain":0,"max_hp_loss":0,"event_name":"Golden Wing","floor":11,"gold_loss":0},{"damage_healed":0,"gold_gain":0,"player_choice":"Opened","damage_taken":0,"relics_obtained":["Sundial"],"max_hp_gain":0,"max_hp_loss":0,"event_name":"The Mausoleum","floor":19,"gold_loss":0,"cards_obtained":["Writhe"]},{"damage_healed":0,"gold_gain":50,"player_choice":"Stole From Cult","damage_taken":0,"max_hp_gain":0,"max_hp_loss":0,"event_name":"Nest","floor":21,"gold_loss":0},{"damage_healed":0,"gold_gain":0,"player_choice":"Got Potions","damage_taken":0,"max_hp_gain":0,"max_hp_loss":0,"event_name":"Lab","floor":22,"gold_loss":0},{"damage_healed":0,"gold_gain":0,"player_choice":"Smashed Altar","damage_taken":0,"max_hp_gain":0,"max_hp_loss":0,"event_name":"Forgotten Altar","floor":29,"gold_loss":0,"cards_obtained":["Decay"]}],"is_beta":false,"boss_relics":[{"not_picked":["Calling Bell","Black Star"],"picked":"Lizard Tail"}],"items_purged_floors":[27],"is_endless":false,"potions_floor_spawned":[4,12,14,16,20,31],"killed_by":"Automaton","ascension_level":17}