{"gold_per_floor":[114,114,129,144,144,144,159,189,214,229,244,274,304,154,154,254,254,269,269,194,394,294,324,324,354,354,384,399,418,433,463,475,587,599,626,653,680,42,57,87,102,131,131,131,146,161,161,191,191,191],"floor_reached":51,"playtime":6237,"items_purged":["Bash","Defend_G"],"score":932,"play_id":"096f6830-c99f-40d1-bf04-5b198b8d901e","local_time":"20190111155034","daily_mods":["Chimera","ControlledChaos","DeadlyEvents"],"is_ascension_mode":false,"campfire_choices":[{"data":"Zap","floor":6,"key":"SMITH"},{"floor":15,"key":"REST"},{"data":"Reboot","floor":24,"key":"SMITH"},{"floor":32,"key":"REST"},{"floor":44,"key":"REST"},{"floor":49,"key":"REST"}],"neow_cost":"","seed_source_timestamp":0,"circlet_count":0,"master_deck":["Survivor","Zap+1","Strike_R","Strike_B","Defend_R","Reprogram","Aggregate","Turbo","Reboot+1","Hologram","Steam Power+1","Capacitor+1","FTL+1","Ball Lightning+1","Gash+1","Electrodynamics+1","Reprogram+1","Sweeping Beam+1","Reprogram+1","Storm+1"],"special_seed":17907,"relics":["FrozenCore","Frozen Eye","FossilizedHelix","Orichalcum","Gremlin Horn","Omamori","DataDisk","MutagenicStrength","Ornamental Fan","Frozen Egg 2","Kunai","Anchor","Red Mask","MawBank","Fusion Hammer","Dead Branch","Runic Capacitor","Happy Flower","Bag of Preparation","Incense Burner","Dodecahedron","Pantograph"],"potions_floor_usage":[7,11,12,12,25,28,33,40,50,50],"damage_taken":[{"damage":3,"enemies":"Jaw Worm","floor":1,"turns":3},{"damage":0,"enemies":"Small Slimes","floor":3,"turns":2},{"damage":4,"enemies":"Cultist","floor":4,"turns":3},{"damage":1,"enemies":"Blue Slaver","floor":7,"turns":4},{"damage":30,"enemies":"Gremlin Nob","floor":8,"turns":4},{"damage":0,"enemies":"Red Slaver","floor":10,"turns":2},{"damage":0,"enemies":"Looter","floor":11,"turns":3},{"damage":0,"enemies":"Lagavulin","floor":12,"turns":4},{"damage":9,"enemies":"Gremlin Nob","floor":13,"turns":5},{"damage":24,"enemies":"Hexaghost","floor":16,"turns":9},{"damage":8,"enemies":"Spheric Guardian","floor":18,"turns":6},{"damage":5,"enemies":"Book of Stabbing","floor":23,"turns":7},{"damage":35,"enemies":"Slavers","floor":25,"turns":3},{"damage":7,"enemies":"Gremlin Leader","floor":27,"turns":6},{"damage":0,"enemies":"3 Byrds","floor":28,"turns":2},{"damage":0,"enemies":"Masked Bandits","floor":29,"turns":4},{"damage":0,"enemies":"Shelled Parasite and Fungi","floor":30,"turns":1},{"damage":18,"enemies":"Book of Stabbing","floor":31,"turns":4},{"damage":11,"enemies":"Collector","floor":33,"turns":10},{"damage":0,"enemies":"3 Darklings","floor":35,"turns":2},{"damage":0,"enemies":"3 Shapes","floor":36,"turns":4},{"damage":0,"enemies":"Sphere and 2 Shapes","floor":37,"turns":3},{"damage":0,"enemies":"Jaw Worm Horde","floor":39,"turns":3},{"damage":32,"enemies":"Nemesis","floor":40,"turns":7},{"damage":0,"enemies":"Spire Growth","floor":41,"turns":3},{"damage":0,"enemies":"2 Orb Walkers","floor":42,"turns":2},{"damage":0,"enemies":"3 Darklings","floor":45,"turns":3},{"damage":0,"enemies":"Maw","floor":46,"turns":6},{"damage":0,"enemies":"Reptomancer","floor":48,"turns":4},{"damage":0,"enemies":"Donu and Deca","floor":50,"turns":5}],"seed_played":"3536575198636057260","potions_obtained":[{"floor":1,"key":"Poison Potion"},{"floor":5,"key":"Fire Potion"},{"floor":5,"key":"Swift Potion"},{"floor":7,"key":"SteroidPotion"},{"floor":13,"key":"FairyPotion"},{"floor":23,"key":"Regen Potion"},{"floor":27,"key":"LiquidBronze"},{"floor":31,"key":"Fire Potion"},{"floor":33,"key":"Fire Potion"},{"floor":39,"key":"GamblersBrew"},{"floor":40,"key":"SteroidPotion"},{"floor":42,"key":"Poison Potion"},{"floor":46,"key":"Poison Potion"},{"floor":48,"key":"Swift Potion"}],"is_trial":false,"path_per_floor":["M","?","M","M","?","R","M","E","T","M","M","E","E","$","R","B",null,"M","?","$","?","$","E","R","E","T","E","M","?","M","E","R","B",null,"M","M","M","$","M","E","M","?","T","R","M","M","?","E","R","B",null],"character_chosen":"DEFECT","items_purchased":["DataDisk","Dead Branch","Runic Capacitor","Happy Flower"],"campfire_rested":4,"item_purchase_floors":[14,38,38,38],"current_hp_per_floor":[72,65,65,61,61,61,60,30,30,30,30,30,21,21,43,19,75,67,67,67,67,67,62,62,36,36,29,29,29,29,11,33,22,75,75,75,75,75,75,43,43,43,43,65,65,65,65,65,75,75],"gold":191,"neow_bonus":"","is_prod":false,"is_daily":true,"chose_seed":false,"campfire_upgraded":2,"win_rate":0,"timestamp":1547250634,"path_taken":["M","?","M","M","?","R","M","?","T","?","M","E","?","$","R","BOSS","M","?","$","?","$","E","R","?","T","E","?","?","?","?","R","BOSS","M","M","M","$","M","E","M","?","T","R","M","?","?","?","R","BOSS"],"build_version":"2019-01-10","purchased_purges":2,"victory":true,"max_hp_per_floor":[75,75,75,75,75,75,75,75,75,75,75,75,75,75,75,75,75,75,75,75,75,75,75,75,75,75,75,75,75,75,75,75,75,75,75,75,75,75,75,75,75,75,75,75,75,75,75,75,75,75],"card_choices":[{"not_picked":["Leap","Defragment"],"picked":"Reprogram","floor":1},{"not_picked":["Streamline","Gash"],"picked":"Aggregate","floor":3},{"not_picked":["Conserve Battery","Leap"],"picked":"Turbo","floor":4},{"not_picked":["Capacitor","Melter","Doom and Gloom"],"picked":"SKIP","floor":7},{"not_picked":["Sweeping Beam","Stack","Barrage"],"picked":"SKIP","floor":8},{"not_picked":["Scrape","Barrage","Recycle"],"picked":"SKIP","floor":10},{"not_picked":["Genetic Algorithm","Capacitor","Compile Driver"],"picked":"SKIP","floor":11},{"not_picked":["Compile Driver","Capacitor","Multi-Cast"],"picked":"SKIP","floor":12},{"not_picked":["Barrage","Capacitor","Sweeping Beam"],"picked":"SKIP","floor":13},{"not_picked":["Thunder Strike","Rainbow"],"picked":"Reboot","floor":16},{"not_picked":["Melter","Ball Lightning+1"],"picked":"Hologram","floor":18},{"not_picked":["Go for the Eyes","Cold Snap"],"picked":"Steam Power+1","floor":23},{"not_picked":["Blizzard","Hologram","Rip and Tear"],"picked":"SKIP","floor":25},{"not_picked":["Redo","Creative AI+1"],"picked":"Capacitor+1","floor":27},{"not_picked":["Compile Driver+1","Defragment+1"],"picked":"FTL+1","floor":28},{"not_picked":["Streamline","Skim"],"picked":"Ball Lightning+1","floor":29},{"not_picked":["Stack","Leap"],"picked":"Gash+1","floor":30},{"not_picked":["White Noise","Biased Cognition+1","Coolheaded"],"picked":"SKIP","floor":31},{"not_picked":["Hyperbeam","Amplify"],"picked":"Electrodynamics+1","floor":33},{"not_picked":["Consume","Loop+1","Skim"],"picked":"SKIP","floor":35},{"not_picked":["Compile Driver","Beam Cell"],"picked":"Reprogram+1","floor":36},{"not_picked":["Streamline+1","Rip and Tear+1","Ball Lightning"],"picked":"SKIP","floor":37},{"not_picked":["Sunder","Cold Snap+1","Beam Cell+1"],"picked":"SKIP","floor":39},{"not_picked":["Sunder","Cold Snap+1","Beam Cell+1"],"picked":"SKIP","floor":39},{"not_picked":["Ball Lightning+1","Recycle+1"],"picked":"Sweeping Beam+1","floor":40},{"not_picked":["Redo+1","Compile Driver"],"picked":"Reprogram+1","floor":41},{"not_picked":["Rebound+1","Sweeping Beam+1","Consume"],"picked":"SKIP","floor":45},{"not_picked":["Conserve Battery+1","Scrape","Go for the Eyes"],"picked":"SKIP","floor":46},{"not_picked":["Sunder","Reinforced Body"],"picked":"Storm+1","floor":48}],"player_experience":556885,"relics_obtained":[{"floor":8,"key":"FossilizedHelix"},{"floor":9,"key":"Orichalcum"},{"floor":12,"key":"Gremlin Horn"},{"floor":13,"key":"Omamori"},{"floor":23,"key":"Ornamental Fan"},{"floor":25,"key":"Frozen Egg 2"},{"floor":26,"key":"Kunai"},{"floor":27,"key":"Anchor"},{"floor":29,"key":"Red Mask"},{"floor":31,"key":"MawBank"},{"floor":40,"key":"Bag of Preparation"},{"floor":42,"key":"Incense Burner"},{"floor":43,"key":"Dodecahedron"},{"floor":48,"key":"Pantograph"}],"event_choices":[{"cards_removed":["Defend_B"],"damage_healed":0,"gold_gain":0,"player_choice":"Card Removal","damage_taken":7,"max_hp_gain":0,"max_hp_loss":0,"event_name":"Golden Wing","floor":2,"gold_loss":0},{"damage_healed":0,"gold_gain":0,"player_choice":"Got Potions","damage_taken":0,"max_hp_gain":0,"max_hp_loss":0,"event_name":"Lab","floor":5,"gold_loss":0},{"damage_healed":0,"gold_gain":0,"player_choice":"Inject Mutagens","damage_taken":0,"relics_obtained":["MutagenicStrength"],"max_hp_gain":0,"max_hp_loss":0,"event_name":"Drug Dealer","floor":19,"gold_loss":0},{"damage_healed":0,"gold_gain":200,"player_choice":"Gold","damage_taken":0,"max_hp_gain":0,"max_hp_loss":0,"event_name":"Wheel of Change","floor":21,"gold_loss":0},{"damage_healed":0,"gold_gain":0,"player_choice":"Fought Bandits","damage_taken":0,"max_hp_gain":0,"max_hp_loss":0,"event_name":"Masked Bandits","floor":29,"gold_loss":0},{"damage_healed":0,"gold_gain":0,"player_choice":"Fight","damage_taken":0,"max_hp_gain":0,"max_hp_loss":0,"event_name":"Mysterious Sphere","floor":42,"gold_loss":0},{"cards_removed":["Strike_G"],"damage_healed":0,"gold_gain":0,"player_choice":"Purged","damage_taken":0,"max_hp_gain":0,"max_hp_loss":0,"event_name":"Purifier","floor":47,"gold_loss":0}],"is_beta":true,"boss_relics":[{"not_picked":["Inserter","Empty Cage"],"picked":"FrozenCore"},{"not_picked":["Black Star","Calling Bell"],"picked":"Fusion Hammer"}],"items_purged_floors":[20,22],"is_endless":false,"potions_floor_spawned":[1,7,10,13,23,27,31,33,39,40,42,46,48],"ascension_level":0}