{"gold_per_floor":[119,194,194,21,21,55,55,85,85,85,101,121,139,167,167,246,246,262,276,276,276,288,288,20,51,51,62,81,81,81,81,81,152,152,168,168,16,33,33,33,59,59,59,85,85,85,118,218,218,218,218],"floor_reached":52,"playtime":4558,"items_purged":["Strike_G+1","Phantasmal Killer+1"],"score":2144,"play_id":"c77ff76e-58a9-403a-aa7c-ad0124aed6c5","local_time":"20191002143721","is_ascension_mode":true,"campfire_choices":[{"data":"Neutralize","floor":7.0,"key":"SMITH"},{"data":"Deadly Poison","floor":10.0,"key":"SMITH"},{"data":"Prepared","floor":15.0,"key":"SMITH"},{"floor":23.0,"key":"REST"},{"floor":29.0,"key":"REST"},{"data":"Footwork","floor":32.0,"key":"SMITH"},{"data":"Noxious Fumes","floor":40,"key":"SMITH"},{"floor":45,"key":"REST"},{"data":"Footwork","floor":49,"key":"SMITH"}],"neow_cost":"NONE","seed_source_timestamp":433115191291637,"circlet_count":0,"master_deck":["AscendersBane","Strike_G+1","Defend_G+1","Defend_G+1","Defend_G+1","Defend_G+1","Defend_G+1","Survivor","Neutralize+1","Flying Knee","Blur","Deadly Poison+1","Prepared+1","Dodge and Roll","Riddle With Holes","Noxious Fumes+1","PiercingWail+1","Footwork+1","PiercingWail+1","Footwork+1","Deflect+1","Escape Plan+1","Malaise+1","PiercingWail+1","Cloak And Dagger+1","Skewer","Dodge and Roll+1"],"special_seed":0,"relics":["Ring of the Serpent","NeowsBlessing","Sling","Orichalcum","Lantern","PreservedInsect","Toxic Egg 2","ClockworkSouvenir","Pantograph","Kunai","Cursed Key","Bottled Tornado","Bag of Preparation","Pen Nib","TungstenRod"],"potions_floor_usage":[44,50],"damage_taken":[{"damage":0.0,"enemies":"Small Slimes","floor":1.0,"turns":1.0},{"damage":0.0,"enemies":"Gremlin Nob","floor":6.0,"turns":1.0},{"damage":0.0,"enemies":"3 Sentries","floor":8.0,"turns":1.0},{"damage":0.0,"enemies":"Jaw Worm","floor":11.0,"turns":3.0},{"damage":0.0,"enemies":"2 Louse","floor":12.0,"turns":3.0},{"damage":6.0,"enemies":"2 Fungi Beasts","floor":13.0,"turns":5.0},{"damage":0.0,"enemies":"Gremlin Nob","floor":14.0,"turns":2.0},{"damage":16.0,"enemies":"The Guardian","floor":16.0,"turns":11.0},{"damage":16.0,"enemies":"2 Thieves","floor":18.0,"turns":5.0},{"damage":17.0,"enemies":"Shell Parasite","floor":19.0,"turns":7.0},{"damage":10.0,"enemies":"Chosen and Byrds","floor":22.0,"turns":9.0},{"damage":0.0,"enemies":"Slavers","floor":25.0,"turns":4.0},{"damage":2.0,"enemies":"Snake Plant","floor":27.0,"turns":6.0},{"damage":0.0,"enemies":"Snecko","floor":28.0,"turns":8.0},{"damage":6.0,"enemies":"Automaton","floor":33.0,"turns":18.0},{"damage":0.0,"enemies":"3 Darklings","floor":35.0,"turns":9.0},{"damage":0.0,"enemies":"Orb Walker","floor":38.0,"turns":7.0},{"damage":29,"enemies":"Nemesis","floor":41,"turns":13},{"damage":0,"enemies":"Giant Head","floor":44,"turns":10},{"damage":0,"enemies":"Nemesis","floor":47,"turns":9},{"damage":0,"enemies":"Mind Bloom Boss Battle","floor":48,"turns":10},{"damage":57,"enemies":"Awakened One","floor":50,"turns":25},{"damage":48,"enemies":"Donu and Deca","floor":51,"turns":16}],"seed_played":"955999100556467389","potions_obtained":[{"floor":12.0,"key":"FearPotion"},{"floor":14.0,"key":"Dexterity Potion"},{"floor":16.0,"key":"Fire Potion"},{"floor":25.0,"key":"DuplicationPotion"},{"floor":27.0,"key":"Fire Potion"},{"floor":28.0,"key":"SpeedPotion"},{"floor":35.0,"key":"GamblersBrew"},{"floor":41,"key":"Regen Potion"}],"is_trial":false,"path_per_floor":["M","?","?","$","?","E","R","E","T","R","M","M","M","E","R","B",null,"M","M","?","?","M","R","$","E","T","M","M","R","?","?","R","B",null,"M","?","$","M","?","R","E","?","T","E","R","?","E","?","R","B","B",null],"character_chosen":"THE_SILENT","items_purchased":["Sling","ClockworkSouvenir","Footwork","Cloak And Dagger+1"],"campfire_rested":3,"item_purchase_floors":[4,24,24,37],"current_hp_per_floor":[59,48,53,53,46,46,46,46,46,46,46,46,40,40,40,24,59,43,26,26,26,16,37,37,37,37,35,35,56,56,56,56,65,70,70,70,70,70,70,70,41,41,41,41,62,62,62,67,67,25,2],"gold":218,"neow_bonus":"THREE_ENEMY_KILL","is_prod":false,"is_daily":false,"chose_seed":false,"campfire_upgraded":6,"win_rate":0,"timestamp":1570005441,"path_taken":["M","?","?","?","?","E","R","E","T","R","M","M","M","E","R","BOSS","M","M","?","?","M","R","$","E","T","?","M","R","?","?","R","BOSS","M","?","$","M","?","R","E","?","T","E","R","?","E","?","R","BOSS","BOSS"],"build_version":"2019-10-01","purchased_purges":2,"victory":true,"max_hp_per_floor":[66,66,71,71,71,71,71,71,71,71,71,71,71,71,71,71,71,71,71,71,71,71,71,71,71,71,71,71,71,71,71,71,71,71,71,71,71,71,71,71,71,71,71,71,71,67,67,67,67,67,67],"card_choices":[{"not_picked":["Slice","Deflect"],"picked":"Flying Knee","floor":1.0},{"not_picked":["Blade Dance","Underhanded Strike"],"picked":"Blur","floor":6.0},{"not_picked":["Tools of the Trade","Slice"],"picked":"Deadly Poison","floor":8.0},{"not_picked":["Quick Slash","Flying Knee"],"picked":"Prepared","floor":11.0},{"not_picked":["Outmaneuver","Infinite Blades"],"picked":"Dodge and Roll","floor":12.0},{"not_picked":["Outmaneuver","Flying Knee","Riddle With Holes"],"picked":"SKIP","floor":13.0},{"not_picked":["Outmaneuver","Flying Knee"],"picked":"Riddle With Holes","floor":13.0},{"not_picked":["Outmaneuver","Blur"],"picked":"Noxious Fumes","floor":14.0},{"not_picked":["Glass Knife","A Thousand Cuts"],"picked":"Die Die Die","floor":16.0},{"not_picked":["Catalyst+1","Backflip+1"],"picked":"PiercingWail+1","floor":18.0},{"not_picked":["Dodge and Roll+1","Dash"],"picked":"Footwork","floor":19.0},{"not_picked":["Sucker Punch","Tactician+1","Quick Slash"],"picked":"SKIP","floor":22.0},{"not_picked":["Outmaneuver+1","Prepared+1","Slice"],"picked":"SKIP","floor":25.0},{"not_picked":["All Out Attack+1","Infinite Blades","Riddle With Holes"],"picked":"SKIP","floor":27.0},{"not_picked":["Flechettes","Heel Hook"],"picked":"Deflect+1","floor":28.0},{"not_picked":["Die Die Die","Envenom"],"picked":"Malaise+1","floor":33.0},{"not_picked":["Choke","Sucker Punch"],"picked":"PiercingWail+1","floor":35.0},{"not_picked":["Deadly Poison+1","Expertise+1","PiercingWail+1"],"picked":"SKIP","floor":38.0},{"not_picked":["Sucker Punch+1","PiercingWail+1","Masterful Stab"],"picked":"SKIP","floor":41},{"not_picked":["Backstab","Choke"],"picked":"Skewer","floor":44},{"not_picked":["Tactician+1","Dagger Throw+1","Terror+1"],"picked":"SKIP","floor":47},{"not_picked":["Predator+1","Caltrops"],"picked":"Dodge and Roll+1","floor":48}],"player_experience":1809222,"relics_obtained":[{"floor":6.0,"key":"Orichalcum"},{"floor":8.0,"key":"Lantern"},{"floor":9.0,"key":"PreservedInsect"},{"floor":14.0,"key":"Toxic Egg 2"},{"floor":25.0,"key":"Pantograph"},{"floor":26.0,"key":"Kunai"},{"floor":41,"key":"Bottled Tornado"},{"floor":44,"key":"Bag of Preparation"},{"floor":47,"key":"Pen Nib"},{"floor":48,"key":"TungstenRod"}],"event_choices":[{"damage_healed":0.0,"max_hp_gain":0.0,"max_hp_loss":0.0,"gold_gain":75.0,"event_name":"World of Goop","player_choice":"Gather Gold","floor":2.0,"gold_loss":0.0,"damage_taken":11.0},{"damage_healed":0.0,"max_hp_gain":5.0,"max_hp_loss":0.0,"gold_gain":0.0,"event_name":"Big Fish","player_choice":"Donut","floor":3.0,"gold_loss":0.0,"damage_taken":0.0},{"cards_removed":["Strike_G"],"damage_healed":0.0,"max_hp_gain":0.0,"max_hp_loss":0.0,"gold_gain":0.0,"event_name":"Golden Wing","player_choice":"Card Removal","floor":5.0,"gold_loss":0.0,"damage_taken":7.0},{"damage_healed":0.0,"max_hp_gain":0.0,"max_hp_loss":0.0,"gold_gain":0.0,"event_name":"Back to Basics","player_choice":"Simplicity","floor":20.0,"gold_loss":0.0,"damage_taken":0.0,"cards_upgraded":["Strike_G","Strike_G","Strike_G","Strike_G","Defend_G","Defend_G","Defend_G","Defend_G","Defend_G"]},{"damage_healed":0.0,"max_hp_gain":0.0,"max_hp_loss":0.0,"gold_gain":0.0,"event_name":"Duplicator","player_choice":"Copied","floor":21.0,"gold_loss":0.0,"damage_taken":0.0,"cards_obtained":["PiercingWail"]},{"damage_healed":0.0,"max_hp_gain":0.0,"max_hp_loss":0.0,"gold_gain":0.0,"event_name":"Ghosts","player_choice":"Ignored","floor":30.0,"gold_loss":0.0,"damage_taken":0.0},{"damage_healed":0.0,"max_hp_gain":0.0,"max_hp_loss":0.0,"gold_gain":0.0,"cards_transformed":["Strike_G","Strike_G"],"event_name":"Drug Dealer","player_choice":"Became Test Subject","floor":31.0,"gold_loss":0.0,"damage_taken":0.0,"cards_obtained":["Phantasmal Killer","Escape Plan"]},{"damage_healed":0.0,"max_hp_gain":0.0,"max_hp_loss":0.0,"gold_gain":0.0,"event_name":"Tomb of Lord Red Mask","player_choice":"Ignored","floor":36.0,"gold_loss":0.0,"damage_taken":0.0},{"damage_healed":0,"gold_gain":0,"player_choice":"Ignored","damage_taken":0,"max_hp_gain":0,"max_hp_loss":0,"event_name":"Mysterious Sphere","floor":39,"gold_loss":0},{"cards_removed":["Die Die Die"],"damage_healed":0,"gold_gain":0,"player_choice":"Removed Attack","damage_taken":0,"max_hp_gain":0,"max_hp_loss":0,"event_name":"Falling","floor":42,"gold_loss":0},{"damage_healed":0,"gold_gain":0,"player_choice":"Max HP","damage_taken":0,"max_hp_gain":0,"max_hp_loss":4,"event_name":"Winding Halls","floor":46,"gold_loss":0},{"damage_healed":0,"gold_gain":0,"player_choice":"Fight","damage_taken":0,"max_hp_gain":0,"max_hp_loss":0,"event_name":"MindBloom","floor":48,"gold_loss":0}],"is_beta":true,"boss_relics":[{"not_picked":["Ectoplasm","WristBlade"],"picked":"Ring of the Serpent"},{"not_picked":["Snecko Eye","Sozu"],"picked":"Cursed Key"}],"items_purged_floors":[24,37],"is_endless":false,"potions_floor_spawned":[12,14,16,25,27,28,35,38,41],"ascension_level":20}