{"gold_per_floor":[113,23,23,42,42,42,75,75,101,118,118,268,268,289,289,289],"floor_reached":16,"playtime":368,"items_purged":[],"score":234,"play_id":"369e857f-dbc1-4e31-bd97-7cbcfa90baf4","local_time":"20190709142750","is_ascension_mode":true,"campfire_choices":[{"data":"Bouncing Flask","floor":6.0,"key":"SMITH"},{"data":"Neutralize","floor":8.0,"key":"SMITH"},{"data":"Deadly Poison","floor":11.0,"key":"SMITH"},{"floor":15,"key":"REST"}],"neow_cost":"NONE","seed_source_timestamp":8569080054095255,"circlet_count":0,"master_deck":["AscendersBane","Strike_G","Strike_G","Strike_G","Strike_G","Strike_G","Defend_G","Defend_G","Defend_G","Defend_G","Survivor","Neutralize+1","Flying Knee","Bouncing Flask+1","Deadly Poison+1","Deadly Poison"],"special_seed":0,"relics":["Ring of the Snake","NeowsBlessing","FaceOfCleric","Question Card","Omamori","Golden Idol"],"potions_floor_usage":[16],"damage_taken":[{"damage":0.0,"enemies":"Jaw Worm","floor":1.0,"turns":1.0},{"damage":0.0,"enemies":"Cultist","floor":4.0,"turns":1.0},{"damage":0.0,"enemies":"Lagavulin","floor":7.0,"turns":1.0},{"damage":5.0,"enemies":"Small Slimes","floor":10.0,"turns":3.0},{"damage":15,"enemies":"3 Louse","floor":14,"turns":5},{"damage":44,"enemies":"Slime Boss","floor":16,"turns":6}],"seed_played":"3243299001210333508","potions_obtained":[{"floor":14,"key":"SpeedPotion"}],"is_trial":false,"path_per_floor":["M","$","?","M","?","R","E","R","T","M","R","?","?","M","R","B"],"character_chosen":"THE_SILENT","items_purchased":["Bouncing Flask"],"campfire_rested":1,"item_purchase_floors":[2],"current_hp_per_floor":[59,59,59,60,53,53,54,54,54,50,50,50,26,12,33,0],"gold":289,"neow_bonus":"THREE_ENEMY_KILL","is_prod":false,"is_daily":false,"chose_seed":false,"campfire_upgraded":3,"win_rate":0,"timestamp":1562660870,"path_taken":["M","$","?","?","?","R","E","R","T","M","R","?","?","M","R","BOSS"],"build_version":"2019-07-05","purchased_purges":0,"victory":false,"max_hp_per_floor":[66,66,66,67,67,67,68,68,68,69,69,69,69,70,70,70],"card_choices":[{"not_picked":["PiercingWail","Outmaneuver"],"picked":"Flying Knee","floor":1.0},{"not_picked":["Dodge and Roll","Grand Finale","Blur"],"picked":"SKIP","floor":4.0},{"not_picked":["Bane","Dagger Throw"],"picked":"Deadly Poison","floor":7.0},{"not_picked":["Dodge and Roll","Skewer","Choke","PiercingWail"],"picked":"SKIP","floor":10.0},{"not_picked":["Setup","Outmaneuver","Dagger Spray"],"picked":"Deadly Poison","floor":14}],"player_experience":1510708,"relics_obtained":[{"floor":7.0,"key":"Question Card"},{"floor":9.0,"key":"Omamori"}],"event_choices":[{"damage_healed":0.0,"max_hp_gain":0.0,"max_hp_loss":0.0,"gold_gain":0.0,"event_name":"FaceTrader","player_choice":"Trade","floor":3.0,"gold_loss":0.0,"damage_taken":0.0,"relics_obtained":["FaceOfCleric"]},{"cards_removed":["Defend_G"],"damage_healed":0.0,"max_hp_gain":0.0,"max_hp_loss":0.0,"gold_gain":0.0,"event_name":"Golden Wing","player_choice":"Card Removal","floor":5.0,"gold_loss":0.0,"damage_taken":7.0},{"damage_healed":0.0,"max_hp_gain":0.0,"max_hp_loss":0.0,"gold_gain":150.0,"event_name":"Liars Game","player_choice":"AGREE","floor":12.0,"gold_loss":0.0,"damage_taken":0.0,"cards_obtained":["Doubt"]},{"damage_healed":0.0,"max_hp_gain":0.0,"max_hp_loss":0.0,"gold_gain":0.0,"event_name":"Golden Idol","player_choice":"Take Damage","floor":13.0,"gold_loss":0.0,"damage_taken":24.0,"relics_obtained":["Golden Idol"]}],"is_beta":false,"boss_relics":[],"items_purged_floors":[],"is_endless":false,"potions_floor_spawned":[14],"killed_by":"Slime Boss","ascension_level":18}