{"gold_per_floor":[118,137,154,168,185,185,215,215,238,238,257,291,301,301,301,404,404,329,349,349,43,63,63,63],"floor_reached":24,"playtime":2314,"items_purged":["Strike_B"],"score":208,"play_id":"7772f6a3-10a6-4430-bd78-31433b7a79c5","local_time":"20190310202749","is_ascension_mode":false,"campfire_choices":[{"floor":6,"key":"REST"},{"floor":8,"key":"REST"},{"floor":15,"key":"REST"},{"data":"Capacitor","floor":23,"key":"SMITH"}],"neow_cost":"PERCENT_DAMAGE","seed_source_timestamp":16772133812741,"circlet_count":0,"master_deck":["Strike_B","Strike_B","Strike_B","Defend_B","Defend_B","Defend_B","Defend_B+1","Zap","Dualcast","Stack","Storm","Thunder Strike","Glacier","Hello World+1","Chaos","Reinforced Body","Coolheaded","Multi-Cast+1","Creative AI","Electrodynamics","Capacitor+1","Steam Power"],"relics":["Cracked Core","Calipers","Pantograph","Anchor","Omamori","Nuclear Battery","War Paint"],"potions_floor_usage":[7,12],"damage_taken":[{"damage":1,"enemies":"Jaw Worm","floor":1,"turns":4},{"damage":0,"enemies":"Small Slimes","floor":2,"turns":3},{"damage":8,"enemies":"Cultist","floor":3,"turns":5},{"damage":18,"enemies":"2 Fungi Beasts","floor":4,"turns":4},{"damage":19,"enemies":"3 Louse","floor":5,"turns":5},{"damage":27,"enemies":"Gremlin Nob","floor":7,"turns":7},{"damage":0,"enemies":"Red Slaver","floor":11,"turns":5},{"damage":2,"enemies":"3 Sentries","floor":12,"turns":9},{"damage":1,"enemies":"Blue Slaver","floor":13,"turns":5},{"damage":43,"enemies":"Slime Boss","floor":16,"turns":17},{"damage":11,"enemies":"2 Thieves","floor":18,"turns":5},{"damage":3,"enemies":"Spheric Guardian","floor":19,"turns":4},{"damage":6,"enemies":"Shelled Parasite and Fungi","floor":22,"turns":5},{"damage":42,"enemies":"Book of Stabbing","floor":24,"turns":8}],"seed_played":"-7813582015295606479","potions_obtained":[{"floor":3,"key":"Strength Potion"},{"floor":5,"key":"PowerPotion"},{"floor":11,"key":"SkillPotion"},{"floor":12,"key":"LiquidBronze"},{"floor":13,"key":"LiquidBronze"},{"floor":19,"key":"Weak Potion"}],"is_trial":false,"path_per_floor":["M","M","M","M","M","R","E","R","T","?","M","E","M","$","R","B",null,"M","M","?","$","M","R","E"],"character_chosen":"DEFECT","items_purchased":["Capacitor","War Paint"],"campfire_rested":3,"item_purchase_floors":[21,21],"current_hp_per_floor":[53,53,45,27,8,30,3,25,25,25,25,23,22,22,44,26,75,64,61,47,47,41,41,0],"gold":63,"neow_bonus":"ONE_RARE_RELIC","is_prod":false,"is_daily":false,"chose_seed":false,"campfire_upgraded":1,"win_rate":0.0,"timestamp":1552264069,"path_taken":["M","M","M","M","M","R","E","R","T","?","M","E","M","$","R","BOSS","M","M","?","$","M","R","E"],"build_version":"2019-01-23","purchased_purges":1,"victory":false,"max_hp_per_floor":[75,75,75,75,75,75,75,75,75,75,75,75,75,75,75,75,75,75,75,80,80,80,80,80],"card_choices":[{"not_picked":["Compile Driver","Barrage"],"picked":"Stack","floor":1},{"not_picked":["Streamline","Sweeping Beam"],"picked":"Storm","floor":2},{"not_picked":["Hello World","Gash"],"picked":"Thunder Strike","floor":3},{"not_picked":["FTL","Go for the Eyes"],"picked":"Glacier","floor":4},{"not_picked":["Go for the Eyes","Coolheaded"],"picked":"Hello World","floor":5},{"not_picked":["Defragment","Coolheaded"],"picked":"Chaos","floor":7},{"not_picked":["Compile Driver","Streamline"],"picked":"Reinforced Body","floor":11},{"not_picked":["Steam","Stack"],"picked":"Coolheaded","floor":12},{"not_picked":["Stack","Hologram"],"picked":"Multi-Cast","floor":13},{"not_picked":["Thunder Strike","All For One"],"picked":"Creative AI","floor":16},{"not_picked":["Cold Snap","Steam","Beam Cell"],"picked":"SKIP","floor":18},{"not_picked":["Leap","Go for the Eyes"],"picked":"Electrodynamics","floor":19},{"not_picked":["Hologram","Force Field"],"picked":"Steam Power","floor":22}],"player_experience":19737,"relics_obtained":[{"floor":7,"key":"Pantograph"},{"floor":9,"key":"Anchor"},{"floor":12,"key":"Omamori"}],"event_choices":[{"damage_healed":0,"gold_gain":0,"player_choice":"Grow","damage_taken":0,"max_hp_gain":0,"max_hp_loss":0,"event_name":"Living Wall","floor":10,"gold_loss":0,"cards_upgraded":["Hello World"]},{"damage_healed":0,"gold_gain":0,"player_choice":"Shed Blood","damage_taken":19,"max_hp_gain":5,"max_hp_loss":0,"event_name":"Forgotten Altar","floor":20,"gold_loss":0}],"is_beta":false,"boss_relics":[{"not_picked":["Runic Dome","Ectoplasm"],"picked":"Nuclear Battery"}],"items_purged_floors":[21],"is_endless":false,"potions_floor_spawned":[3,5,11,12,13,19],"killed_by":"Book of Stabbing","ascension_level":0}