{"gold_per_floor":[113,113,13,24,24,24,59,59,136,157,157,81,121,142,142,238,238,259,259,259,270,282,282,616,628,628,654,670,670,595,648,648,727,727,744,759,782,438,538,538,538,538,590,590,617,628,628,658,658,658],"floor_reached":50,"playtime":1993,"items_purged":["Strike_G","Strike_G"],"score":1213,"play_id":"53660a36-8f37-401b-8d54-c37f3da65cb5","local_time":"20190719180142","is_ascension_mode":true,"campfire_choices":[{"data":"Dash","floor":6,"key":"SMITH"},{"data":"Adrenaline","floor":11,"key":"SMITH"},{"data":"Caltrops","floor":15,"key":"SMITH"},{"floor":23,"key":"DIG"},{"floor":29,"key":"DIG"},{"floor":32,"key":"DIG"},{"floor":40,"key":"DIG"},{"floor":42,"key":"DIG"},{"floor":44,"key":"DIG"},{"data":"Footwork","floor":49,"key":"SMITH"}],"neow_cost":"NONE","seed_source_timestamp":9444314087785068,"circlet_count":0,"master_deck":["AscendersBane","Strike_G","Defend_G+1","Defend_G","Defend_G","Defend_G","Defend_G","Survivor","Neutralize","Poisoned Stab","Backstab","Dagger Spray","Dash+1","Crippling Poison+1","Adrenaline+1","Caltrops+1","Adrenaline","Crippling Poison+1","Quick Slash","Infinite Blades","Escape Plan","After Image","After Image","Footwork+1","Endless Agony","Adrenaline"],"relics":["Ring of the Serpent","NeowsBlessing","Bloody Idol","Paper Crane","Shuriken","Shovel","Eternal Feather","Bottled Flame","Old Coin","Torii","Ninja Scroll","Dream Catcher","Tiny Chest","Boot","Juzu Bracelet","Bag of Marbles","Pocketwatch","PreservedInsect","Blue Candle","Strawberry","The Courier","Turnip","Pantograph"],"potions_floor_usage":[13,16,24,27,27,33,50],"damage_taken":[{"damage":0,"enemies":"Jaw Worm","floor":1,"turns":1},{"damage":0,"enemies":"Cultist","floor":4,"turns":1},{"damage":0,"enemies":"3 Sentries","floor":7,"turns":1},{"damage":0,"enemies":"Small Slimes","floor":10,"turns":2},{"damage":0,"enemies":"Gremlin Nob","floor":13,"turns":3},{"damage":0,"enemies":"3 Louse","floor":14,"turns":1},{"damage":21,"enemies":"Hexaghost","floor":16,"turns":8},{"damage":0,"enemies":"3 Byrds","floor":18,"turns":2},{"damage":0,"enemies":"2 Thieves","floor":21,"turns":4},{"damage":13,"enemies":"Shelled Parasite and Fungi","floor":22,"turns":5},{"damage":40,"enemies":"Gremlin Leader","floor":24,"turns":6},{"damage":16,"enemies":"Snecko","floor":25,"turns":5},{"damage":10,"enemies":"Book of Stabbing","floor":27,"turns":5},{"damage":1,"enemies":"Cultist and Chosen","floor":28,"turns":6},{"damage":43,"enemies":"Champ","floor":33,"turns":13},{"damage":25,"enemies":"3 Darklings","floor":35,"turns":5},{"damage":6,"enemies":"3 Shapes","floor":36,"turns":2},{"damage":0,"enemies":"Mind Bloom Boss Battle","floor":39,"turns":6},{"damage":39,"enemies":"Reptomancer","floor":45,"turns":6},{"damage":30,"enemies":"Transient","floor":46,"turns":6},{"damage":1,"enemies":"Nemesis","floor":48,"turns":5},{"damage":57,"enemies":"Time Eater","floor":50,"turns":10}],"seed_played":"-3521222978772934870","potions_obtained":[{"floor":1,"key":"Strength Potion"},{"floor":10,"key":"SkillPotion"},{"floor":13,"key":"Dexterity Potion"},{"floor":18,"key":"PowerPotion"},{"floor":24,"key":"Swift Potion"},{"floor":25,"key":"PowerPotion"},{"floor":27,"key":"SpeedPotion"},{"floor":35,"key":"GamblersBrew"},{"floor":41,"key":"Strength Potion"},{"floor":45,"key":"Block Potion"}],"is_trial":false,"path_per_floor":["M","?","$","M","?","R","E","?","T","M","R","$","E","M","R","B",null,"M","?","?","M","M","R","E","M","T","E","M","R","?","T","R","B",null,"M","M","T","$","?","R","?","R","T","R","E","M","?","E","R","B"],"character_chosen":"THE_SILENT","items_purchased":["Dagger Spray","Caltrops","Footwork","Bag of Marbles"],"campfire_rested":0,"item_purchase_floors":[3,12,38,38],"current_hp_per_floor":[59,59,59,59,59,59,59,41,41,41,41,41,41,41,41,20,50,50,50,50,60,52,60,30,19,19,14,18,30,30,40,52,14,49,29,28,33,33,38,50,50,60,67,67,33,8,55,55,55,0],"gold":658,"neow_bonus":"THREE_ENEMY_KILL","is_prod":false,"is_daily":false,"chose_seed":false,"campfire_upgraded":4,"win_rate":0,"timestamp":1563537702,"path_taken":["M","?","?","M","?","R","E","?","T","M","R","$","E","M","R","BOSS","M","?","?","?","M","R","E","M","T","E","M","R","?","?","R","BOSS","M","M","?","$","?","R","?","R","T","R","E","M","?","E","R","BOSS"],"build_version":"2019-07-17","purchased_purges":2,"victory":false,"max_hp_per_floor":[66,66,66,66,60,60,60,60,60,60,60,60,60,60,60,60,60,60,60,60,60,60,60,60,60,60,60,60,60,60,60,60,60,60,60,60,60,60,60,60,60,60,67,67,67,67,55,55,55,55],"card_choices":[{"not_picked":["Leg Sweep","Tactician"],"picked":"Poisoned Stab","floor":1},{"not_picked":["Distraction","Flying Knee"],"picked":"Dash","floor":4},{"not_picked":["Quick Slash","Deadly Poison"],"picked":"Crippling Poison","floor":7},{"not_picked":["Underhanded Strike","Outmaneuver"],"picked":"Adrenaline","floor":10},{"not_picked":["Terror","Concentrate"],"picked":"Adrenaline","floor":13},{"not_picked":["Outmaneuver","Flying Knee","Blade Dance"],"picked":"SKIP","floor":14},{"not_picked":["Outmaneuver","Calculated Gamble"],"picked":"Crippling Poison","floor":18},{"not_picked":["Underhanded Strike","Outmaneuver"],"picked":"Quick Slash","floor":21},{"not_picked":["Underhanded Strike","All Out Attack"],"picked":"Infinite Blades","floor":22},{"not_picked":["Bane","Tactician","Reflex"],"picked":"SKIP","floor":24},{"not_picked":["Masterful Stab","Outmaneuver"],"picked":"Escape Plan","floor":25},{"not_picked":["Dagger Spray","Eviscerate"],"picked":"After Image","floor":27},{"not_picked":["Acrobatics","Bane","Poisoned Stab"],"picked":"SKIP","floor":28},{"not_picked":["Malaise","Phantasmal Killer"],"picked":"After Image","floor":33},{"not_picked":["Sucker Punch","Acrobatics","Dodge and Roll"],"picked":"SKIP","floor":35},{"not_picked":["Underhanded Strike+1","Bane+1","Flechettes"],"picked":"SKIP","floor":36},{"not_picked":["Underhanded Strike","Skewer+1","Setup"],"picked":"SKIP","floor":45},{"not_picked":["Accuracy+1","Outmaneuver+1"],"picked":"Endless Agony","floor":46},{"not_picked":["Bouncing Flask+1","Deflect"],"picked":"Adrenaline","floor":48}],"player_experience":1568357,"relics_obtained":[{"floor":7,"key":"Paper Crane"},{"floor":9,"key":"Shuriken"},{"floor":13,"key":"Shovel"},{"floor":23,"key":"Bottled Flame"},{"floor":24,"key":"Old Coin"},{"floor":26,"key":"Torii"},{"floor":27,"key":"Ninja Scroll"},{"floor":29,"key":"Dream Catcher"},{"floor":31,"key":"Tiny Chest"},{"floor":32,"key":"Boot"},{"floor":37,"key":"Juzu Bracelet"},{"floor":39,"key":"Pocketwatch"},{"floor":40,"key":"PreservedInsect"},{"floor":42,"key":"Blue Candle"},{"floor":43,"key":"Strawberry"},{"floor":44,"key":"The Courier"},{"floor":45,"key":"Turnip"},{"floor":48,"key":"Pantograph"}],"event_choices":[{"damage_healed":0,"gold_gain":0,"cards_transformed":["Strike_G"],"player_choice":"Transformed","damage_taken":0,"max_hp_gain":0,"max_hp_loss":0,"event_name":"Transmorgrifier","floor":2,"gold_loss":0,"cards_obtained":["Backstab"]},{"damage_healed":0,"gold_gain":0,"player_choice":"Lose Max HP","damage_taken":0,"relics_obtained":["Golden Idol"],"max_hp_gain":0,"max_hp_loss":6,"event_name":"Golden Idol","floor":5,"gold_loss":0},{"damage_healed":0,"gold_gain":0,"player_choice":"Entered Light","damage_taken":18,"max_hp_gain":0,"max_hp_loss":0,"event_name":"Shining Light","floor":8,"gold_loss":0,"cards_upgraded":["Defend_G","Crippling Poison"]},{"damage_healed":0,"gold_gain":0,"player_choice":"Gave Idol","damage_taken":0,"relics_obtained":["Bloody Idol"],"max_hp_gain":0,"max_hp_loss":0,"event_name":"Forgotten Altar","floor":19,"relics_lost":["Golden Idol"],"gold_loss":0},{"damage_healed":0,"gold_gain":0,"player_choice":"Upgraded","damage_taken":0,"max_hp_gain":0,"max_hp_loss":0,"event_name":"Upgrade Shrine","floor":20,"gold_loss":0,"cards_upgraded":["Crippling Poison"]},{"cards_removed":["Strike_G"],"damage_healed":0,"gold_gain":0,"player_choice":"Gave Gold","damage_taken":0,"max_hp_gain":0,"max_hp_loss":0,"event_name":"Beggar","floor":30,"gold_loss":75},{"damage_healed":0,"gold_gain":0,"player_choice":"Fight","damage_taken":0,"max_hp_gain":0,"max_hp_loss":0,"event_name":"MindBloom","floor":39,"gold_loss":0},{"damage_healed":0,"gold_gain":0,"player_choice":"Got Potions","damage_taken":0,"max_hp_gain":0,"max_hp_loss":0,"event_name":"Lab","floor":41,"gold_loss":0},{"damage_healed":55,"gold_gain":0,"player_choice":"Heal","damage_taken":0,"max_hp_gain":0,"max_hp_loss":12,"event_name":"The Moai Head","floor":47,"gold_loss":0}],"is_beta":false,"boss_relics":[{"not_picked":["Philosopher\u0027s Stone","Ectoplasm"],"picked":"Eternal Feather"},{"not_picked":["Orrery","Calling Bell"],"picked":"Ring of the Serpent"}],"items_purged_floors":[3,38],"is_endless":false,"potions_floor_spawned":[1,10,13,14,18,22,24,25,27,35,45,46],"killed_by":"Time Eater","ascension_level":20}