{"gold_per_floor":[119,129,129,28,41,41,77,77,156,166,166,199,221,256,256,339,409,422,434,159,159,14,14,33,33,59,83,83,108,134,134],"floor_reached":31,"playtime":2334,"items_purged":["Riddle With Holes","Choke"],"score":523,"play_id":"e34e70da-e517-478a-a3aa-8f01e52e4e9e","local_time":"20190926174817","is_ascension_mode":true,"campfire_choices":[{"data":"Catalyst","floor":6,"key":"SMITH"},{"data":"Neutralize","floor":8,"key":"SMITH"},{"data":"Bouncing Flask","floor":11,"key":"SMITH"},{"floor":15,"key":"REST"},{"data":"Backflip","floor":23,"key":"SMITH"},{"data":"Noxious Fumes","floor":25,"key":"SMITH"},{"floor":28,"key":"REST"}],"neow_cost":"NONE","seed_source_timestamp":417213858672100,"circlet_count":0,"master_deck":["AscendersBane","Survivor+1","Neutralize+1","Skewer","Bouncing Flask+1","Catalyst+1","Dagger Spray","Backstab","PiercingWail","Expertise","Backflip+1","Corpse Explosion","Dagger Throw","Expertise","Caltrops","Unload","Cloak And Dagger","Catalyst","Endless Agony","Malaise","Noxious Fumes+1","PiercingWail","Footwork","Backflip"],"relics":["Ring of the Snake","InkBottle","CeramicFish","Bottled Lightning","Potion Belt","Bag of Preparation","OrangePellets","Nloth\u0027s Gift","Regal Pillow","StrikeDummy"],"potions_floor_usage":[12,13,14,27,29],"damage_taken":[{"damage":2,"enemies":"Jaw Worm","floor":1,"turns":7},{"damage":2,"enemies":"Cultist","floor":2,"turns":4},{"damage":10,"enemies":"Small Slimes","floor":5,"turns":4},{"damage":1,"enemies":"Gremlin Nob","floor":7,"turns":3},{"damage":4,"enemies":"Blue Slaver","floor":10,"turns":3},{"damage":15,"enemies":"3 Sentries","floor":12,"turns":8},{"damage":0,"enemies":"Lots of Slimes","floor":13,"turns":2},{"damage":3,"enemies":"Gremlin Nob","floor":14,"turns":3},{"damage":15,"enemies":"The Guardian","floor":16,"turns":7},{"damage":0,"enemies":"3 Byrds","floor":18,"turns":3},{"damage":14,"enemies":"Shell Parasite","floor":19,"turns":3},{"damage":0,"enemies":"3 Cultists","floor":24,"turns":3},{"damage":17,"enemies":"Centurion and Healer","floor":27,"turns":5},{"damage":9,"enemies":"Slavers","floor":29,"turns":3},{"damage":9,"enemies":"Snake Plant","floor":30,"turns":5},{"damage":39,"enemies":"Gremlin Leader","floor":31,"turns":5}],"seed_played":"-3481642740936040020","potions_obtained":[{"floor":1,"key":"SpeedPotion"},{"floor":5,"key":"Block Potion"},{"floor":10,"key":"SneckoOil"},{"floor":13,"key":"Swift Potion"},{"floor":16,"key":"LiquidBronze"},{"floor":18,"key":"SkillPotion"},{"floor":19,"key":"SkillPotion"},{"floor":24,"key":"Fire Potion"}],"is_trial":false,"path_per_floor":["M","M","?","$","M","R","E","R","T","M","R","E","M","E","R","B",null,"M","M","$","?","$","R","M","R","T","M","R","E","M","E"],"character_chosen":"THE_SILENT","items_purchased":["Catalyst","Dagger Spray","Noxious Fumes","OrangePellets","PiercingWail"],"campfire_rested":2,"item_purchase_floors":[4,4,20,20,22],"current_hp_per_floor":[57,55,35,35,25,25,24,24,24,20,20,5,5,2,21,6,51,51,37,37,37,37,37,37,37,37,20,54,45,36,0],"gold":134,"neow_bonus":"RANDOM_COMMON_RELIC","is_prod":false,"is_daily":false,"chose_seed":false,"campfire_upgraded":5,"win_rate":0,"timestamp":1569487697,"path_taken":["M","M","?","$","M","R","E","R","T","M","R","E","M","E","R","BOSS","M","M","$","?","$","R","M","R","T","?","R","E","M","E"],"build_version":"2019-09-25","purchased_purges":2,"victory":false,"max_hp_per_floor":[66,66,66,66,66,66,66,66,66,66,66,66,66,66,66,66,66,66,66,66,66,66,66,66,66,66,66,66,66,66,66],"card_choices":[{"not_picked":["Underhanded Strike","Acrobatics"],"picked":"Skewer","floor":1},{"not_picked":["PiercingWail","Flying Knee"],"picked":"Bouncing Flask","floor":2},{"not_picked":["Predator","All Out Attack","Outmaneuver"],"picked":"SKIP","floor":5},{"not_picked":["Bouncing Flask","Dagger Throw"],"picked":"Backstab","floor":7},{"not_picked":["Slice","Poisoned Stab","Infinite Blades"],"picked":"SKIP","floor":10},{"not_picked":["Calculated Gamble","Concentrate"],"picked":"PiercingWail","floor":12},{"not_picked":["Poisoned Stab","Concentrate"],"picked":"Expertise","floor":13},{"not_picked":["Quick Slash","Dagger Spray"],"picked":"Backflip","floor":14},{"not_picked":["Grand Finale","After Image"],"picked":"Corpse Explosion","floor":16},{"not_picked":["Reflex+1","Dagger Throw","Underhanded Strike"],"picked":"SKIP","floor":18},{"not_picked":["Underhanded Strike","Catalyst","Infinite Blades"],"picked":"SKIP","floor":19},{"not_picked":["Expertise","Slice","Dagger Spray+1"],"picked":"SKIP","floor":24},{"not_picked":["Acrobatics","Glass Knife"],"picked":"Footwork","floor":27},{"not_picked":["Terror","Prepared","Noxious Fumes"],"picked":"SKIP","floor":29},{"not_picked":["Terror","Prepared","Noxious Fumes"],"picked":"SKIP","floor":29},{"not_picked":["Venomology","Underhanded Strike"],"picked":"Backflip","floor":30}],"player_experience":862045,"relics_obtained":[{"floor":7,"key":"CeramicFish"},{"floor":9,"key":"Bottled Lightning"},{"floor":12,"key":"Potion Belt"},{"floor":14,"key":"Bag of Preparation"},{"floor":26,"key":"Regal Pillow"},{"floor":29,"key":"StrikeDummy"}],"event_choices":[{"damage_healed":0,"gold_gain":0,"player_choice":"Entered Light","damage_taken":20,"max_hp_gain":0,"max_hp_loss":0,"event_name":"Shining Light","floor":3,"gold_loss":0,"cards_upgraded":["Defend_G","Survivor"]},{"damage_healed":0,"gold_gain":0,"player_choice":"Traded Relic","damage_taken":0,"relics_obtained":["Nloth\u0027s Gift"],"max_hp_gain":0,"max_hp_loss":0,"event_name":"N\u0027loth","floor":21,"relics_lost":["Pandora\u0027s Box"],"gold_loss":0}],"is_beta":true,"boss_relics":[{"not_picked":["Runic Pyramid","Black Star"],"picked":"Pandora\u0027s Box"}],"items_purged_floors":[20,22],"is_endless":false,"potions_floor_spawned":[1,5,10,13,16,18,19,24],"killed_by":"Gremlin Leader","ascension_level":18}