{"gold_per_floor":[144,189,234,279,324,324,414,459,489,489,489,489,489,534,534,834,834,879,879,879,139,184,184,229,229,254,299,59,104,194,239,239,539,539,584,184,229,274,319,409,409,409,409,454,499,499,625,715,715,715],"floor_reached":51,"playtime":3150,"items_purged":["Pain","Pain"],"score":858,"play_id":"a6ad53b7-c802-45e2-a563-b89f94543679","local_time":"20190914001502","daily_mods":["Heirloom","ControlledChaos","Midas"],"is_ascension_mode":false,"campfire_choices":[{"floor":6,"key":"REST"},{"floor":11,"key":"REST"},{"floor":13,"key":"REST"},{"floor":15,"key":"REST"},{"floor":23,"key":"REST"},{"floor":25,"key":"REST"},{"floor":32,"key":"REST"},{"floor":41,"key":"REST"},{"floor":46,"key":"REST"},{"data":"1","floor":49,"key":"LIFT"}],"neow_cost":"","seed_source_timestamp":0,"circlet_count":0,"master_deck":["Strike_B+1","Strike_B+1","Strike_B+1","Strike_B","Defend_B+1","Defend_B+1","Defend_B","Defend_B","Zap","Dualcast","Conserve Battery","Ball Lightning","Loop","Buffer","Rainbow+1","Parasite","Clumsy","Genetic Algorithm+1","Genetic Algorithm","Ball Lightning+1","Chill+1","Echo Form+1","Echo Form+1","Consume+1"],"special_seed":18153,"relics":["Cracked Core","Frozen Eye","Dead Branch","Vajra","Tiny Chest","WarpedTongs","Calling Bell","War Paint","The Courier","Prayer Wheel","Whetstone","Bottled Lightning","Gambling Chip","Bag of Preparation","Lantern","Strawberry","Oddly Smooth Stone","Bronze Scales","Frozen Egg 2","Busted Crown","Anchor","Gremlin Horn","Calipers","Bottled Flame","Orichalcum","Girya","Ancient Tea Set"],"potions_floor_usage":[7,29,30,33,33,44,50,50,50],"damage_taken":[{"damage":1,"enemies":"Cultist","floor":1,"turns":3},{"damage":1,"enemies":"2 Louse","floor":2,"turns":3},{"damage":1,"enemies":"Jaw Worm","floor":3,"turns":3},{"damage":8,"enemies":"Red Slaver","floor":4,"turns":3},{"damage":9,"enemies":"2 Fungi Beasts","floor":5,"turns":3},{"damage":20,"enemies":"Gremlin Nob","floor":7,"turns":5},{"damage":7,"enemies":"Exordium Thugs","floor":8,"turns":4},{"damage":11,"enemies":"Looter","floor":14,"turns":3},{"damage":54,"enemies":"Hexaghost","floor":16,"turns":6},{"damage":2,"enemies":"Chosen","floor":18,"turns":4},{"damage":34,"enemies":"2 Thieves","floor":22,"turns":5},{"damage":0,"enemies":"Snecko","floor":24,"turns":5},{"damage":26,"enemies":"Snake Plant","floor":27,"turns":5},{"damage":34,"enemies":"3 Cultists","floor":29,"turns":5},{"damage":7,"enemies":"Book of Stabbing","floor":30,"turns":5},{"damage":20,"enemies":"Centurion and Healer","floor":31,"turns":5},{"damage":29,"enemies":"Collector","floor":33,"turns":10},{"damage":0,"enemies":"Orb Walker","floor":35,"turns":4},{"damage":0,"enemies":"3 Shapes","floor":37,"turns":4},{"damage":14,"enemies":"Sphere and 2 Shapes","floor":38,"turns":3},{"damage":0,"enemies":"Maw","floor":39,"turns":7},{"damage":32,"enemies":"Giant Head","floor":40,"turns":5},{"damage":7,"enemies":"Writhing Mass","floor":44,"turns":6},{"damage":0,"enemies":"4 Shapes","floor":45,"turns":5},{"damage":3,"enemies":"2 Orb Walkers","floor":47,"turns":5},{"damage":0,"enemies":"Reptomancer","floor":48,"turns":5},{"damage":34,"enemies":"Time Eater","floor":50,"turns":6}],"seed_played":"-580646412001775198","potions_obtained":[{"floor":3,"key":"EssenceOfSteel"},{"floor":7,"key":"SteroidPotion"},{"floor":16,"key":"Regen Potion"},{"floor":18,"key":"SteroidPotion"},{"floor":30,"key":"SteroidPotion"},{"floor":31,"key":"FocusPotion"},{"floor":39,"key":"Fire Potion"},{"floor":44,"key":"FearPotion"},{"floor":45,"key":"SpeedPotion"},{"floor":47,"key":"Regen Potion"}],"is_trial":false,"path_per_floor":["M","M","M","M","M","R","E","M","T","?","R","?","R","M","R","B",null,"M","T","?","$","M","R","M","R","T","M","$","M","E","M","R","B",null,"M","$","M","M","M","E","R","T","T","M","M","R","?","E","R","B",null],"character_chosen":"DEFECT","items_purchased":["Bottled Lightning","Gambling Chip","Bag of Preparation","Lantern","Oddly Smooth Stone","Bronze Scales","Anchor","Gremlin Horn"],"campfire_rested":9,"item_purchase_floors":[21,21,21,21,28,28,36,36],"current_hp_per_floor":[74,73,72,64,55,75,55,48,48,33,55,55,75,64,75,21,75,73,73,59,59,25,49,49,73,80,54,54,32,25,5,31,2,87,87,87,87,73,73,41,67,67,67,60,60,86,83,83,83,54],"gold":715,"neow_bonus":"","is_prod":false,"is_daily":true,"chose_seed":false,"campfire_upgraded":0,"win_rate":0,"timestamp":1568434502,"path_taken":["M","M","M","M","M","R","E","?","T","?","R","?","R","M","R","BOSS","M","?","?","$","M","R","M","R","T","M","$","?","E","M","R","BOSS","M","$","M","M","M","E","R","?","T","M","M","R","?","E","R","BOSS"],"build_version":"2019-07-17","purchased_purges":2,"victory":true,"max_hp_per_floor":[75,75,75,75,75,75,75,75,75,75,75,75,75,75,75,75,75,75,75,80,80,80,80,80,80,87,87,87,87,87,87,87,87,87,87,87,87,87,87,87,87,87,87,87,87,87,87,87,87,87],"card_choices":[{"not_picked":["Rebound","Recycle","Hologram"],"picked":"SKIP","floor":1},{"not_picked":["Leap","Go for the Eyes"],"picked":"Conserve Battery","floor":2},{"not_picked":["Sweeping Beam","Thunder Strike"],"picked":"Ball Lightning","floor":3},{"not_picked":["Coolheaded","Streamline"],"picked":"Loop","floor":4},{"not_picked":["Turbo","Conserve Battery","Go for the Eyes"],"picked":"SKIP","floor":5},{"not_picked":["Sweeping Beam","Storm"],"picked":"Buffer","floor":7},{"not_picked":["Reprogram","Go for the Eyes","Storm"],"picked":"SKIP","floor":8},{"not_picked":["Compile Driver","Sunder","Turbo"],"picked":"SKIP","floor":14},{"not_picked":["Amplify","Seek"],"picked":"Rainbow","floor":16},{"not_picked":["Glacier","Reinforced Body"],"picked":"Genetic Algorithm+1","floor":18},{"not_picked":["Auto Shields","Scrape","Gash"],"picked":"SKIP","floor":18},{"not_picked":["Conserve Battery","Loop","Cold Snap"],"picked":"SKIP","floor":22},{"not_picked":["Coolheaded","Go for the Eyes","Recycle"],"picked":"SKIP","floor":22},{"not_picked":["Streamline","BootSequence"],"picked":"Genetic Algorithm","floor":24},{"not_picked":["Streamline","Go for the Eyes","Coolheaded+1"],"picked":"SKIP","floor":24},{"not_picked":["Compile Driver","Steam","Barrage"],"picked":"SKIP","floor":27},{"not_picked":["Coolheaded","Gash","Hyperbeam"],"picked":"SKIP","floor":27},{"not_picked":["Glacier","Conserve Battery+1"],"picked":"Ball Lightning+1","floor":29},{"not_picked":["Leap","Steam"],"picked":"Chill+1","floor":29},{"not_picked":["Scrape+1","Redo","Coolheaded"],"picked":"SKIP","floor":30},{"not_picked":["Cold Snap+1","Sunder"],"picked":"Echo Form+1","floor":31},{"not_picked":["Stack","Streamline+1","Cold Snap"],"picked":"SKIP","floor":31},{"not_picked":["Hyperbeam","Machine Learning+1"],"picked":"Echo Form+1","floor":33},{"not_picked":["Cold Snap"],"picked":"SKIP","floor":35},{"not_picked":["Sunder+1"],"picked":"SKIP","floor":35},{"not_picked":["Melter+1"],"picked":"SKIP","floor":37},{"not_picked":["Go for the Eyes+1"],"picked":"SKIP","floor":37},{"not_picked":["Sweeping Beam"],"picked":"SKIP","floor":38},{"not_picked":["Rip and Tear+1"],"picked":"SKIP","floor":38},{"not_picked":[],"picked":"Consume+1","floor":39},{"not_picked":["Gash"],"picked":"SKIP","floor":39},{"not_picked":["Streamline+1"],"picked":"SKIP","floor":40},{"not_picked":["Cold Snap"],"picked":"SKIP","floor":44},{"not_picked":["Hello World+1"],"picked":"SKIP","floor":44},{"not_picked":["Beam Cell+1"],"picked":"SKIP","floor":45},{"not_picked":["Redo"],"picked":"SKIP","floor":45},{"not_picked":["Meteor Strike"],"picked":"SKIP","floor":48}],"player_experience":187670,"relics_obtained":[{"floor":7,"key":"Vajra"},{"floor":9,"key":"Tiny Chest"},{"floor":17,"key":"War Paint"},{"floor":17,"key":"The Courier"},{"floor":17,"key":"Prayer Wheel"},{"floor":19,"key":"Whetstone"},{"floor":26,"key":"Strawberry"},{"floor":30,"key":"Frozen Egg 2"},{"floor":40,"key":"Calipers"},{"floor":42,"key":"Bottled Flame"},{"floor":43,"key":"Orichalcum"},{"floor":47,"key":"Girya"},{"floor":48,"key":"Ancient Tea Set"}],"event_choices":[{"damage_healed":0,"gold_gain":0,"player_choice":"Entered Light","damage_taken":15,"max_hp_gain":0,"max_hp_loss":0,"event_name":"Shining Light","floor":10,"gold_loss":0,"cards_upgraded":["Defend_B","Strike_B"]},{"damage_healed":0,"gold_gain":0,"player_choice":"Rummage","damage_taken":0,"relics_obtained":["WarpedTongs"],"max_hp_gain":0,"max_hp_loss":0,"event_name":"Accursed Blacksmith","floor":12,"gold_loss":0,"cards_obtained":["Pain"]},{"damage_healed":0,"gold_gain":0,"player_choice":"Shed Blood","damage_taken":19,"max_hp_gain":5,"max_hp_loss":0,"event_name":"Forgotten Altar","floor":20,"gold_loss":0},{"damage_healed":0,"gold_gain":0,"player_choice":"Fight","damage_taken":0,"max_hp_gain":0,"max_hp_loss":0,"event_name":"Mysterious Sphere","floor":47,"gold_loss":0}],"is_beta":false,"boss_relics":[{"not_picked":["Black Star","Astrolabe"],"picked":"Calling Bell"},{"not_picked":["Runic Pyramid","Coffee Dripper"],"picked":"Busted Crown"}],"items_purged_floors":[21,36],"is_endless":false,"potions_floor_spawned":[3,7,16,18,22,30,31,39,44,45,47,48],"ascension_level":0}