{"gold_per_floor":[109,124,124,136,146,178,194,194,262,277,305,305,365,375,375,450,450,470,481,493,27,43,43,43,74,74,74,103,119,119,134,134,134],"floor_reached":33,"playtime":938,"items_purged":[],"score":697,"play_id":"c454e057-8f53-4cc4-8858-1381fae7f058","local_time":"20191002104142","is_ascension_mode":true,"campfire_choices":[{"data":"Perfected Strike","floor":8,"key":"SMITH"},{"floor":12,"key":"REST"},{"data":"Perfected Strike","floor":15,"key":"SMITH"},{"floor":23,"key":"REST"},{"floor":27,"key":"REST"},{"floor":32,"key":"REST"}],"neow_cost":"NONE","seed_source_timestamp":73640047859700,"circlet_count":0,"master_deck":["AscendersBane","Strike_R","Strike_R","Strike_R+1","Strike_R","Strike_R","Defend_R","Defend_R","Defend_R","Bash","Perfected Strike","Twin Strike","Flame Barrier","Wild Strike","Perfected Strike+1","Twin Strike+1","Perfected Strike+1","Power Through","Fiend Fire","Ghostly Armor","Perfected Strike+1","Metallicize","Swift Strike","Pommel Strike","Flame Barrier+1","Perfected Strike","Warcry+1","Corruption+1"],"relics":["Burning Blood","InkBottle","Toy Ornithopter","Tiny Chest","Fusion Hammer","DollysMirror","Orichalcum","Dream Catcher","Dodecahedron","Whetstone"],"potions_floor_usage":[13,16,25,33],"damage_taken":[{"damage":0,"enemies":"Small Slimes","floor":1,"turns":2},{"damage":0,"enemies":"Cultist","floor":2,"turns":2},{"damage":6,"enemies":"2 Louse","floor":4,"turns":2},{"damage":0,"enemies":"Exordium Wildlife","floor":5,"turns":3},{"damage":25,"enemies":"3 Sentries","floor":6,"turns":9},{"damage":16,"enemies":"Large Slime","floor":7,"turns":5},{"damage":12,"enemies":"Gremlin Gang","floor":10,"turns":6},{"damage":23,"enemies":"Lagavulin","floor":11,"turns":4},{"damage":8,"enemies":"Gremlin Nob","floor":13,"turns":3},{"damage":9,"enemies":"Red Slaver","floor":14,"turns":2},{"damage":41,"enemies":"The Guardian","floor":16,"turns":10},{"damage":9,"enemies":"Shell Parasite","floor":18,"turns":3},{"damage":12,"enemies":"2 Thieves","floor":19,"turns":3},{"damage":7,"enemies":"3 Cultists","floor":20,"turns":6},{"damage":5,"enemies":"Centurion and Healer","floor":22,"turns":4},{"damage":0,"enemies":"Gremlin Leader","floor":25,"turns":5},{"damage":9,"enemies":"Book of Stabbing","floor":28,"turns":4},{"damage":15,"enemies":"Snake Plant","floor":29,"turns":2},{"damage":15,"enemies":"Sentry and Sphere","floor":31,"turns":5},{"damage":87,"enemies":"Champ","floor":33,"turns":7}],"seed_played":"4289214776932465360","potions_obtained":[{"floor":2,"key":"SkillPotion"},{"floor":7,"key":"Strength Potion"},{"floor":18,"key":"Dexterity Potion"},{"floor":22,"key":"Swift Potion"}],"is_trial":false,"path_per_floor":["M","M","?","M","M","E","M","R","T","M","E","R","E","M","R","B",null,"M","M","M","$","M","R","$","E","T","R","E","M","?","M","R","B"],"character_chosen":"IRONCLAD","items_purchased":["DollysMirror","Orichalcum","Metallicize","Swift Strike"],"campfire_rested":4,"item_purchase_floors":[21,21,21,21],"current_hp_per_floor":[74,75,75,75,75,56,46,46,46,40,23,45,48,45,45,15,60,57,51,50,50,51,73,73,75,75,75,72,63,63,54,75,0],"gold":134,"neow_bonus":"THREE_CARDS","is_prod":false,"is_daily":false,"chose_seed":false,"campfire_upgraded":2,"win_rate":0,"timestamp":1570038102,"path_taken":["M","M","?","M","M","E","M","R","T","M","E","R","E","?","R","BOSS","M","M","M","$","M","R","$","E","T","R","E","M","?","M","R","BOSS"],"build_version":"2019-10-01","purchased_purges":0,"victory":false,"max_hp_per_floor":[75,75,75,75,75,75,75,75,75,75,75,75,75,75,75,75,75,75,75,75,75,75,75,75,75,75,75,75,75,75,75,75,75],"card_choices":[{"not_picked":["Shrug It Off","Whirlwind"],"picked":"Perfected Strike","floor":0},{"not_picked":["Body Slam","Iron Wave"],"picked":"Twin Strike","floor":1},{"not_picked":["Iron Wave","Intimidate"],"picked":"Flame Barrier","floor":2},{"not_picked":["Reaper","Havoc"],"picked":"Wild Strike","floor":4},{"not_picked":["Havoc","Clothesline"],"picked":"Perfected Strike","floor":5},{"not_picked":["Dropkick","Blood for Blood","Whirlwind"],"picked":"SKIP","floor":6},{"not_picked":["Cleave","Iron Wave"],"picked":"Twin Strike","floor":7},{"not_picked":["Anger","Iron Wave"],"picked":"Perfected Strike","floor":10},{"not_picked":["Iron Wave","Sword Boomerang","Shockwave"],"picked":"SKIP","floor":11},{"not_picked":["Uppercut","Cleave"],"picked":"Power Through","floor":13},{"not_picked":["Warcry","Sword Boomerang","Carnage"],"picked":"SKIP","floor":14},{"not_picked":["Demon Form","Reaper"],"picked":"Fiend Fire","floor":16},{"not_picked":["Headbutt","Clash"],"picked":"Ghostly Armor","floor":18},{"not_picked":["Burning Pact","Corruption","Whirlwind"],"picked":"SKIP","floor":19},{"not_picked":["Armaments","Rage","Spot Weakness"],"picked":"SKIP","floor":20},{"not_picked":["Armaments","Thunderclap"],"picked":"Pommel Strike","floor":22},{"not_picked":["Ghostly Armor","Uppercut"],"picked":"Flame Barrier+1","floor":25},{"not_picked":["Warcry","Heavy Blade","Bludgeon"],"picked":"SKIP","floor":28},{"not_picked":["Headbutt","Sword Boomerang","Cleave"],"picked":"SKIP","floor":29},{"not_picked":["Clothesline","Cleave"],"picked":"Warcry+1","floor":31},{"not_picked":["Warcry","Hemokinesis"],"picked":"Corruption+1","floor":32}],"player_experience":1188434,"relics_obtained":[{"floor":6,"key":"InkBottle"},{"floor":11,"key":"Toy Ornithopter"},{"floor":13,"key":"Tiny Chest"},{"floor":25,"key":"Dream Catcher"},{"floor":26,"key":"Dodecahedron"},{"floor":28,"key":"Whetstone"}],"event_choices":[{"cards_removed":["Defend_R"],"damage_healed":0,"gold_gain":0,"player_choice":"Purged","damage_taken":0,"max_hp_gain":0,"max_hp_loss":0,"event_name":"Purifier","floor":3,"gold_loss":0},{"damage_healed":0,"gold_gain":0,"player_choice":"Read","damage_taken":0,"max_hp_gain":0,"max_hp_loss":0,"event_name":"The Library","floor":30,"gold_loss":0,"cards_obtained":["Perfected Strike"]}],"is_beta":true,"boss_relics":[{"not_picked":["Empty Cage","Busted Crown"],"picked":"Fusion Hammer"}],"items_purged_floors":[],"is_endless":false,"potions_floor_spawned":[2,7,10,11,18,22],"killed_by":"Champ","ascension_level":20}