{"path_per_floor":["M","?","$","M","?","E","R","?","T","M","M","?","M","M","R","B",null,"M","M","$","?","?","E","M","M","T","M","?","M","M","$","R","B",null,"M","$","?","?","M","M","R","M","T","?","R","M","M","$","R","B"],"character_chosen":"IRONCLAD","items_purchased":["Bandage Up","Vajra","Paper Frog","Apotheosis","Inflame","Champion Belt","Strawberry","Ice Cream","Strength Potion","Mummified Hand"],"gold_per_floor":[144,144,47,92,92,182,182,326,326,371,416,416,461,506,506,806,806,851,896,421,346,376,466,511,556,556,601,601,646,691,130,130,430,430,475,325,325,325,370,415,415,460,535,535,535,580,625,25,25,25],"floor_reached":51,"campfire_rested":6,"playtime":3605,"current_hp_per_floor":[80,64,64,71,76,61,80,75,75,76,73,73,76,80,75,12,75,71,77,77,77,77,79,79,82,82,82,82,85,88,88,83,52,83,67,74,63,63,69,67,85,69,69,69,84,66,70,70,79,48],"items_purged":["Strike_R"],"gold":25,"score":648,"play_id":"e70dd664-8a13-4a74-b2c7-242964e26c0c","local_time":"20180314203658","daily_mods":["Time Dilation","Midas","Night Terrors"],"is_prod":false,"is_daily":true,"is_ascension_mode":false,"campfire_upgraded":0,"timestamp":1521085018,"path_taken":["M","?","$","M","?","E","R","?","T","M","?","?","M","M","R","BOSS","M","M","$","?","?","E","?","M","T","M","?","M","M","?","R","BOSS","M","$","?","?","M","M","R","?","T","?","R","M","M","$","R","BOSS"],"build_version":"2018-03-12v2","purchased_purges":4,"victory":true,"master_deck":["Strike_R+1","Defend_R","Defend_R","Defend_R","Bash","Seeing Red+1","Bandage Up","Seeing Red","Offering","Armaments","Intimidate","Cleave","Feed","Whirlwind+1","Carnage+1","Sword Boomerang+1","Thunderclap","Flex","Clothesline+1","Shrug It Off","Rage","Bloodletting","Apotheosis","Inflame","Demon Form","Madness","Madness","Body Slam+1","Metallicize+1","Iron Wave","Bludgeon"],"max_hp_per_floor":[80,80,80,80,85,85,80,80,80,80,80,80,80,80,75,75,75,79,79,79,79,79,79,79,82,82,82,82,85,88,88,83,83,83,83,90,90,90,90,90,85,89,89,89,84,84,84,84,79,79],"relics":["Burning Blood","Anchor","Lantern","Omamori","Astrolabe","Vajra","Paper Frog","Tiny Chest","Ornamental Fan","Ancient Tea Set","Champion Belt","Question Card","Strawberry","Centennial Puzzle","Ice Cream","Mummified Hand"],"card_choices":[{"not_picked":["Bloodletting","Iron Wave"],"picked":"Seeing Red"},{"not_picked":["Second Wind","Wild Strike"],"picked":"Seeing Red"},{"not_picked":["Ghostly Armor","Wild Strike"],"picked":"Offering"},{"not_picked":["Bloodletting","Dropkick"],"picked":"Armaments"},{"not_picked":["Wild Strike","Pommel Strike"],"picked":"Intimidate"},{"not_picked":["Seeing Red","Heavy Blade"],"picked":"Cleave"},{"not_picked":["Dark Embrace","Reaper"],"picked":"Feed"},{"not_picked":["Clothesline","Twin Strike"],"picked":"Thunderclap"},{"not_picked":["Pommel Strike","Thunderclap"],"picked":"Flex"},{"not_picked":["Heavy Blade","Anger"],"picked":"Clothesline"},{"not_picked":["Dropkick","Headbutt"],"picked":"Shrug It Off"},{"not_picked":["Sword Boomerang","Armaments"],"picked":"Rage"},{"not_picked":["Juggernaut","Anger"],"picked":"Bloodletting"},{"not_picked":["Berserk","Feed"],"picked":"Demon Form"},{"not_picked":["Perfected Strike","Anger","Twin Strike"],"picked":"Body Slam"},{"not_picked":["Carnage","Heavy Blade","Evolve"],"picked":"Metallicize"},{"not_picked":["Thunderclap","Armaments","Pommel Strike"],"picked":"Iron Wave"},{"not_picked":["Feel No Pain","Wild Strike","Flex"],"picked":"Bludgeon"}],"player_experience":360592,"potions_floor_usage":[6,6,16,16,23,30,33,42,50,50,50],"damage_taken":[{"damage":1,"enemies":"Jaw Worm","floor":1,"turns":3},{"damage":3,"enemies":"Small Slimes","floor":4,"turns":3},{"damage":25,"enemies":"Lagavulin","floor":6,"turns":6},{"damage":15,"enemies":"3 Sentries","floor":8,"turns":8},{"damage":5,"enemies":"Cultist","floor":10,"turns":3},{"damage":15,"enemies":"Large Slime","floor":11,"turns":5},{"damage":7,"enemies":"Exordium Thugs","floor":13,"turns":5},{"damage":4,"enemies":"3 Louse","floor":14,"turns":3},{"damage":73,"enemies":"Hexaghost","floor":16,"turns":12},{"damage":14,"enemies":"Spheric Guardian","floor":18,"turns":3},{"damage":6,"enemies":"Shell Parasite","floor":19,"turns":3},{"damage":4,"enemies":"Gremlin Leader","floor":23,"turns":3},{"damage":0,"enemies":"Chosen and Byrds","floor":24,"turns":3},{"damage":4,"enemies":"Cultist and Chosen","floor":25,"turns":3},{"damage":1,"enemies":"Snake Plant","floor":27,"turns":2},{"damage":4,"enemies":"Snecko","floor":29,"turns":2},{"damage":5,"enemies":"Centurion and Healer","floor":30,"turns":5},{"damage":43,"enemies":"Champ","floor":33,"turns":7},{"damage":22,"enemies":"Flame Bruiser 1 Orb","floor":35,"turns":4},{"damage":4,"enemies":"3 Darklings","floor":39,"turns":1},{"damage":14,"enemies":"Spire Growth","floor":40,"turns":4},{"damage":26,"enemies":"4 Shapes","floor":42,"turns":6},{"damage":24,"enemies":"Sphere and 2 Shapes","floor":46,"turns":2},{"damage":8,"enemies":"Flame Bruiser 2 Orb","floor":47,"turns":3},{"damage":43,"enemies":"Time Eater","floor":50,"turns":8}],"event_choices":[{"event_name":"Shining Light","player_choice":"Entered Light","floor":2,"damage_taken":0},{"event_name":"Big Fish","player_choice":"Donut","floor":5,"damage_taken":0},{"event_name":"Dead Adventurer","player_choice":"Searched \u00272\u0027 times","floor":8,"damage_taken":0},{"event_name":"The Lab","player_choice":"Got Potions","floor":12,"damage_taken":0},{"event_name":"Beggar","player_choice":"Gave Gold","floor":21,"damage_taken":0},{"event_name":"The Mausoleum","player_choice":"Yes","floor":22,"damage_taken":0},{"event_name":"Vampires","player_choice":"Ignored","floor":28,"damage_taken":0},{"event_name":"Winding Halls","player_choice":"Embrace Madness","floor":37,"damage_taken":0},{"event_name":"Mysterious Sphere","player_choice":"Ignore","floor":38,"damage_taken":0},{"event_name":"Tomb of Lord Red Mask","player_choice":"Ignored","floor":44,"damage_taken":0}],"boss_relics":[{"not_picked":["Runic Pyramid","White Beast Statue"],"picked":"Astrolabe"},{"not_picked":["Tiny House","Runic Dome"],"picked":"Question Card"}],"potions_floor_spawned":[1,4,13,18,19,25,29,35,39,40,46],"seed_played":"-8839551872236863781","ascension_level":0,"is_trial":false}