{"gold_per_floor":[359,359,359,47,64,91,7,17,44,44,59,85,85,103,103,182,182,195,195,295,102,102,102,117,117,117,43,53,53,53,67,67,139,139,150,200,117,117,217,217,217,252,252,252,270,289,324,195,195,195],"floor_reached":51,"playtime":5042,"items_purged":["Strike_G","Strike_G","Strike_G+1"],"score":1429,"play_id":"36bf2721-50ef-4c10-874b-589623587d32","local_time":"20190626183851","is_ascension_mode":true,"campfire_choices":[{"floor":10.0,"key":"REST"},{"data":"Enlightenment","floor":13.0,"key":"SMITH"},{"data":"Dash","floor":15.0,"key":"SMITH"},{"floor":23.0,"key":"REST"},{"floor":25.0,"key":"REST"},{"floor":29.0,"key":"REST"},{"floor":32.0,"key":"REST"},{"floor":40.0,"key":"REST"},{"data":"Ghostly","floor":44.0,"key":"SMITH"},{"data":"Ghostly","floor":49.0,"key":"SMITH"}],"neow_cost":"CURSE","seed_source_timestamp":7454562952046858,"circlet_count":0,"master_deck":["AscendersBane","Defend_G+1","Defend_G+1","Defend_G+1","Defend_G+1","Strike_G+1","Strike_G+1","Survivor","Neutralize","Bouncing Flask","Noxious Fumes","Dash+1","Enlightenment+1","Bouncing Flask","Riddle With Holes","Blur","Leg Sweep","Ghostly+1","Ghostly+1","Ghostly+1","Footwork","Footwork","Predator","Burst+1","Madness","Madness","Die Die Die","Calculated Gamble+1","Escape Plan"],"special_seed":0,"relics":["Ring of the Snake","PreservedInsect","Lantern","Kunai","Runic Pyramid","Turnip","Bottled Lightning","Thread and Needle","Black Star","Unceasing Top","War Paint","Gremlin Horn","Pear","Blood Vial","Smiling Mask"],"potions_floor_usage":[50,50],"damage_taken":[{"damage":4.0,"enemies":"Small Slimes","floor":1.0,"turns":4.0},{"damage":2.0,"enemies":"Jaw Worm","floor":5.0,"turns":4.0},{"damage":22.0,"enemies":"Lagavulin","floor":6.0,"turns":5.0},{"damage":0.0,"enemies":"Cultist","floor":8.0,"turns":3.0},{"damage":3.0,"enemies":"Looter","floor":11.0,"turns":3.0},{"damage":0.0,"enemies":"Gremlin Nob","floor":12.0,"turns":2.0},{"damage":12.0,"enemies":"Large Slime","floor":14.0,"turns":4.0},{"damage":9.0,"enemies":"The Guardian","floor":16.0,"turns":10.0},{"damage":10.0,"enemies":"Shell Parasite","floor":18.0,"turns":4.0},{"damage":25.0,"enemies":"Colosseum Slavers","floor":20.0,"turns":3.0},{"damage":17.0,"enemies":"Colosseum Nobs","floor":20.0,"turns":5.0},{"damage":3.0,"enemies":"3 Byrds","floor":24.0,"turns":6.0},{"damage":2.0,"enemies":"3 Cultists","floor":28.0,"turns":8.0},{"damage":7.0,"enemies":"Snake Plant","floor":31.0,"turns":5.0},{"damage":0.0,"enemies":"Champ","floor":33.0,"turns":14.0},{"damage":0.0,"enemies":"3 Shapes","floor":35.0,"turns":8.0},{"damage":0.0,"enemies":"Mind Bloom Boss Battle","floor":39.0,"turns":10.0},{"damage":3.0,"enemies":"Nemesis","floor":42.0,"turns":9.0},{"damage":1.0,"enemies":"Orb Walker","floor":45.0,"turns":7.0},{"damage":8.0,"enemies":"Spire Growth","floor":46.0,"turns":7.0},{"damage":0.0,"enemies":"Reptomancer","floor":47.0,"turns":9.0},{"damage":25,"enemies":"Awakened One","floor":50,"turns":35}],"seed_played":"2234036208211305093","potions_obtained":[{"floor":1.0,"key":"Strength Potion"},{"floor":5.0,"key":"GamblersBrew"},{"floor":11.0,"key":"SteroidPotion"},{"floor":18.0,"key":"AttackPotion"},{"floor":24.0,"key":"Explosive Potion"},{"floor":31.0,"key":"Strength Potion"},{"floor":39.0,"key":"Weak Potion"},{"floor":42.0,"key":"SneckoOil"}],"is_trial":false,"path_per_floor":["M","?","?","$","M","E","$","M","T","R","M","E","R","M","R","B",null,"M","?","?","$","?","R","M","R","T","$","M","R","?","M","R","B",null,"M","?","$","?","?","R","?","E","T","R","M","M","E","$","R","B",null],"character_chosen":"THE_SILENT","items_purchased":["Noxious Fumes","Dash","Enlightenment","GamblersBrew","Leg Sweep","SkillPotion","Footwork","EssenceOfSteel","Escape Plan"],"campfire_rested":6,"item_purchase_floors":[4,4,4,7,21,21,27,37,48],"current_hp_per_floor":[55,48,48,48,46,24,24,24,24,43,40,40,40,28,28,19,54,44,44,2,2,2,11,8,17,17,17,15,24,24,17,26,26,31,31,28,28,22,22,31,31,28,38,38,37,29,29,29,29,6],"gold":195,"neow_bonus":"TWO_FIFTY_GOLD","is_prod":false,"is_daily":false,"chose_seed":false,"campfire_upgraded":4,"win_rate":0,"timestamp":1561552731,"path_taken":["M","?","?","$","M","E","$","M","T","R","?","E","R","M","R","BOSS","M","?","?","$","?","R","M","R","T","$","M","R","?","?","R","BOSS","M","?","?","?","?","R","?","E","T","R","M","M","E","$","R","BOSS"],"build_version":"2019-01-23","purchased_purges":3,"victory":true,"max_hp_per_floor":[66,66,66,66,66,66,66,66,66,66,66,66,66,66,66,66,66,66,66,66,66,33,33,33,33,33,33,33,33,33,33,33,33,33,33,33,33,33,33,33,33,33,43,43,43,43,43,43,43,43],"card_choices":[{"not_picked":["Dagger Throw","Eviscerate"],"picked":"Bouncing Flask","floor":1.0},{"not_picked":["Prepared","Flechettes","Skewer"],"picked":"SKIP","floor":5.0},{"not_picked":["Prepared","Flechettes","Skewer"],"picked":"SKIP","floor":5.0},{"not_picked":["Choke","After Image"],"picked":"Bouncing Flask","floor":6.0},{"not_picked":["Masterful Stab","Sucker Punch"],"picked":"Riddle With Holes","floor":8.0},{"not_picked":["Dagger Throw","Flechettes","Cloak And Dagger"],"picked":"SKIP","floor":11.0},{"not_picked":["Poisoned Stab","Underhanded Strike","Choke"],"picked":"SKIP","floor":12.0},{"not_picked":["Flying Knee","Acrobatics","Choke"],"picked":"SKIP","floor":14.0},{"not_picked":["Slice+1","Sucker Punch","Cloak And Dagger"],"picked":"SKIP","floor":18.0},{"not_picked":["Deflect","Quick Slash"],"picked":"Blur","floor":20.0},{"not_picked":["Deadly Poison","Caltrops"],"picked":"Footwork","floor":24.0},{"not_picked":["Accuracy","Dagger Spray","Underhanded Strike+1"],"picked":"SKIP","floor":28.0},{"not_picked":["Acrobatics","PiercingWail"],"picked":"Predator","floor":31.0},{"not_picked":["Phantasmal Killer","Wraith Form v2"],"picked":"Burst","floor":33.0},{"not_picked":["PiercingWail","Reflex+1","Infinite Blades"],"picked":"SKIP","floor":35.0},{"not_picked":["Slice+1","All Out Attack","PiercingWail+1"],"picked":"SKIP","floor":42.0},{"not_picked":["Prepared","Bane+1","PiercingWail+1"],"picked":"SKIP","floor":45.0},{"not_picked":["Dagger Throw","Sucker Punch"],"picked":"Die Die Die","floor":46.0},{"not_picked":["Infinite Blades","Reflex"],"picked":"Calculated Gamble+1","floor":47.0}],"player_experience":1468263,"relics_obtained":[{"floor":6.0,"key":"PreservedInsect"},{"floor":9.0,"key":"Lantern"},{"floor":12.0,"key":"Kunai"},{"floor":20.0,"key":"Turnip"},{"floor":20.0,"key":"Bottled Lightning"},{"floor":26.0,"key":"Thread and Needle"},{"floor":39.0,"key":"Unceasing Top"},{"floor":42.0,"key":"War Paint"},{"floor":42.0,"key":"Gremlin Horn"},{"floor":43.0,"key":"Pear"},{"floor":47.0,"key":"Blood Vial"},{"floor":47.0,"key":"Smiling Mask"}],"event_choices":[{"cards_removed":["Normality"],"damage_healed":0.0,"max_hp_gain":0.0,"max_hp_loss":0.0,"gold_gain":0.0,"event_name":"Golden Wing","player_choice":"Card Removal","floor":2.0,"gold_loss":0.0,"damage_taken":7.0},{"cards_removed":["Defend_G"],"damage_healed":0.0,"max_hp_gain":0.0,"max_hp_loss":0.0,"gold_gain":0.0,"event_name":"Purifier","player_choice":"Purged","floor":3.0,"gold_loss":0.0,"damage_taken":0.0},{"damage_healed":0.0,"max_hp_gain":0.0,"max_hp_loss":0.0,"gold_gain":0.0,"event_name":"Cursed Tome","player_choice":"Ignored","floor":19.0,"gold_loss":0.0,"damage_taken":0.0},{"damage_healed":0.0,"max_hp_gain":0.0,"max_hp_loss":0.0,"gold_gain":0.0,"event_name":"Colosseum","player_choice":"Fight","floor":20.0,"gold_loss":0.0,"damage_taken":0.0},{"damage_healed":0.0,"max_hp_gain":0.0,"max_hp_loss":0.0,"gold_gain":0.0,"event_name":"Colosseum","player_choice":"Fought Nobs","floor":20.0,"gold_loss":0.0,"damage_taken":0.0},{"damage_healed":0.0,"max_hp_gain":0.0,"max_hp_loss":33.0,"gold_gain":0.0,"event_name":"Ghosts","player_choice":"Became a Ghost","floor":22.0,"gold_loss":0.0,"damage_taken":0.0,"cards_obtained":["Ghostly","Ghostly","Ghostly"]},{"damage_healed":0.0,"max_hp_gain":0.0,"max_hp_loss":0.0,"gold_gain":0.0,"event_name":"Back to Basics","player_choice":"Simplicity","floor":30.0,"gold_loss":0.0,"damage_taken":0.0,"cards_upgraded":["Defend_G","Defend_G","Defend_G","Defend_G","Strike_G","Strike_G","Strike_G"]},{"damage_healed":0.0,"max_hp_gain":0.0,"max_hp_loss":0.0,"gold_gain":50.0,"event_name":"FaceTrader","player_choice":"Touch","floor":36.0,"gold_loss":0.0,"damage_taken":3.0},{"damage_healed":0.0,"max_hp_gain":0.0,"max_hp_loss":0.0,"gold_gain":0.0,"event_name":"Winding Halls","player_choice":"Embrace Madness","floor":38.0,"gold_loss":0.0,"damage_taken":6.0,"cards_obtained":["Madness","Madness"]},{"damage_healed":0.0,"max_hp_gain":0.0,"max_hp_loss":0.0,"gold_gain":0.0,"event_name":"MindBloom","player_choice":"Fight","floor":39.0,"gold_loss":0.0,"damage_taken":0.0},{"damage_healed":0.0,"max_hp_gain":0.0,"max_hp_loss":0.0,"gold_gain":0.0,"event_name":"Mysterious Sphere","player_choice":"Ignored","floor":41.0,"gold_loss":0.0,"damage_taken":0.0}],"is_beta":false,"boss_relics":[{"not_picked":["Astrolabe","Velvet Choker"],"picked":"Runic Pyramid"},{"not_picked":["WristBlade","Pandora\u0027s Box"],"picked":"Black Star"}],"items_purged_floors":[4,21,48],"is_endless":false,"potions_floor_spawned":[1,5,11,18,24,31,39,42,45,46,47],"ascension_level":17}