{"gold_per_floor":[10,10,23,37,37,37,64,64,64,83,97,97,97,127,127,200,200,214,214,231,241,17,17,17,17,40,53,80,100,56,74,74,148,148,165,90,90,90,190,190,90,90,139,139,158,158],"floor_reached":46,"playtime":3406,"items_purged":["Strike_R","Strike_R"],"score":892,"play_id":"5be66202-8986-410b-8a91-5f11b177fbf3","local_time":"20190918173243","is_ascension_mode":true,"campfire_choices":[{"data":"Armaments","floor":6.0,"key":"SMITH"},{"data":"Limit Break","floor":8.0,"key":"SMITH"},{"data":"Bash","floor":12.0,"key":"SMITH"},{"data":"Clothesline","floor":15.0,"key":"SMITH"},{"data":"Whirlwind","floor":23.0,"key":"SMITH"},{"data":"Sword Boomerang","floor":25.0,"key":"SMITH"},{"floor":32.0,"key":"REST"},{"data":"Uppercut","floor":40,"key":"SMITH"},{"data":"Battle Trance","floor":42,"key":"SMITH"}],"neow_cost":"NO_GOLD","seed_source_timestamp":0,"circlet_count":0,"master_deck":["AscendersBane","Defend_R","Defend_R","Defend_R","Defend_R","Bash+1","Iron Wave","Limit Break+1","Clothesline+1","Armaments+1","Pommel Strike","Anger","Twin Strike","Headbutt","Limit Break","True Grit+1","True Grit","Sword Boomerang+1","Uppercut+1","Battle Trance+1","Flame Barrier","Impervious","Writhe","Injury","Shockwave"],"special_seed":0,"relics":["Burning Blood","Du-Vu Doll","Letter Opener","Paper Frog","Orichalcum","Sozu","Red Skull","Self Forming Clay","Regal Pillow","Cursed Key","TungstenRod","Oddly Smooth Stone"],"potions_floor_usage":[],"damage_taken":[{"damage":9.0,"enemies":"Jaw Worm","floor":1.0,"turns":3.0},{"damage":5.0,"enemies":"2 Louse","floor":3.0,"turns":3.0},{"damage":0.0,"enemies":"Cultist","floor":4.0,"turns":4.0},{"damage":25.0,"enemies":"Lagavulin","floor":7.0,"turns":8.0},{"damage":9.0,"enemies":"3 Louse","floor":10.0,"turns":4.0},{"damage":0.0,"enemies":"Gremlin Gang","floor":11.0,"turns":5.0},{"damage":18.0,"enemies":"3 Sentries","floor":14.0,"turns":7.0},{"damage":19.0,"enemies":"Hexaghost","floor":16.0,"turns":9.0},{"damage":19.0,"enemies":"Spheric Guardian","floor":18.0,"turns":4.0},{"damage":6.0,"enemies":"Shell Parasite","floor":20.0,"turns":3.0},{"damage":17.0,"enemies":"Centurion and Healer","floor":21.0,"turns":4.0},{"damage":18.0,"enemies":"Snake Plant","floor":27.0,"turns":4.0},{"damage":23.0,"enemies":"Slavers","floor":28.0,"turns":2.0},{"damage":0.0,"enemies":"Sentry and Sphere","floor":29.0,"turns":2.0},{"damage":4.0,"enemies":"Snecko","floor":31.0,"turns":3.0},{"damage":51.0,"enemies":"Automaton","floor":33.0,"turns":8.0},{"damage":28,"enemies":"3 Darklings","floor":35,"turns":4},{"damage":4,"enemies":"Mind Bloom Boss Battle","floor":39,"turns":6},{"damage":6,"enemies":"3 Shapes","floor":45,"turns":6},{"damage":56,"enemies":"Reptomancer","floor":46,"turns":2}],"seed_played":"-6297039850258107663","potions_obtained":[{"floor":1.0,"key":"SpeedPotion"},{"floor":10.0,"key":"SteroidPotion"},{"floor":11.0,"key":"Block Potion"},{"floor":14.0,"key":"SteroidPotion"}],"is_trial":false,"path_per_floor":["M","?","M","M","?","R","E","R","T","M","M","R","?","E","R","B",null,"M","?","M","M","$","R","T","R","T","M","E","M","$","M","R","B",null,"M","$","?","?","?","R","$","R","T","?","M","E"],"character_chosen":"IRONCLAD","items_purchased":["Red Skull","Sword Boomerang","Flame Barrier"],"campfire_rested":1,"item_purchase_floors":[22,22,30],"current_hp_per_floor":[65,65,66,72,72,72,53,53,53,50,56,56,49,37,37,24,62,49,49,49,38,38,38,38,38,38,26,9,15,15,17,54,9,59,37,37,37,52,54,54,54,54,54,54,54,0],"gold":158,"neow_bonus":"ONE_RARE_RELIC","is_prod":false,"is_daily":false,"chose_seed":false,"campfire_upgraded":8,"win_rate":0,"timestamp":1568795563,"path_taken":["M","?","M","M","?","R","E","R","T","?","M","R","?","E","R","BOSS","M","?","?","M","$","R","?","R","T","M","E","M","?","M","R","BOSS","M","$","?","?","?","R","?","R","T","?","M","E"],"build_version":"2019-09-17","purchased_purges":2,"victory":false,"max_hp_per_floor":[75,75,75,75,75,75,75,75,75,75,75,75,75,75,75,75,75,75,75,75,75,75,75,75,75,75,75,75,75,75,75,75,75,75,75,75,75,75,75,75,75,75,75,75,75,75],"card_choices":[{"not_picked":["Second Wind","Flex"],"picked":"Iron Wave","floor":1.0},{"not_picked":["Blood for Blood","Cleave"],"picked":"Clothesline","floor":3.0},{"not_picked":["Intimidate","Clash"],"picked":"Armaments","floor":4.0},{"not_picked":["Thunderclap","Corruption"],"picked":"Anger","floor":7.0},{"not_picked":["Pummel","Bloodletting"],"picked":"Twin Strike","floor":10.0},{"not_picked":["Iron Wave","Dropkick","Body Slam"],"picked":"SKIP","floor":11.0},{"not_picked":["Corruption","Twin Strike"],"picked":"Headbutt","floor":14.0},{"not_picked":["Exhume","Double Tap"],"picked":"Limit Break","floor":16.0},{"not_picked":["Dual Wield","Rampage"],"picked":"Whirlwind","floor":18.0},{"not_picked":["Armaments","Sword Boomerang"],"picked":"True Grit+1","floor":20.0},{"not_picked":["Corruption","Pummel"],"picked":"True Grit","floor":21.0},{"not_picked":["Rage","Intimidate","True Grit"],"picked":"SKIP","floor":27.0},{"not_picked":["Dropkick+1","Body Slam"],"picked":"Uppercut","floor":28.0},{"not_picked":["Perfected Strike+1","Second Wind"],"picked":"Battle Trance","floor":29.0},{"not_picked":["Flex+1","Wild Strike"],"picked":"Impervious","floor":31.0},{"not_picked":["Armaments","Clothesline","Headbutt"],"picked":"SKIP","floor":35},{"not_picked":["Perfected Strike","Flex"],"picked":"Shockwave","floor":45}],"player_experience":772471,"relics_obtained":[{"floor":7.0,"key":"Letter Opener"},{"floor":9.0,"key":"Paper Frog"},{"floor":14.0,"key":"Orichalcum"},{"floor":24.0,"key":"Self Forming Clay"},{"floor":28.0,"key":"Regal Pillow"},{"floor":39,"key":"TungstenRod"},{"floor":43,"key":"Oddly Smooth Stone"}],"event_choices":[{"damage_healed":0.0,"max_hp_gain":0.0,"max_hp_loss":0.0,"gold_gain":0.0,"cards_transformed":["Strike_R"],"event_name":"Living Wall","player_choice":"Change","floor":2.0,"gold_loss":0.0,"damage_taken":0.0,"cards_obtained":["Limit Break"]},{"damage_healed":0.0,"max_hp_gain":0.0,"max_hp_loss":0.0,"gold_gain":0.0,"cards_transformed":["Strike_R"],"event_name":"Transmorgrifier","player_choice":"Transformed","floor":5.0,"gold_loss":0.0,"damage_taken":0.0,"cards_obtained":["Pommel Strike"]},{"cards_removed":["Strike_R"],"damage_healed":0.0,"max_hp_gain":0.0,"max_hp_loss":0.0,"gold_gain":0.0,"event_name":"Golden Wing","player_choice":"Card Removal","floor":13.0,"gold_loss":0.0,"damage_taken":7.0},{"damage_healed":0.0,"max_hp_gain":0.0,"max_hp_loss":0.0,"gold_gain":0.0,"event_name":"Lab","player_choice":"Got Potions","floor":19.0,"gold_loss":0.0,"damage_taken":0.0},{"cards_removed":["Whirlwind"],"damage_healed":0,"gold_gain":0,"player_choice":"Removed Attack","damage_taken":0,"max_hp_gain":0,"max_hp_loss":0,"event_name":"Falling","floor":37,"gold_loss":0},{"damage_healed":15,"gold_gain":0,"player_choice":"Writhe","damage_taken":0,"max_hp_gain":0,"max_hp_loss":0,"event_name":"Winding Halls","floor":38,"gold_loss":0,"cards_obtained":["Writhe"]},{"damage_healed":0,"gold_gain":0,"player_choice":"Fight","damage_taken":0,"max_hp_gain":0,"max_hp_loss":0,"event_name":"MindBloom","floor":39,"gold_loss":0},{"damage_healed":0,"gold_gain":0,"player_choice":"Memory 1","damage_taken":0,"max_hp_gain":0,"max_hp_loss":0,"event_name":"SensoryStone","floor":44,"gold_loss":0}],"is_beta":true,"boss_relics":[{"not_picked":["SacredBark","Ectoplasm"],"picked":"Sozu"},{"not_picked":["Pandora\u0027s Box","Runic Cube"],"picked":"Cursed Key"}],"items_purged_floors":[36,41],"is_endless":false,"potions_floor_spawned":[1,10,11,14,18,20,27,29,45],"killed_by":"Reptomancer","ascension_level":20}