{"gold_per_floor":[114,289,289,49,61,88,88,121,121,121,139,159,16,34,34,129,129,147,166,14,14,32,64,64,64,89,89,120,152,165,165,165,269,269,289,289,3,3,17,58,58,82,131,159,190,212,31,49,49,49],"floor_reached":50,"playtime":3809,"items_purged":["Defend_P","Defend_P"],"score":789,"play_id":"8746239d-cc68-4dc8-92f7-8a3b843df358","local_time":"20190925183239","is_ascension_mode":true,"campfire_choices":[{"floor":7,"key":"REST"},{"data":"MentalFortress","floor":10,"key":"SMITH"},{"data":"Eruption","floor":15,"key":"SMITH"},{"floor":25,"key":"REST"},{"data":"MentalFortress","floor":27,"key":"SMITH"},{"data":"Vigilance","floor":32,"key":"SMITH"},{"data":"Consecrate","floor":41,"key":"SMITH"},{"floor":49,"key":"REST"}],"neow_cost":"NONE","seed_source_timestamp":77965153767200,"circlet_count":0,"master_deck":["Strike_P","Strike_P","Strike_P","Strike_P+1","Defend_P+1","Defend_P","Eruption+1","Vigilance+1","EmptyFist","EmptyBody+1","MentalFortress+1","Indignation+1","Halt+1","SashWhip+1","BowlingBash+1","FollowUp+1","ThirdEye+1","LessonLearned+1","Protect+1","Protect+1","Sanctity+1","MentalFortress+1","Consecrate+1","Vault","Alpha+1","Tantrum+1","BowlingBash+1","Madness+1","Madness+1","Conclude+1","MentalFortress+1","Wallop+1","Protect+1","Vengeance+1","Crescendo+1","Wish+1","CrushJoints+1"],"relics":["Black Star","HornCleat","Prayer Wheel","Bottled Flame","Toxic Egg 2","StoneCalendar","Mercury Hourglass","Vajra","Busted Crown","Bag of Marbles","Matryoshka","Boot","Potion Belt","Red Mask","InkBottle","Strawberry","Velvet Choker","Thread and Needle","Spirit Poop","CeramicFish","Bronze Scales","Smiling Mask","Akabeko","Mango","Toy Ornithopter"],"potions_floor_usage":[16,19,23,28,29,33,35,46,50,50,50],"damage_taken":[{"damage":4,"enemies":"Cultist","floor":1,"turns":4},{"damage":0,"enemies":"2 Louse","floor":5,"turns":2},{"damage":47,"enemies":"Lagavulin","floor":6,"turns":8},{"damage":1,"enemies":"Gremlin Nob","floor":8,"turns":3},{"damage":0,"enemies":"Small Slimes","floor":11,"turns":3},{"damage":2,"enemies":"3 Louse","floor":12,"turns":3},{"damage":3,"enemies":"Blue Slaver","floor":14,"turns":3},{"damage":5,"enemies":"Slime Boss","floor":16,"turns":7},{"damage":12,"enemies":"3 Byrds","floor":18,"turns":3},{"damage":0,"enemies":"Chosen","floor":19,"turns":6},{"damage":0,"enemies":"Shelled Parasite and Fungi","floor":22,"turns":7},{"damage":36,"enemies":"Book of Stabbing","floor":23,"turns":7},{"damage":0,"enemies":"Masked Bandits","floor":28,"turns":5},{"damage":5,"enemies":"Slavers","floor":29,"turns":3},{"damage":0,"enemies":"Centurion and Healer","floor":30,"turns":6},{"damage":13,"enemies":"Champ","floor":33,"turns":9},{"damage":1,"enemies":"3 Darklings","floor":35,"turns":6},{"damage":0,"enemies":"Orb Walker","floor":39,"turns":2},{"damage":22,"enemies":"Reptomancer","floor":40,"turns":7},{"damage":0,"enemies":"Jaw Worm Horde","floor":42,"turns":3},{"damage":0,"enemies":"Spire Growth","floor":44,"turns":3},{"damage":37,"enemies":"Giant Head","floor":45,"turns":8},{"damage":10,"enemies":"Maw","floor":46,"turns":6},{"damage":0,"enemies":"Sphere and 2 Shapes","floor":48,"turns":1},{"damage":64,"enemies":"Awakened One","floor":50,"turns":6}],"seed_played":"2580942673927147417","potions_obtained":[{"floor":6,"key":"Fire Potion"},{"floor":8,"key":"Weak Potion"},{"floor":11,"key":"Ancient Potion"},{"floor":16,"key":"PowerPotion"},{"floor":18,"key":"AttackPotion"},{"floor":28,"key":"AttackPotion"},{"floor":30,"key":"Regen Potion"},{"floor":33,"key":"BottledMiracle"},{"floor":35,"key":"DuplicationPotion"},{"floor":40,"key":"SkillPotion"},{"floor":45,"key":"Ancient Potion"},{"floor":48,"key":"Fire Potion"}],"is_trial":false,"path_per_floor":["M","?","?","$","M","E","R","E","T","R","M","M","$","M","R","B",null,"M","M","$","?","M","E","$","R","T","R","?","E","M","?","R","B",null,"M","?","$","?","M","E","R","M","T","M","E","M","$","M","R","B"],"character_chosen":"WATCHER","items_purchased":["HornCleat","Vajra","MentalFortress","Thread and Needle","Wish+1"],"campfire_rested":3,"item_purchase_floors":[4,13,20,37,47],"current_hp_per_floor":[61,61,61,61,61,14,33,32,32,32,32,30,30,27,27,22,65,53,53,53,53,53,17,17,36,36,36,36,38,38,25,25,27,77,76,66,66,66,66,44,44,44,44,44,21,16,16,16,43,0],"gold":49,"neow_bonus":"BOSS_RELIC","is_prod":false,"is_daily":false,"chose_seed":false,"campfire_upgraded":5,"win_rate":0,"timestamp":1569461559,"path_taken":["M","?","?","$","?","E","R","E","T","R","M","M","$","M","R","BOSS","M","?","$","?","?","E","$","R","T","R","?","E","M","?","R","BOSS","M","?","$","?","?","E","R","M","T","M","E","?","?","M","R","BOSS"],"build_version":"2019-09-25","purchased_purges":2,"victory":false,"max_hp_per_floor":[65,65,65,65,65,65,65,65,65,65,65,65,65,65,65,65,65,65,65,65,65,65,65,65,65,65,65,65,72,72,77,77,77,77,77,77,77,77,77,77,77,77,77,77,91,91,91,91,91,91],"card_choices":[{"not_picked":["Weave","Wallop"],"picked":"EmptyFist","floor":1},{"not_picked":["EmptyMind","SashWhip"],"picked":"EmptyBody","floor":5},{"not_picked":["Establishment","FollowUp"],"picked":"MentalFortress","floor":6},{"not_picked":["CutThroughFate","Wireheading"],"picked":"Indignation","floor":8},{"not_picked":["Prostrate+1","Alpha+1"],"picked":"Halt+1","floor":11},{"not_picked":["JustLucky","ThirdEye+1"],"picked":"SashWhip","floor":11},{"not_picked":["Sanctity+1","DeceiveReality+1"],"picked":"BowlingBash","floor":12},{"not_picked":["MasterReality","EmptyBody+1","Devotion"],"picked":"SKIP","floor":12},{"not_picked":["EmptyBody+1","JustLucky"],"picked":"FollowUp","floor":14},{"not_picked":["WaveOfTheHand+1","JustLucky"],"picked":"ThirdEye+1","floor":14},{"not_picked":["Pray+1","Vault"],"picked":"LessonLearned","floor":16},{"not_picked":[],"picked":"Protect+1","floor":18},{"not_picked":[],"picked":"Protect+1","floor":18},{"not_picked":[],"picked":"Sanctity+1","floor":19},{"not_picked":["BowlingBash"],"picked":"SKIP","floor":19},{"not_picked":[],"picked":"Consecrate","floor":22},{"not_picked":["Halt+1"],"picked":"SKIP","floor":22},{"not_picked":["Collect+1"],"picked":"SKIP","floor":23},{"not_picked":[],"picked":"Vault","floor":29},{"not_picked":["FlyingSleeves"],"picked":"SKIP","floor":30},{"not_picked":["BowlingBash"],"picked":"SKIP","floor":30},{"not_picked":[],"picked":"Alpha+1","floor":33},{"not_picked":[],"picked":"Tantrum+1","floor":35},{"not_picked":[],"picked":"BowlingBash+1","floor":35},{"not_picked":[],"picked":"Conclude+1","floor":39},{"not_picked":["Scrawl+1"],"picked":"SKIP","floor":39},{"not_picked":[],"picked":"MentalFortress+1","floor":40},{"not_picked":[],"picked":"Wallop+1","floor":42},{"not_picked":["Perseverance+1"],"picked":"SKIP","floor":42},{"not_picked":["Protect+1"],"picked":"SKIP","floor":44},{"not_picked":["Vengeance+1"],"picked":"SKIP","floor":44},{"not_picked":[],"picked":"Protect+1","floor":44},{"not_picked":[],"picked":"Vengeance+1","floor":44},{"not_picked":["Scrawl+1"],"picked":"SKIP","floor":45},{"not_picked":[],"picked":"Crescendo+1","floor":46},{"not_picked":["ThirdEye+1"],"picked":"SKIP","floor":46},{"not_picked":[],"picked":"CrushJoints+1","floor":48},{"not_picked":["Collect+1"],"picked":"SKIP","floor":48}],"player_experience":770300,"relics_obtained":[{"floor":6,"key":"Prayer Wheel"},{"floor":6,"key":"Bottled Flame"},{"floor":8,"key":"Toxic Egg 2"},{"floor":8,"key":"StoneCalendar"},{"floor":9,"key":"Mercury Hourglass"},{"floor":23,"key":"Bag of Marbles"},{"floor":23,"key":"Matryoshka"},{"floor":26,"key":"Boot"},{"floor":26,"key":"Potion Belt"},{"floor":28,"key":"Red Mask"},{"floor":29,"key":"InkBottle"},{"floor":29,"key":"Strawberry"},{"floor":40,"key":"CeramicFish"},{"floor":40,"key":"Bronze Scales"},{"floor":43,"key":"Smiling Mask"},{"floor":43,"key":"Akabeko"},{"floor":45,"key":"Mango"},{"floor":45,"key":"Toy Ornithopter"}],"event_choices":[{"damage_healed":0,"gold_gain":175,"player_choice":"AGREE","damage_taken":0,"max_hp_gain":0,"max_hp_loss":0,"event_name":"Liars Game","floor":2,"gold_loss":0,"cards_obtained":["Doubt"]},{"cards_removed":["Doubt"],"damage_healed":0,"gold_gain":0,"player_choice":"Card Removal","damage_taken":0,"max_hp_gain":0,"max_hp_loss":0,"event_name":"Wheel of Change","floor":3,"gold_loss":0},{"damage_healed":0,"gold_gain":0,"player_choice":"Cursed","damage_taken":0,"max_hp_gain":0,"max_hp_loss":0,"event_name":"Wheel of Change","floor":21,"gold_loss":0,"cards_obtained":["Decay"]},{"damage_healed":0,"gold_gain":0,"player_choice":"Fought Bandits","damage_taken":0,"max_hp_gain":0,"max_hp_loss":0,"event_name":"Masked Bandits","floor":28,"gold_loss":0},{"damage_healed":0,"gold_gain":0,"player_choice":"Shed Blood","damage_taken":18,"max_hp_gain":5,"max_hp_loss":0,"event_name":"Forgotten Altar","floor":31,"gold_loss":0},{"damage_healed":0,"gold_gain":0,"player_choice":"Embrace Madness","damage_taken":10,"max_hp_gain":0,"max_hp_loss":0,"event_name":"Winding Halls","floor":36,"gold_loss":0,"cards_obtained":["Madness","Madness"]},{"cards_removed":["Decay"],"damage_healed":0,"gold_gain":0,"player_choice":"Offered Curse","damage_taken":0,"relics_obtained":["Spirit Poop"],"max_hp_gain":0,"max_hp_loss":0,"event_name":"Bonfire Elementals","floor":38,"gold_loss":0}],"is_beta":true,"boss_relics":[{"not_picked":["Astrolabe","SacredBark"],"picked":"Busted Crown"},{"not_picked":["Runic Dome","Tiny House"],"picked":"Velvet Choker"}],"items_purged_floors":[20,47],"is_endless":false,"potions_floor_spawned":[6,8,11,16,18,28,30,33,35,40,45,48],"killed_by":"Awakened One","ascension_level":4}