{"gold_per_floor":[110,184,109,59,76,101,101,114,114,130,159,173,206,225,225,324,324,340,439,451,451,469,469,494,513,513,528,16,36,36,65,65,160,160,171,184,236,236,236,266,266,296,296,296,308,308,324,340,340,340,340,340,95,122,122],"floor_reached":55,"playtime":4165,"items_purged":["Strike_G"],"score":895,"play_id":"963c5a13-c65f-408b-9836-754f44e72e38","local_time":"20190914234352","is_ascension_mode":true,"campfire_choices":[{"data":"Calculated Gamble","floor":15.0,"key":"SMITH"},{"floor":23.0,"key":"REST"},{"floor":30.0,"key":"REST"},{"data":"Adrenaline","floor":32.0,"key":"SMITH"},{"floor":41,"key":"RECALL"},{"floor":44,"key":"REST"},{"data":"Finisher","floor":46,"key":"SMITH"},{"data":"Corpse Explosion","floor":49,"key":"SMITH"},{"data":"Neutralize","floor":52,"key":"SMITH"}],"neow_cost":"NONE","seed_source_timestamp":0,"circlet_count":0,"master_deck":["Strike_G","Strike_G","Strike_G","Strike_G","Defend_G","Defend_G","Defend_G","Survivor","Neutralize+1","Noxious Fumes","Calculated Gamble+1","Escape Plan","Finisher+1","Corpse Explosion+1","Reflex","Adrenaline+1","Dagger Throw","PiercingWail+1","Expertise+1","Prepared+1","Leg Sweep+1","Crippling Poison+1","Calculated Gamble+1","Terror+1","Heel Hook+1","Noxious Fumes+1","Tactician+1","Well Laid Plans","Unload+1"],"special_seed":0,"relics":["Ring of the Snake","NeowsBlessing","Anchor","Tough Bandages","Tingsha","Blue Candle","Busted Crown","Prayer Wheel","Pen Nib","Pantograph","Matryoshka","Shuriken","Eternal Feather","Nunchaku","Letter Opener","Molten Egg 2","Toxic Egg 2","Snake Skull","Ornamental Fan"],"potions_floor_usage":[39,50,50,55,55,55],"damage_taken":[{"damage":0.0,"enemies":"Cultist","floor":1.0,"turns":1.0},{"damage":0.0,"enemies":"Jaw Worm","floor":5.0,"turns":1.0},{"damage":0.0,"enemies":"3 Sentries","floor":6.0,"turns":1.0},{"damage":0.0,"enemies":"Small Slimes","floor":8.0,"turns":4.0},{"damage":0.0,"enemies":"Looter","floor":10.0,"turns":4.0},{"damage":15.0,"enemies":"Lagavulin","floor":11.0,"turns":7.0},{"damage":0.0,"enemies":"2 Fungi Beasts","floor":12.0,"turns":2.0},{"damage":0.0,"enemies":"3 Sentries","floor":13.0,"turns":2.0},{"damage":0.0,"enemies":"Exordium Wildlife","floor":14.0,"turns":3.0},{"damage":48.0,"enemies":"The Guardian","floor":16.0,"turns":10.0},{"damage":1.0,"enemies":"2 Thieves","floor":18.0,"turns":2.0},{"damage":0.0,"enemies":"Chosen","floor":20.0,"turns":4.0},{"damage":12.0,"enemies":"Snake Plant","floor":22.0,"turns":5.0},{"damage":29.0,"enemies":"Slavers","floor":24.0,"turns":5.0},{"damage":0.0,"enemies":"Cultist and Chosen","floor":25.0,"turns":4.0},{"damage":0.0,"enemies":"Centurion and Healer","floor":27.0,"turns":3.0},{"damage":0.0,"enemies":"Snake Plant","floor":29.0,"turns":4.0},{"damage":14.0,"enemies":"Gremlin Leader","floor":31.0,"turns":6.0},{"damage":57.0,"enemies":"Collector","floor":33.0,"turns":8.0},{"damage":21,"enemies":"3 Darklings","floor":35,"turns":3},{"damage":6,"enemies":"3 Shapes","floor":36,"turns":4},{"damage":0,"enemies":"2 Orb Walkers","floor":37,"turns":3},{"damage":9,"enemies":"Nemesis","floor":40,"turns":9},{"damage":20,"enemies":"Reptomancer","floor":42,"turns":5},{"damage":0,"enemies":"Writhing Mass","floor":45,"turns":5},{"damage":0,"enemies":"3 Darklings","floor":47,"turns":2},{"damage":0,"enemies":"4 Shapes","floor":48,"turns":4},{"damage":69,"enemies":"Time Eater","floor":50,"turns":11},{"damage":18,"enemies":"Shield and Spear","floor":54,"turns":4},{"damage":85,"enemies":"The Heart","floor":55,"turns":8}],"seed_played":"-7906032581286985535","potions_obtained":[{"floor":5.0,"key":"Weak Potion"},{"floor":6.0,"key":"AttackPotion"},{"floor":11.0,"key":"Poison Potion"},{"floor":13.0,"key":"SneckoOil"},{"floor":14.0,"key":"LiquidBronze"},{"floor":20.0,"key":"PowerPotion"},{"floor":22.0,"key":"Regen Potion"},{"floor":24.0,"key":"Poison Potion"},{"floor":27.0,"key":"FearPotion"},{"floor":33.0,"key":"SteroidPotion"},{"floor":35,"key":"Explosive Potion"},{"floor":39,"key":"Ancient Potion"},{"floor":39,"key":"Fruit Juice"},{"floor":39,"key":"PowerPotion"},{"floor":47,"key":"Poison Potion"}],"is_trial":false,"path_per_floor":["M","T","$","?","M","E","$","M","T","M","E","M","E","M","R","B",null,"M","?","M","?","M","R","E","M","T","M","$","M","R","E","R","B",null,"M","M","?","?","?","E","R","E","T","R","M","R","M","M","R","B",null,"R","$","E","B"],"character_chosen":"THE_SILENT","items_purchased":["Pantograph","Matryoshka","Tactician+1","Well Laid Plans","Poison Potion","Weak Potion"],"campfire_rested":3,"item_purchase_floors":[28,28,53,53,53,53],"current_hp_per_floor":[70,70,70,70,70,70,70,70,70,70,55,55,55,55,55,7,70,69,69,69,56,44,66,37,37,37,37,37,37,59,60,60,18,75,54,48,48,48,53,44,56,36,36,72,72,80,80,80,80,11,80,80,80,62,0],"gold":122,"neow_bonus":"THREE_ENEMY_KILL","is_prod":false,"is_daily":false,"chose_seed":false,"campfire_upgraded":5,"win_rate":0,"timestamp":1568519032,"path_taken":["M","?","?","?","M","E","?","M","T","M","E","M","E","M","R","BOSS","M","?","M","?","M","R","E","M","T","M","$","M","R","E","R","BOSS","M","M","?","?","?","E","R","E","T","R","M","R","M","M","R","BOSS","R","$","E","BOSS"],"build_version":"2019-07-17","purchased_purges":1,"victory":false,"max_hp_per_floor":[70,70,70,70,70,70,70,70,70,70,70,70,70,70,70,70,70,70,70,70,75,75,75,75,75,75,75,75,75,75,75,75,75,75,75,75,75,75,80,80,80,80,80,80,80,80,80,80,80,80,80,80,80,80,80],"card_choices":[{"not_picked":["Bane","Acrobatics"],"picked":"Noxious Fumes","floor":1.0},{"not_picked":["Outmaneuver","Poisoned Stab"],"picked":"Calculated Gamble","floor":5.0},{"not_picked":["Blade Dance","Acrobatics"],"picked":"Escape Plan","floor":6.0},{"not_picked":["Cloak And Dagger","Outmaneuver","Tactician"],"picked":"SKIP","floor":8.0},{"not_picked":["Setup","Masterful Stab"],"picked":"Finisher","floor":10.0},{"not_picked":["Deadly Poison","Quick Slash"],"picked":"Corpse Explosion","floor":11.0},{"not_picked":["Deflect","Deadly Poison"],"picked":"Reflex","floor":12.0},{"not_picked":["Dodge and Roll","Backflip","Grand Finale"],"picked":"SKIP","floor":13.0},{"not_picked":["Poisoned Stab","Deadly Poison","Flechettes"],"picked":"SKIP","floor":14.0},{"not_picked":["Unload","Envenom"],"picked":"Adrenaline","floor":16.0},{"not_picked":[],"picked":"Dagger Throw","floor":18.0},{"not_picked":[],"picked":"PiercingWail+1","floor":20.0},{"not_picked":[],"picked":"Expertise+1","floor":22.0},{"not_picked":[],"picked":"Prepared+1","floor":24.0},{"not_picked":["Caltrops"],"picked":"SKIP","floor":25.0},{"not_picked":["Acrobatics"],"picked":"SKIP","floor":25.0},{"not_picked":[],"picked":"Leg Sweep+1","floor":27.0},{"not_picked":["Acrobatics"],"picked":"SKIP","floor":27.0},{"not_picked":[],"picked":"Crippling Poison+1","floor":29.0},{"not_picked":["Dash"],"picked":"SKIP","floor":29.0},{"not_picked":["Endless Agony"],"picked":"SKIP","floor":31.0},{"not_picked":["Blade Dance+1"],"picked":"SKIP","floor":35},{"not_picked":["Predator+1"],"picked":"SKIP","floor":35},{"not_picked":[],"picked":"Calculated Gamble+1","floor":36},{"not_picked":["Concentrate+1"],"picked":"SKIP","floor":36},{"not_picked":["Outmaneuver"],"picked":"SKIP","floor":40},{"not_picked":["Skewer"],"picked":"SKIP","floor":42},{"not_picked":[],"picked":"Terror+1","floor":45},{"not_picked":[],"picked":"Heel Hook+1","floor":45},{"not_picked":[],"picked":"Noxious Fumes+1","floor":47},{"not_picked":["Caltrops+1"],"picked":"SKIP","floor":47},{"not_picked":["Choke+1"],"picked":"SKIP","floor":48},{"not_picked":["Leg Sweep+1"],"picked":"SKIP","floor":48},{"not_picked":[],"picked":"Unload+1","floor":54}],"player_experience":200212,"relics_obtained":[{"floor":6.0,"key":"Anchor"},{"floor":9.0,"key":"Tough Bandages"},{"floor":11.0,"key":"Tingsha"},{"floor":13.0,"key":"Blue Candle"},{"floor":24.0,"key":"Prayer Wheel"},{"floor":26.0,"key":"Pen Nib"},{"floor":31.0,"key":"Shuriken"},{"floor":37,"key":"Nunchaku"},{"floor":40,"key":"Letter Opener"},{"floor":42,"key":"Molten Egg 2"},{"floor":43,"key":"Toxic Egg 2"},{"floor":43,"key":"Snake Skull"},{"floor":54,"key":"Ornamental Fan"}],"event_choices":[{"cards_removed":["Defend_G"],"damage_healed":0.0,"max_hp_gain":0.0,"max_hp_loss":0.0,"gold_gain":0.0,"event_name":"The Cleric","player_choice":"Card Removal","floor":4.0,"gold_loss":50.0,"damage_taken":0.0},{"damage_healed":0.0,"max_hp_gain":0.0,"max_hp_loss":0.0,"gold_gain":99.0,"event_name":"Nest","player_choice":"Stole From Cult","floor":19.0,"gold_loss":0.0,"damage_taken":0.0},{"damage_healed":0.0,"max_hp_gain":5.0,"max_hp_loss":0.0,"gold_gain":0.0,"event_name":"Forgotten Altar","player_choice":"Shed Blood","floor":21.0,"gold_loss":0.0,"damage_taken":18.0},{"damage_healed":0,"gold_gain":0,"player_choice":"Fight","damage_taken":0,"max_hp_gain":0,"max_hp_loss":0,"event_name":"Mysterious Sphere","floor":37,"gold_loss":0},{"cards_removed":["Defend_G"],"damage_healed":0,"gold_gain":0,"player_choice":"Removed Skill","damage_taken":0,"max_hp_gain":0,"max_hp_loss":0,"event_name":"Falling","floor":38,"gold_loss":0},{"damage_healed":0,"gold_gain":0,"player_choice":"Got Potions","damage_taken":0,"max_hp_gain":0,"max_hp_loss":0,"event_name":"Lab","floor":39,"gold_loss":0}],"is_beta":false,"boss_relics":[{"not_picked":["Snecko Eye","Astrolabe"],"picked":"Busted Crown"},{"not_picked":["Coffee Dripper","Runic Dome"],"picked":"Eternal Feather"}],"items_purged_floors":[3],"is_endless":false,"potions_floor_spawned":[5,6,11,13,14,20,22,24,27,33,35,40,47,48],"killed_by":"The Heart","ascension_level":2}