{"path_per_floor":["M","M","?","?","M","E","?","E","T","$","M","$","M","?","R","B",null,"M","T","?","M","M","R","?","E","T","?","?","$","E","M","R","B",null,"M","M","?","?","$","R","?","R","T","R","?","$","M","?","R","B"],"character_chosen":"DEFECT","items_purchased":["Bandage Up","Heatsinks","Symbiotic Virus","Happy Flower","Lockon","Capacitor","Centennial Puzzle"],"gold_per_floor":[15,34,109,109,124,157,107,140,167,74,92,92,108,108,108,203,203,219,219,219,235,248,248,248,282,282,232,232,157,220,236,236,338,338,355,365,365,615,234,234,234,234,534,534,534,4,20,0,0,0],"floor_reached":51,"campfire_rested":3,"playtime":2931,"item_purchase_floors":[10,39,39,46,46,46,46],"current_hp_per_floor":[75,75,64,64,56,51,51,44,44,44,47,47,51,51,73,41,75,55,55,55,51,50,72,37,14,14,14,14,14,24,24,35,37,37,37,37,37,37,37,37,37,37,37,37,32,32,32,32,37,28],"items_purged":["Strike_B","Regret"],"gold":0,"score":796,"play_id":"ee94604b-da26-41c5-aaec-0cf1b5fcc02b","local_time":"20180524143034","is_prod":false,"is_daily":false,"chose_seed":false,"is_ascension_mode":true,"campfire_upgraded":4,"win_rate":0,"timestamp":1527197434,"campfire_choices":[{"floor":15,"key":"REST"},{"floor":23,"key":"REST"},{"floor":32,"key":"REST"},{"data":"Electrodynamics","floor":40,"key":"SMITH"},{"data":"Storm","floor":42,"key":"SMITH"},{"data":"Defragment","floor":44,"key":"SMITH"},{"data":"Static Discharge","floor":49,"key":"SMITH"}],"path_taken":["M","M","?","?","M","E","?","E","T","$","M","?","M","?","R","BOSS","M","?","?","M","M","R","?","E","T","?","?","$","E","M","R","BOSS","M","M","?","?","$","R","?","R","T","R","?","$","M","?","R","BOSS"],"build_version":"2018-05-23v2","seed_source_timestamp":175586424707004,"purchased_purges":2,"victory":true,"master_deck":["Strike_B","Strike_B","Defend_B","Defend_B","Defend_B","Zap+1","Dualcast","Core Surge","Streamline","Ball Lightning","Steam","Leap","Bandage Up","Genetic Algorithm","Capacitor","Seek","Static Discharge+1","Defragment+1","Chaos","Ghostly","Ghostly","Ghostly","Ghostly","Ghostly","Self Repair","Hologram+1","Storm+1","Electrodynamics+1","Heatsinks","Barrage","Rainbow","Madness","Madness","Lockon","Capacitor","Auto Shields"],"max_hp_per_floor":[75,75,75,75,75,75,75,75,75,75,75,75,75,75,75,75,75,75,75,75,75,75,75,37,37,37,37,37,37,37,37,37,37,37,37,37,37,37,37,37,37,37,37,37,37,37,37,37,37,37],"relics":["Cracked Core","Ancient Tea Set","Oddly Smooth Stone","Anchor","Sozu","Toolbox","Juzu Bracelet","Letter Opener","Tiny Chest","Eternal Feather","Symbiotic Virus","Old Coin","Happy Flower","Centennial Puzzle","Red Mask"],"card_choices":[{"not_picked":["Fission","Amplify"],"picked":"Core Surge","floor":0},{"not_picked":["Steam","Beam Cell"],"picked":"Streamline","floor":1},{"not_picked":["Go for the Eyes","Beam Cell"],"picked":"Ball Lightning","floor":2},{"not_picked":["Compile Driver","Go for the Eyes"],"picked":"Steam","floor":5},{"not_picked":["Fission","Recycle"],"picked":"Leap","floor":6},{"not_picked":["Scrape","Loop","Recycle"],"picked":"SKIP","floor":8},{"not_picked":["Melter","Rebound"],"picked":"Genetic Algorithm","floor":11},{"not_picked":["Rebound","Beam Cell"],"picked":"Capacitor","floor":13},{"not_picked":["Multi-Cast","Biased Cognition"],"picked":"Seek","floor":16},{"not_picked":["Rebound","Compile Driver"],"picked":"Static Discharge","floor":18},{"not_picked":["Leap+1","Sweeping Beam"],"picked":"Chaos","floor":21},{"not_picked":["Leap+1","Steam Power+1"],"picked":"Barrage","floor":22},{"not_picked":["Core Surge","Leap+1"],"picked":"Self Repair","floor":25},{"not_picked":["Undo","Capacitor"],"picked":"Hologram+1","floor":30},{"not_picked":["Go for the Eyes","Gash"],"picked":"Storm","floor":31},{"not_picked":["Thunder Strike","All For One"],"picked":"Electrodynamics","floor":33},{"not_picked":["Steam Power+1","Steam+1","Coolheaded"],"picked":"SKIP","floor":35},{"not_picked":["Beam Cell+1","Go for the Eyes","Coolheaded"],"picked":"SKIP","floor":36},{"not_picked":["Barrage","Storm"],"picked":"Auto Shields","floor":47}],"player_experience":518019,"potions_floor_usage":[6,8,8,8,8,8,11,16,16,16,16,16,22],"damage_taken":[{"damage":0,"enemies":"2 Louse","floor":1,"turns":1},{"damage":0,"enemies":"Small Slimes","floor":2,"turns":3},{"damage":8,"enemies":"Jaw Worm","floor":5,"turns":3},{"damage":5,"enemies":"3 Sentries","floor":6,"turns":5},{"damage":7,"enemies":"Gremlin Nob","floor":8,"turns":3},{"damage":1,"enemies":"Exordium Thugs","floor":11,"turns":3},{"damage":0,"enemies":"Exordium Wildlife","floor":13,"turns":3},{"damage":36,"enemies":"Slime Boss","floor":16,"turns":9},{"damage":20,"enemies":"Spheric Guardian","floor":18,"turns":4},{"damage":8,"enemies":"Shell Parasite","floor":21,"turns":7},{"damage":5,"enemies":"3 Cultists","floor":22,"turns":5},{"damage":23,"enemies":"Book of Stabbing","floor":25,"turns":7},{"damage":1,"enemies":"Gremlin Leader","floor":30,"turns":8},{"damage":11,"enemies":"Snake Plant","floor":31,"turns":4},{"damage":6,"enemies":"Collector","floor":33,"turns":10},{"damage":2,"enemies":"3 Shapes","floor":35,"turns":5},{"damage":1,"enemies":"Orb Walker","floor":36,"turns":5},{"damage":4,"enemies":"3 Darklings","floor":47,"turns":4},{"damage":16,"enemies":"Time Eater","floor":50,"turns":8}],"relics_obtained":[{"floor":6,"key":"Ancient Tea Set"},{"floor":8,"key":"Oddly Smooth Stone"},{"floor":9,"key":"Anchor"},{"floor":19,"key":"Toolbox"},{"floor":25,"key":"Juzu Bracelet"},{"floor":26,"key":"Letter Opener"},{"floor":30,"key":"Tiny Chest"},{"floor":43,"key":"Old Coin"}],"event_choices":[{"event_name":"World of Goop","player_choice":"Gather Gold","floor":3,"damage_taken":0},{"event_name":"The Lab","player_choice":"Got Potions","floor":4,"damage_taken":0},{"event_name":"The Cleric","player_choice":"Card Removal","floor":7,"damage_taken":0},{"event_name":"Living Wall","player_choice":"Grow","floor":14,"damage_taken":0},{"event_name":"The Library","player_choice":"Read","floor":20,"damage_taken":0},{"event_name":"Ghosts","player_choice":"Became a Ghost","floor":24,"damage_taken":0},{"event_name":"The Joust","player_choice":"Bet on Murderer","floor":27,"damage_taken":0},{"event_name":"Bonfire Elementals","player_choice":"BASIC","floor":28,"damage_taken":0},{"event_name":"Golden Shrine","player_choice":"Desecrate","floor":38,"damage_taken":0},{"event_name":"Match and Keep!","player_choice":"2 cards matched","floor":41,"damage_taken":0},{"event_name":"Winding Halls","player_choice":"Embrace Madness","floor":45,"damage_taken":0},{"event_name":"Tomb of Lord Red Mask","player_choice":"Paid","floor":48,"damage_taken":0}],"boss_relics":[{"not_picked":["Runic Dome","Astrolabe"],"picked":"Sozu"},{"not_picked":["Lizard Tail","Calling Bell"],"picked":"Eternal Feather"}],"items_purged_floors":[29,39],"potions_floor_spawned":[2,8,13,18,30,31,35,47],"seed_played":"-8108899878964611768","ascension_level":1,"potions_obtained":[{"floor":2,"key":"Swift Potion"},{"floor":4,"key":"EntropicBrew"},{"floor":4,"key":"EntropicBrew"},{"floor":4,"key":"Strength Potion"},{"floor":8,"key":"Poison Potion"},{"floor":13,"key":"AttackPotion"}],"is_trial":false}