{"gold_per_floor":[212,54,66,66,77,77,106,106,106,140,202,202,76,76,76,154,154,167,186,285,35,66,66,96,96,96,111,111,125,138,171,171,243,243,262,308,325,325,343,343,377,396,396,396,396,396,28,47,47,47],"floor_reached":51,"playtime":4694,"items_purged":["Strike_G","Strike_G","Strike_G"],"score":1141,"play_id":"ab7d8c2e-5b8f-44c1-a85e-01d6cdd3765c","local_time":"20190922230832","is_ascension_mode":true,"campfire_choices":[{"data":"Footwork","floor":6,"key":"SMITH"},{"floor":12,"key":"REST"},{"data":"Envenom","floor":15,"key":"SMITH"},{"floor":23,"key":"REST"},{"floor":25,"key":"REST"},{"floor":32,"key":"REST"},{"floor":40,"key":"REST"},{"floor":44,"key":"REST"},{"floor":46,"key":"REST"},{"floor":49,"key":"REST"}],"neow_cost":"NONE","seed_source_timestamp":88444388865300,"circlet_count":0,"master_deck":["AscendersBane","Defend_G","Defend_G","Defend_G","Defend_G","Defend_G","Survivor","Neutralize+1","Slice","Footwork+1","All Out Attack","Dash","Envenom+1","Dodge and Roll","Malaise","Dodge and Roll","PiercingWail","Infinite Blades","Endless Agony","Glass Knife","Sucker Punch","Blur","Masterful Stab","Skewer+1","Calculated Gamble+1","Burst+1","Deadly Poison+1","Well Laid Plans","Cloak And Dagger+1","Master of Strategy+1","Trip+1","Catalyst+1","PiercingWail+1","Footwork+1"],"relics":["Ring of the Snake","Mummified Hand","Snake Skull","TungstenRod","Sundial","Fusion Hammer","Red Mask","Tingsha","Pen Nib","Toxic Egg 2","Cursed Key","Incense Burner","Art of War","DollysMirror"],"potions_floor_usage":[11,22,33,36,39,39,50],"damage_taken":[{"damage":1,"enemies":"Small Slimes","floor":1,"turns":4},{"damage":0,"enemies":"Jaw Worm","floor":3,"turns":4},{"damage":0,"enemies":"2 Louse","floor":5,"turns":3},{"damage":17,"enemies":"3 Sentries","floor":7,"turns":10},{"damage":24,"enemies":"Lagavulin","floor":10,"turns":11},{"damage":22,"enemies":"Gremlin Nob","floor":11,"turns":5},{"damage":14,"enemies":"The Guardian","floor":16,"turns":11},{"damage":3,"enemies":"3 Byrds","floor":18,"turns":8},{"damage":1,"enemies":"Chosen","floor":19,"turns":8},{"damage":28,"enemies":"Masked Bandits","floor":22,"turns":6},{"damage":29,"enemies":"Slavers","floor":24,"turns":7},{"damage":10,"enemies":"Snake Plant","floor":27,"turns":6},{"damage":0,"enemies":"Centurion and Healer","floor":29,"turns":7},{"damage":0,"enemies":"3 Cultists","floor":30,"turns":4},{"damage":1,"enemies":"Gremlin Leader","floor":31,"turns":10},{"damage":1,"enemies":"Collector","floor":33,"turns":9},{"damage":0,"enemies":"3 Darklings","floor":35,"turns":7},{"damage":29,"enemies":"2 Orb Walkers","floor":36,"turns":7},{"damage":9,"enemies":"Orb Walker","floor":37,"turns":4},{"damage":28,"enemies":"Sphere and 2 Shapes","floor":39,"turns":8},{"damage":19,"enemies":"Nemesis","floor":41,"turns":9},{"damage":0,"enemies":"Transient","floor":42,"turns":5},{"damage":24,"enemies":"Jaw Worm Horde","floor":48,"turns":5},{"damage":19,"enemies":"Donu and Deca","floor":50,"turns":11}],"seed_played":"1468166939519465657","potions_obtained":[{"floor":10,"key":"Regen Potion"},{"floor":11,"key":"PowerPotion"},{"floor":18,"key":"Block Potion"},{"floor":24,"key":"SteroidPotion"},{"floor":30,"key":"Weak Potion"},{"floor":31,"key":"Regen Potion"},{"floor":35,"key":"Swift Potion"},{"floor":36,"key":"SpeedPotion"},{"floor":41,"key":"Poison Potion"}],"is_trial":false,"path_per_floor":["M","$","M","?","M","R","E","?","T","E","?","R","$","?","R","B",null,"M","M","?","$","?","R","E","R","T","M","?","M","M","E","R","B",null,"M","?","M","?","M","R","E","M","T","R","?","R","$","M","R","B",null],"character_chosen":"THE_SILENT","items_purchased":["Footwork","All Out Attack","Dodge and Roll","Infinite Blades","Endless Agony","Catalyst+1","PiercingWail+1","DollysMirror"],"campfire_rested":8,"item_purchase_floors":[2,2,13,21,21,47,47,47],"current_hp_per_floor":[58,58,58,58,58,58,41,41,41,17,9,28,28,33,33,19,58,55,54,54,54,26,47,18,39,39,29,29,29,29,28,49,48,65,65,36,27,27,11,32,13,13,13,34,25,46,46,22,43,24],"gold":47,"neow_bonus":"HUNDRED_GOLD","is_prod":false,"is_daily":false,"chose_seed":false,"campfire_upgraded":2,"win_rate":0,"timestamp":1569161312,"path_taken":["M","$","M","?","M","R","E","?","T","E","?","R","$","?","R","BOSS","M","M","?","$","?","R","E","R","T","?","?","M","M","E","R","BOSS","M","?","M","?","M","R","E","?","T","R","?","R","$","M","R","BOSS"],"build_version":"2019-09-20","purchased_purges":3,"victory":true,"max_hp_per_floor":[66,66,66,66,66,66,66,66,66,66,66,66,66,71,71,71,71,71,71,71,71,71,71,71,71,71,71,71,71,71,71,71,71,71,71,71,71,71,71,71,71,71,71,71,71,71,71,71,71,71],"card_choices":[{"not_picked":["Blade Dance","Dodge and Roll"],"picked":"Slice","floor":1},{"not_picked":["Endless Agony","PiercingWail"],"picked":"Dash","floor":3},{"not_picked":["Cloak And Dagger","Flying Knee","Flechettes"],"picked":"SKIP","floor":5},{"not_picked":["Escape Plan","Reflex","Concentrate"],"picked":"SKIP","floor":7},{"not_picked":["Escape Plan","Reflex","Concentrate"],"picked":"SKIP","floor":7},{"not_picked":["Deflect","Quick Slash","Flying Knee"],"picked":"SKIP","floor":10},{"not_picked":["Dodge and Roll","Dagger Spray"],"picked":"Envenom","floor":11},{"not_picked":["Bullet Time","Night Terror"],"picked":"Malaise","floor":16},{"not_picked":["Flying Knee","Riddle With Holes"],"picked":"Dodge and Roll","floor":18},{"not_picked":["Dagger Spray","Slice"],"picked":"PiercingWail","floor":19},{"not_picked":["Eviscerate","Quick Slash"],"picked":"Glass Knife","floor":24},{"not_picked":["Eviscerate","PiercingWail"],"picked":"Sucker Punch","floor":27},{"not_picked":["Escape Plan","Eviscerate+1"],"picked":"Skewer+1","floor":29},{"not_picked":["Dagger Spray","Deflect"],"picked":"Calculated Gamble+1","floor":30},{"not_picked":["Sucker Punch","Masterful Stab","Poisoned Stab"],"picked":"SKIP","floor":31},{"not_picked":["Venomology+1","Bullet Time+1"],"picked":"Burst+1","floor":33},{"not_picked":["Masterful Stab","Calculated Gamble+1"],"picked":"Deadly Poison+1","floor":35},{"not_picked":["Underhanded Strike+1","PiercingWail+1"],"picked":"Well Laid Plans","floor":36},{"not_picked":["Eviscerate","Die Die Die","Underhanded Strike"],"picked":"SKIP","floor":37},{"not_picked":["Underhanded Strike","Reflex+1","Caltrops"],"picked":"SKIP","floor":39},{"not_picked":["Dagger Spray+1","Slice+1","Finisher"],"picked":"SKIP","floor":41},{"not_picked":["Dagger Spray+1","Slice+1","Finisher"],"picked":"SKIP","floor":41},{"not_picked":["Predator","Flying Knee"],"picked":"Cloak And Dagger+1","floor":42},{"not_picked":["Bandage Up+1","The Bomb+1"],"picked":"Master of Strategy+1","floor":45},{"not_picked":["Panacea+1","Bandage Up+1"],"picked":"Trip+1","floor":45},{"not_picked":["Setup+1","Slice+1","Choke+1"],"picked":"SKIP","floor":48}],"player_experience":833369,"relics_obtained":[{"floor":7,"key":"Mummified Hand"},{"floor":9,"key":"Snake Skull"},{"floor":10,"key":"TungstenRod"},{"floor":11,"key":"Sundial"},{"floor":22,"key":"Red Mask"},{"floor":24,"key":"Tingsha"},{"floor":26,"key":"Pen Nib"},{"floor":31,"key":"Toxic Egg 2"},{"floor":36,"key":"Incense Burner"},{"floor":41,"key":"Art of War"}],"event_choices":[{"damage_healed":0,"gold_gain":0,"player_choice":"Ignored","damage_taken":0,"max_hp_gain":0,"max_hp_loss":0,"event_name":"Liars Game","floor":4,"gold_loss":0},{"damage_healed":0,"gold_gain":0,"player_choice":"Grow","damage_taken":0,"max_hp_gain":0,"max_hp_loss":0,"event_name":"Living Wall","floor":8,"gold_loss":0,"cards_upgraded":["Neutralize"]},{"damage_healed":0,"gold_gain":0,"player_choice":"Searched \u00272\u0027 times","damage_taken":0,"max_hp_gain":0,"max_hp_loss":0,"event_name":"Dead Adventurer","floor":11,"gold_loss":0},{"damage_healed":0,"gold_gain":0,"player_choice":"Donut","damage_taken":0,"max_hp_gain":5,"max_hp_loss":0,"event_name":"Big Fish","floor":14,"gold_loss":0},{"damage_healed":0,"gold_gain":99,"player_choice":"Stole From Cult","damage_taken":0,"max_hp_gain":0,"max_hp_loss":0,"event_name":"Nest","floor":20,"gold_loss":0},{"damage_healed":0,"gold_gain":0,"player_choice":"Fought Bandits","damage_taken":0,"max_hp_gain":0,"max_hp_loss":0,"event_name":"Masked Bandits","floor":22,"gold_loss":0},{"damage_healed":0,"gold_gain":0,"cards_transformed":["Strike_G","Strike_G"],"player_choice":"Became Test Subject","damage_taken":0,"max_hp_gain":0,"max_hp_loss":0,"event_name":"Drug Dealer","floor":28,"gold_loss":0,"cards_obtained":["Blur","Masterful Stab"]},{"damage_healed":0,"gold_gain":0,"player_choice":"Fight","damage_taken":0,"max_hp_gain":0,"max_hp_loss":0,"event_name":"Mysterious Sphere","floor":36,"gold_loss":0},{"damage_healed":0,"gold_gain":0,"player_choice":"Bought 0 Potions","damage_taken":0,"max_hp_gain":0,"max_hp_loss":0,"event_name":"The Woman in Blue","floor":38,"gold_loss":0},{"damage_healed":0,"gold_gain":0,"player_choice":"Memory 3","damage_taken":10,"max_hp_gain":0,"max_hp_loss":0,"event_name":"SensoryStone","floor":45,"gold_loss":0}],"is_beta":true,"boss_relics":[{"not_picked":["WristBlade","Tiny House"],"picked":"Fusion Hammer"},{"not_picked":["Runic Dome","Philosopher\u0027s Stone"],"picked":"Cursed Key"}],"items_purged_floors":[13,21,47],"is_endless":false,"potions_floor_spawned":[10,11,18,24,30,31,35,36,41],"ascension_level":14}