{"gold_per_floor":[114,13,28,43,58,58,58,58,58,66,81,96,148,178,178,278,278,293,308,308,258,273,273,288,288,313,343,15,30,45,60,60,160,160,175,190,205,280,5,5,35,50,75,75,75,90,105,120,120,120],"floor_reached":51,"playtime":3607,"items_purged":["Strike_B"],"score":805,"play_id":"384f29ca-0587-4a31-891a-aa04601231a9","local_time":"20180717190713","daily_mods":["Heirloom","Uncertain Future","Binary"],"is_ascension_mode":false,"campfire_choices":[{"data":"1","floor":6,"key":"LIFT"},{"data":"2","floor":8,"key":"LIFT"},{"data":"3","floor":15,"key":"LIFT"},{"floor":23,"key":"REST"},{"floor":25,"key":"REST"},{"floor":32,"key":"REST"},{"floor":40,"key":"REST"},{"floor":45,"key":"REST"},{"data":"All For One","floor":49,"key":"SMITH"}],"neow_cost":"","seed_source_timestamp":0,"circlet_count":0,"master_deck":["Strike_B+1","Strike_B+1","Strike_B+1","Defend_B+1","Defend_B+1","Defend_B+1","Defend_B+1","Zap+1","Dualcast+1","Dramatic Entrance+1","Gash+1","Gash+1","Gash+1","Skim+1","Reprogram+1","Conserve Battery+1","FTL+1","Beam Cell+1","Sweeping Beam+1","Skim+1","Steam+1","Steam+1","Redo+1","Chrysalis+1","Reboot+1","Gash+1","Conserve Battery+1","Streamline+1","Rebound+1","Creative AI+1","Ball Lightning+1","Leap+1","Barrage+1","Auto Shields+1","Gash","Gash","All For One+1"],"special_seed":17730,"relics":["Cracked Core","Girya","Dream Catcher","Odd Mushroom","Strawberry","Toxic Egg 2","Nuclear Battery","Bag of Marbles","Bag of Preparation","Inserter","Sling","Centennial Puzzle","Oddly Smooth Stone","Mark of the Bloom"],"potions_floor_usage":[10,12,13,14,16,18,19,24,24,33,35,41,48],"damage_taken":[{"damage":3,"enemies":"Small Slimes","floor":1,"turns":3},{"damage":3,"enemies":"2 Louse","floor":3,"turns":2},{"damage":6,"enemies":"Jaw Worm","floor":4,"turns":2},{"damage":9,"enemies":"Blue Slaver","floor":5,"turns":3},{"damage":8,"floor":10,"turns":2},{"damage":0,"enemies":"Large Slime","floor":11,"turns":3},{"damage":0,"enemies":"3 Louse","floor":12,"turns":2},{"damage":1,"enemies":"3 Sentries","floor":13,"turns":4},{"damage":0,"enemies":"3 Sentries","floor":14,"turns":5},{"damage":27,"enemies":"The Guardian","floor":16,"turns":9},{"damage":10,"enemies":"Shell Parasite","floor":18,"turns":3},{"damage":13,"enemies":"2 Thieves","floor":19,"turns":2},{"damage":25,"enemies":"Snake Plant","floor":22,"turns":3},{"damage":9,"enemies":"3 Cultists","floor":24,"turns":4},{"damage":6,"enemies":"Gremlin Leader","floor":27,"turns":3},{"damage":2,"enemies":"Snecko","floor":29,"turns":5},{"damage":0,"enemies":"Centurion and Healer","floor":30,"turns":3},{"damage":6,"enemies":"Snake Plant","floor":31,"turns":2},{"damage":0,"enemies":"Champ","floor":33,"turns":6},{"damage":10,"enemies":"3 Darklings","floor":35,"turns":4},{"damage":7,"enemies":"Orb Walker","floor":36,"turns":4},{"damage":13,"enemies":"4 Shapes","floor":37,"turns":6},{"damage":0,"enemies":"Nemesis","floor":41,"turns":3},{"damage":0,"enemies":"Spire Growth","floor":42,"turns":2},{"damage":0,"enemies":"Transient","floor":46,"turns":5},{"damage":0,"enemies":"Sphere and 2 Shapes","floor":47,"turns":3},{"damage":0,"enemies":"4 Shapes","floor":48,"turns":1},{"damage":58,"enemies":"Time Eater","floor":50,"turns":6}],"seed_played":"-3893125077617489196","potions_obtained":[{"floor":1,"key":"Regen Potion"},{"floor":5,"key":"Poison Potion"},{"floor":11,"key":"SkillPotion"},{"floor":13,"key":"EssenceOfSteel"},{"floor":14,"key":"SpeedPotion"},{"floor":16,"key":"FearPotion"},{"floor":18,"key":"Dexterity Potion"},{"floor":19,"key":"Dexterity Potion"},{"floor":22,"key":"Regen Potion"},{"floor":31,"key":"Dexterity Potion"},{"floor":33,"key":"LiquidBronze"},{"floor":35,"key":"FairyPotion"},{"floor":37,"key":"Swift Potion"},{"floor":46,"key":"Regen Potion"}],"is_trial":false,"path_per_floor":["M","$","M","M","M","R","?","R","T","?","M","M","?","E","R","B",null,"M","M","?","?","M","R","M","R","T","E","$","M","M","M","R","B",null,"M","M","M","?","$","R","E","M","T","?","R","M","M","M","R","B"],"character_chosen":"DEFECT","items_purchased":["Dramatic Entrance","Chrysalis+1","Reboot+1","Gash","Sling"],"campfire_rested":5,"item_purchase_floors":[2,28,28,28,39],"current_hp_per_floor":[72,72,69,63,54,54,54,54,54,46,46,46,64,64,64,37,82,72,59,43,43,18,44,47,73,73,67,67,65,65,59,85,85,87,77,70,57,49,49,75,75,75,75,75,75,75,75,75,75,17],"gold":120,"neow_bonus":"","is_prod":false,"is_daily":true,"chose_seed":false,"campfire_upgraded":1,"win_rate":0,"timestamp":1531879633,"path_taken":["M","$","M","M","M","R","?","R","T","?","M","M","?","E","R","BOSS","M","M","?","?","M","R","M","R","T","E","$","M","M","?","R","BOSS","M","M","M","?","$","R","E","M","T","?","R","M","?","M","R","BOSS"],"build_version":"2018-07-16","purchased_purges":1,"victory":true,"max_hp_per_floor":[75,75,75,75,75,75,75,75,75,75,75,75,82,82,82,82,82,82,82,87,87,87,87,87,87,87,87,87,87,87,87,87,87,87,87,87,87,87,87,87,87,87,87,87,87,87,87,87,87,87],"card_choices":[{"not_picked":["Darkness","Recycle"],"picked":"SKIP","floor":1},{"not_picked":["Heatsinks"],"picked":"Gash","floor":3},{"not_picked":["BootSequence"],"picked":"Gash","floor":4},{"not_picked":["Steam"],"picked":"Gash","floor":5},{"not_picked":["Self Repair"],"picked":"Skim","floor":10},{"not_picked":["Double Energy"],"picked":"Reprogram","floor":11},{"not_picked":["Redo"],"picked":"Conserve Battery","floor":12},{"not_picked":["Coolheaded"],"picked":"FTL","floor":13},{"not_picked":["Seek"],"picked":"Beam Cell","floor":14},{"not_picked":["Turbo+1","Loop"],"picked":"SKIP","floor":18},{"not_picked":["Cold Snap"],"picked":"Sweeping Beam","floor":19},{"not_picked":["Compile Driver"],"picked":"Skim+1","floor":22},{"not_picked":["Capacitor"],"picked":"Steam+1","floor":23},{"not_picked":["Rebound+1"],"picked":"Steam+1","floor":24},{"not_picked":["Stack+1"],"picked":"Redo+1","floor":27},{"not_picked":["Hyperbeam"],"picked":"Conserve Battery+1","floor":29},{"not_picked":["Glacier+1"],"picked":"Streamline","floor":30},{"not_picked":["Chill+1","Steam+1"],"picked":"SKIP","floor":31},{"not_picked":["Sunder"],"picked":"Rebound","floor":32},{"not_picked":["Multi-Cast+1"],"picked":"Creative AI","floor":33},{"not_picked":["Darkness+1"],"picked":"Ball Lightning","floor":35},{"not_picked":["Steam+1"],"picked":"Leap+1","floor":36},{"not_picked":["Cold Snap+1","Rebound"],"picked":"SKIP","floor":37},{"not_picked":["Undo+1"],"picked":"Barrage+1","floor":40},{"not_picked":["Genetic Algorithm+1"],"picked":"Auto Shields+1","floor":41},{"not_picked":["Glacier+1","Conserve Battery+1"],"picked":"SKIP","floor":42},{"not_picked":["Steam+1"],"picked":"Gash","floor":45},{"not_picked":["Steam Power+1"],"picked":"Gash","floor":46},{"not_picked":["Heatsinks"],"picked":"All For One","floor":47},{"not_picked":["Compile Driver+1","Rebound"],"picked":"SKIP","floor":48}],"player_experience":548101,"relics_obtained":[{"floor":9,"key":"Dream Catcher"},{"floor":10,"key":"Odd Mushroom"},{"floor":13,"key":"Strawberry"},{"floor":14,"key":"Toxic Egg 2"},{"floor":26,"key":"Bag of Marbles"},{"floor":27,"key":"Bag of Preparation"},{"floor":41,"key":"Centennial Puzzle"},{"floor":43,"key":"Oddly Smooth Stone"}],"event_choices":[{"event_name":"Living Wall","player_choice":"Grow","floor":7,"damage_taken":0},{"event_name":"Mushrooms","player_choice":"Fought Mushrooms","floor":10,"damage_taken":0},{"event_name":"Dead Adventurer","player_choice":"Searched \u00271\u0027 times","floor":13,"damage_taken":0},{"event_name":"Forgotten Altar","player_choice":"Shed Blood","floor":20,"damage_taken":0},{"event_name":"The Joust","player_choice":"Bet on Murderer","floor":21,"damage_taken":0},{"event_name":"FaceTrader","player_choice":"Touch","floor":38,"damage_taken":0},{"event_name":"MindBloom","player_choice":"Upgrade","floor":44,"damage_taken":0}],"boss_relics":[{"not_picked":["Runic Pyramid","Coffee Dripper"],"picked":"Nuclear Battery"},{"not_picked":["Black Star","Velvet Choker"],"picked":"Inserter"}],"items_purged_floors":[39],"is_endless":false,"potions_floor_spawned":[1,5,11,13,14,16,18,19,22,31,33,35,37,46],"ascension_level":0}