{"gold_per_floor":[118,132,152,171,171,171,205,205,205,237,254,269,269,16,16,16],"floor_reached":16,"playtime":467,"items_purged":["Pain"],"score":224,"play_id":"c12453f3-4990-498b-ab6a-bfac749f1f57","local_time":"20190929184319","is_ascension_mode":true,"campfire_choices":[{"data":"Perfected Strike","floor":6.0,"key":"SMITH"},{"data":"True Grit","floor":8.0,"key":"SMITH"},{"data":"True Grit","floor":15,"key":"SMITH"}],"neow_cost":"NONE","seed_source_timestamp":1103311846690299,"circlet_count":0,"master_deck":["AscendersBane","Strike_R","Strike_R","Strike_R","Strike_R","Strike_R","Defend_R","Defend_R","Defend_R","Bash","Perfected Strike+1","Feel No Pain","True Grit+1","Entrench","Feel No Pain","True Grit+1","Dark Embrace+1","Offering","Deep Breath"],"special_seed":0,"relics":["Burning Blood","NeowsBlessing","Sundial","Meat on the Bone","Frozen Egg 2","WarpedTongs"],"potions_floor_usage":[],"damage_taken":[{"damage":0.0,"enemies":"Small Slimes","floor":1.0,"turns":1.0},{"damage":0.0,"enemies":"Cultist","floor":2.0,"turns":1.0},{"damage":0.0,"enemies":"2 Louse","floor":3.0,"turns":1.0},{"damage":16.0,"enemies":"Large Slime","floor":4.0,"turns":6.0},{"damage":32.0,"enemies":"Gremlin Nob","floor":7.0,"turns":4.0},{"damage":27.0,"enemies":"Lagavulin","floor":10.0,"turns":7.0},{"damage":15.0,"enemies":"2 Fungi Beasts","floor":11.0,"turns":5.0},{"damage":6,"enemies":"Looter","floor":12,"turns":4},{"damage":50,"enemies":"Slime Boss","floor":16,"turns":11}],"seed_played":"7707480798025701153","potions_obtained":[{"floor":4.0,"key":"FearPotion"},{"floor":12,"key":"Dexterity Potion"}],"is_trial":false,"path_per_floor":["M","M","M","M","?","R","E","R","T","E","M","M","?","$","R","B"],"character_chosen":"IRONCLAD","items_purchased":["Offering","Deep Breath"],"campfire_rested":0,"item_purchase_floors":[14,14],"current_hp_per_floor":[74,75,75,65,65,65,39,39,39,30,33,45,45,45,45,0],"gold":16,"neow_bonus":"THREE_ENEMY_KILL","is_prod":false,"is_daily":false,"chose_seed":false,"campfire_upgraded":3,"win_rate":0,"timestamp":1569807799,"path_taken":["M","M","M","M","?","R","E","R","T","E","M","?","?","$","R","BOSS"],"build_version":"2019-09-27","purchased_purges":1,"victory":false,"max_hp_per_floor":[75,75,75,75,75,75,75,75,75,75,75,75,75,75,75,75],"card_choices":[{"not_picked":["Heavy Blade","Disarm"],"picked":"Perfected Strike","floor":1.0},{"not_picked":["Heavy Blade","Warcry","Clash"],"picked":"SKIP","floor":2.0},{"not_picked":["Body Slam","Carnage"],"picked":"Feel No Pain","floor":3.0},{"not_picked":["Dropkick","Clash"],"picked":"True Grit","floor":4.0},{"not_picked":["Pommel Strike","Shrug It Off"],"picked":"Feel No Pain","floor":7.0},{"not_picked":["Rupture","Perfected Strike"],"picked":"True Grit","floor":10.0},{"not_picked":["Headbutt","Shrug It Off"],"picked":"Dark Embrace+1","floor":11.0},{"not_picked":["Clothesline","Sever Soul","Bloodletting"],"picked":"SKIP","floor":12}],"player_experience":1130708,"relics_obtained":[{"floor":7.0,"key":"Sundial"},{"floor":9.0,"key":"Meat on the Bone"},{"floor":10.0,"key":"Frozen Egg 2"}],"event_choices":[{"damage_healed":0.0,"max_hp_gain":0.0,"max_hp_loss":0.0,"gold_gain":0.0,"cards_transformed":["Defend_R"],"event_name":"Transmorgrifier","player_choice":"Transformed","floor":5.0,"gold_loss":0.0,"damage_taken":0.0,"cards_obtained":["Entrench"]},{"damage_healed":0,"gold_gain":0,"player_choice":"Rummage","damage_taken":0,"relics_obtained":["WarpedTongs"],"max_hp_gain":0,"max_hp_loss":0,"event_name":"Accursed Blacksmith","floor":13,"gold_loss":0,"cards_obtained":["Pain"]}],"is_beta":true,"boss_relics":[],"items_purged_floors":[14],"is_endless":false,"potions_floor_spawned":[4,12],"killed_by":"Slime Boss","ascension_level":20}