{"gold_per_floor":[118,1,15,15,30,30,60,60,114,130,150,164,164,183,183,262,262,282,299,174,185,5,5,5,37,37,37,70,70,70,88,88,88],"floor_reached":33,"playtime":2426,"items_purged":["Strike_R"],"score":578,"play_id":"fd043787-f922-4c72-84aa-4627e160465c","local_time":"20190919013447","is_ascension_mode":true,"campfire_choices":[{"data":"Uppercut","floor":6,"key":"SMITH"},{"data":"Bash","floor":8,"key":"SMITH"},{"data":"True Grit","floor":13,"key":"SMITH"},{"data":"Juggernaut","floor":15,"key":"SMITH"},{"data":"Body Slam","floor":23,"key":"SMITH"},{"floor":27,"key":"REST"},{"floor":30,"key":"REST"},{"data":"Battle Trance","floor":32,"key":"SMITH"}],"neow_cost":"TEN_PERCENT_HP_LOSS","seed_source_timestamp":436406187474900,"circlet_count":0,"master_deck":["AscendersBane","Strike_R","Strike_R","Strike_R+1","Strike_R","Defend_R","Defend_R","Defend_R","Defend_R","Bash+1","Juggernaut+1","Anger+1","Battle Trance+1","Uppercut+1","True Grit+1","Feel No Pain","Ghostly Armor","Offering","Ghostly Armor","Body Slam+1","Shrug It Off","Armaments+1"],"relics":["Burning Blood","Akabeko","Tiny Chest","Cursed Key","Membership Card","Whetstone","Thread and Needle"],"potions_floor_usage":[14,16,16,28,29],"damage_taken":[{"damage":6,"enemies":"Jaw Worm","floor":1,"turns":6},{"damage":1,"enemies":"Cultist","floor":3,"turns":3},{"damage":7,"enemies":"Small Slimes","floor":5,"turns":4},{"damage":34,"enemies":"Gremlin Nob","floor":7,"turns":4},{"damage":1,"enemies":"Looter","floor":10,"turns":3},{"damage":4,"enemies":"Exordium Wildlife","floor":11,"turns":5},{"damage":10,"enemies":"Lots of Slimes","floor":12,"turns":5},{"damage":14,"enemies":"Large Slime","floor":14,"turns":6},{"damage":25,"enemies":"Hexaghost","floor":16,"turns":9},{"damage":20,"enemies":"Shell Parasite","floor":18,"turns":6},{"damage":6,"enemies":"2 Thieves","floor":19,"turns":4},{"damage":8,"enemies":"Cultist and Chosen","floor":21,"turns":5},{"damage":31,"enemies":"Book of Stabbing","floor":25,"turns":6},{"damage":21,"enemies":"Slavers","floor":28,"turns":5},{"damage":0,"enemies":"Chosen and Byrds","floor":29,"turns":2},{"damage":4,"enemies":"Snecko","floor":31,"turns":4},{"damage":50,"enemies":"Automaton","floor":33,"turns":10}],"seed_played":"8924235777982354063","potions_obtained":[{"floor":10,"key":"AttackPotion"},{"floor":11,"key":"Weak Potion"},{"floor":12,"key":"PowerPotion"},{"floor":14,"key":"Strength Potion"},{"floor":16,"key":"Dexterity Potion"},{"floor":18,"key":"FearPotion"},{"floor":19,"key":"SmokeBomb"},{"floor":28,"key":"FearPotion"}],"is_trial":false,"path_per_floor":["M","$","M","?","M","R","E","R","T","M","M","M","R","M","R","B",null,"M","M","$","M","$","R","T","E","T","R","E","M","R","M","R","B"],"character_chosen":"IRONCLAD","items_purchased":["Battle Trance","Uppercut","Body Slam","Membership Card","Shrug It Off"],"campfire_rested":2,"item_purchase_floors":[2,2,20,22,22],"current_hp_per_floor":[68,68,68,68,67,67,39,39,39,44,46,42,42,34,34,15,55,41,41,41,39,39,39,39,14,14,34,19,25,45,47,47,0],"gold":88,"neow_bonus":"THREE_RARE_CARDS","is_prod":false,"is_daily":false,"chose_seed":false,"campfire_upgraded":6,"win_rate":0,"timestamp":1568824487,"path_taken":["M","$","M","?","?","R","E","R","T","M","M","M","R","M","R","BOSS","M","M","$","M","$","R","?","E","T","R","E","M","R","M","R","BOSS"],"build_version":"2019-09-17","purchased_purges":1,"victory":false,"max_hp_per_floor":[68,68,68,68,68,68,68,68,68,68,68,68,68,68,68,68,68,68,68,68,68,68,68,68,68,68,68,68,68,68,68,68,68],"card_choices":[{"not_picked":["Exhume","Impervious"],"picked":"Juggernaut","floor":0},{"not_picked":["Heavy Blade","Evolve"],"picked":"Anger","floor":1},{"not_picked":["Twin Strike","Corruption"],"picked":"True Grit","floor":3},{"not_picked":["Body Slam","Burning Pact","Bloodletting"],"picked":"SKIP","floor":5},{"not_picked":["Anger","Infernal Blade"],"picked":"Feel No Pain","floor":7},{"not_picked":["Offering","Iron Wave"],"picked":"Ghostly Armor","floor":10},{"not_picked":["Clothesline","Flex","Wild Strike"],"picked":"SKIP","floor":11},{"not_picked":["Anger","Sever Soul","Body Slam"],"picked":"SKIP","floor":12},{"not_picked":["Flex","Thunderclap","Heavy Blade"],"picked":"SKIP","floor":14},{"not_picked":["Limit Break","Brutality"],"picked":"Offering","floor":16},{"not_picked":["Uppercut","Headbutt"],"picked":"Ghostly Armor","floor":18},{"not_picked":["Heavy Blade","Pommel Strike","Infernal Blade"],"picked":"SKIP","floor":19},{"not_picked":["Pommel Strike","Wild Strike","Havoc"],"picked":"SKIP","floor":21},{"not_picked":["Combust","Heavy Blade"],"picked":"Armaments+1","floor":25},{"not_picked":["Headbutt","Clothesline","Offering"],"picked":"SKIP","floor":28},{"not_picked":["Flex","Evolve","Clothesline"],"picked":"SKIP","floor":31}],"player_experience":781351,"relics_obtained":[{"floor":7,"key":"Akabeko"},{"floor":9,"key":"Tiny Chest"},{"floor":25,"key":"Whetstone"},{"floor":28,"key":"Thread and Needle"}],"event_choices":[{"damage_healed":0,"gold_gain":0,"player_choice":"Full Heal","damage_taken":0,"max_hp_gain":0,"max_hp_loss":0,"event_name":"Wheel of Change","floor":4,"gold_loss":0}],"is_beta":true,"boss_relics":[{"not_picked":["Calling Bell","Busted Crown"],"picked":"Cursed Key"}],"items_purged_floors":[20],"is_endless":false,"potions_floor_spawned":[10,11,12,14,16,18,19,25,28],"killed_by":"Automaton","ascension_level":20}