{"gold_per_floor":[13,25,25,45,56,56,71,71,98,133,133,208,259,282,282,282],"floor_reached":16,"playtime":406,"items_purged":[],"score":200,"play_id":"121e01ad-97d3-497a-8f7c-cd80966ae528","local_time":"20190929155355","is_ascension_mode":true,"campfire_choices":[{"data":"Hemokinesis","floor":6,"key":"SMITH"},{"data":"Berserk","floor":8,"key":"SMITH"},{"floor":11,"key":"REST"},{"floor":15,"key":"REST"}],"neow_cost":"NO_GOLD","seed_source_timestamp":1093231751086300,"circlet_count":0,"master_deck":["AscendersBane","Strike_R","Strike_R","Strike_R","Strike_R","Strike_R","Defend_R","Defend_R","Defend_R","Defend_R","Bash","Berserk+1","Hemokinesis+1","Anger","Metallicize","Power Through","Fire Breathing","Battle Trance","Power Through","Reckless Charge"],"relics":["Burning Blood","InkBottle","Dream Catcher","Art of War","MealTicket","Odd Mushroom"],"potions_floor_usage":[2],"damage_taken":[{"damage":9,"enemies":"Small Slimes","floor":1,"turns":4},{"damage":4,"enemies":"Cultist","floor":2,"turns":3},{"damage":5,"enemies":"Jaw Worm","floor":4,"turns":3},{"damage":37,"enemies":"Exordium Wildlife","floor":5,"turns":5},{"damage":11,"enemies":"Looter","floor":7,"turns":4},{"damage":28,"enemies":"Lagavulin","floor":10,"turns":6},{"damage":19,"enemies":"The Mushroom Lair","floor":14,"turns":6},{"damage":38,"enemies":"Hexaghost","floor":16,"turns":7}],"seed_played":"6485372732192135377","potions_obtained":[{"floor":1,"key":"Energy Potion"},{"floor":2,"key":"ElixirPotion"},{"floor":14,"key":"SmokeBomb"}],"is_trial":false,"path_per_floor":["M","M","?","M","M","R","M","R","T","E","R","?","T","?","R","B"],"character_chosen":"IRONCLAD","items_purchased":[],"campfire_rested":2,"item_purchase_floors":[],"current_hp_per_floor":[65,67,67,68,37,37,32,32,32,10,32,21,21,8,30,0],"gold":282,"neow_bonus":"THREE_RARE_CARDS","is_prod":false,"is_daily":false,"chose_seed":false,"campfire_upgraded":2,"win_rate":0,"timestamp":1569797635,"path_taken":["M","M","?","M","?","R","M","R","T","E","R","?","?","?","R","BOSS"],"build_version":"2019-09-27","purchased_purges":0,"victory":false,"max_hp_per_floor":[75,75,75,75,75,75,75,75,75,75,75,75,75,75,75,75],"card_choices":[{"not_picked":["Double Tap","Barricade"],"picked":"Berserk","floor":0},{"not_picked":["Flame Barrier","Body Slam"],"picked":"Hemokinesis","floor":1},{"not_picked":["Twin Strike","Sword Boomerang"],"picked":"Anger","floor":2},{"not_picked":["Rage","Warcry","Thunderclap"],"picked":"SKIP","floor":4},{"not_picked":["Twin Strike","Pommel Strike"],"picked":"Metallicize","floor":5},{"not_picked":["Clash","Cleave"],"picked":"Power Through","floor":7},{"not_picked":["Havoc","Sword Boomerang"],"picked":"Fire Breathing","floor":10},{"not_picked":["Evolve","Cleave"],"picked":"Battle Trance","floor":11},{"not_picked":["Infernal Blade","Warcry"],"picked":"Power Through","floor":14},{"not_picked":["Exhume","Body Slam"],"picked":"Reckless Charge","floor":15}],"player_experience":1122758,"relics_obtained":[{"floor":9,"key":"Dream Catcher"},{"floor":10,"key":"Art of War"},{"floor":13,"key":"MealTicket"},{"floor":14,"key":"Odd Mushroom"}],"event_choices":[{"damage_healed":0,"gold_gain":0,"player_choice":"Gave Potion","damage_taken":0,"relics_obtained":["InkBottle"],"max_hp_gain":0,"max_hp_loss":0,"event_name":"WeMeetAgain","floor":3,"gold_loss":0},{"damage_healed":0,"gold_gain":75,"player_choice":"Gather Gold","damage_taken":11,"max_hp_gain":0,"max_hp_loss":0,"event_name":"World of Goop","floor":12,"gold_loss":0},{"damage_healed":0,"gold_gain":0,"player_choice":"Fought Mushrooms","damage_taken":0,"max_hp_gain":0,"max_hp_loss":0,"event_name":"Mushrooms","floor":14,"gold_loss":0}],"is_beta":true,"boss_relics":[],"items_purged_floors":[],"is_endless":false,"potions_floor_spawned":[1,2,14],"killed_by":"Hexaghost","ascension_level":20}