{"gold_per_floor":[117,129,148,73,88,88,88,88,88,120,20,32,32,57,57,57],"floor_reached":16,"playtime":876,"items_purged":["Strike_G","Strike_G"],"score":193,"play_id":"8ae50151-ac67-4847-9b92-a50d5239d73c","local_time":"20190924185412","is_ascension_mode":true,"campfire_choices":[{"data":"Neutralize","floor":6,"key":"SMITH"},{"data":"Skewer","floor":8,"key":"SMITH"},{"floor":13,"key":"REST"},{"floor":15,"key":"REST"}],"neow_cost":"NONE","seed_source_timestamp":249823311589000,"circlet_count":0,"master_deck":["AscendersBane","Strike_G","Strike_G","Strike_G","Defend_G","Defend_G","Defend_G","Defend_G","Defend_G","Survivor","Neutralize+1","Dagger Spray","Skewer+1","Backflip","Expertise","Crippling Poison","Poisoned Stab"],"relics":["Ring of the Snake","Orichalcum","Blue Candle","Bottled Lightning"],"potions_floor_usage":[10,10,16],"damage_taken":[{"damage":10,"enemies":"Cultist","floor":1,"turns":5},{"damage":3,"enemies":"Small Slimes","floor":2,"turns":3},{"damage":1,"enemies":"Jaw Worm","floor":3,"turns":6},{"damage":24,"enemies":"Large Slime","floor":5,"turns":11},{"damage":17,"enemies":"Lagavulin","floor":10,"turns":6},{"damage":7,"enemies":"Blue Slaver","floor":12,"turns":6},{"damage":9,"enemies":"Gremlin Nob","floor":14,"turns":5},{"damage":40,"enemies":"Slime Boss","floor":16,"turns":6}],"seed_played":"8291993647984292732","potions_obtained":[{"floor":1,"key":"Strength Potion"},{"floor":5,"key":"AttackPotion"},{"floor":7,"key":"FearPotion"},{"floor":12,"key":"CunningPotion"}],"is_trial":false,"path_per_floor":["M","M","M","$","M","R","?","R","T","E","$","M","R","E","R","B"],"character_chosen":"THE_SILENT","items_purchased":[],"campfire_rested":2,"item_purchase_floors":[],"current_hp_per_floor":[55,52,51,51,27,27,27,27,27,10,10,3,24,15,36,0],"gold":57,"neow_bonus":"TEN_PERCENT_HP_BONUS","is_prod":false,"is_daily":false,"chose_seed":false,"campfire_upgraded":2,"win_rate":0,"timestamp":1569318852,"path_taken":["M","M","?","$","M","R","?","R","T","E","$","M","R","E","R","BOSS"],"build_version":"2019-09-23","purchased_purges":2,"victory":false,"max_hp_per_floor":[72,72,72,72,72,72,72,72,72,72,72,72,72,72,72,72],"card_choices":[{"not_picked":["Dagger Throw","Heel Hook"],"picked":"Dagger Spray","floor":1},{"not_picked":["Catalyst","Acrobatics"],"picked":"Skewer","floor":2},{"not_picked":["Catalyst","Outmaneuver","Prepared"],"picked":"SKIP","floor":3},{"not_picked":["Cloak And Dagger","Acrobatics"],"picked":"Backflip","floor":5},{"not_picked":["Concentrate","Flechettes","Expertise"],"picked":"SKIP","floor":10},{"not_picked":["Concentrate","Flechettes"],"picked":"Expertise","floor":10},{"not_picked":["Bouncing Flask","Acrobatics"],"picked":"Crippling Poison","floor":12},{"not_picked":["Tactician","Reflex"],"picked":"Poisoned Stab","floor":14}],"player_experience":846172,"relics_obtained":[{"floor":9,"key":"Orichalcum"},{"floor":10,"key":"Blue Candle"},{"floor":14,"key":"Bottled Lightning"}],"event_choices":[{"damage_healed":0,"gold_gain":0,"player_choice":"Got Potions","damage_taken":0,"max_hp_gain":0,"max_hp_loss":0,"event_name":"Lab","floor":7,"gold_loss":0}],"is_beta":true,"boss_relics":[],"items_purged_floors":[4,11],"is_endless":false,"potions_floor_spawned":[1,5,12],"killed_by":"Slime Boss","ascension_level":15}