{"gold_per_floor":[118,131,131,149,114,114,141,141,164,183,196,216,245,57,57,57],"floor_reached":16,"playtime":440,"items_purged":["Strike_R"],"score":224,"play_id":"85dbba41-b478-4d6e-8e4d-a0da04acdece","local_time":"20190929181330","is_ascension_mode":true,"campfire_choices":[{"data":"Hemokinesis","floor":6,"key":"SMITH"},{"data":"Rampage","floor":8,"key":"SMITH"},{"data":"Inflame","floor":15,"key":"SMITH"}],"neow_cost":"NONE","seed_source_timestamp":1101572022847200,"circlet_count":0,"master_deck":["AscendersBane","Strike_R+1","Strike_R","Strike_R","Strike_R","Defend_R+1","Defend_R","Defend_R","Defend_R","Bash","Rampage+1","Hemokinesis+1","Seeing Red","Hemokinesis","Limit Break","Flame Barrier","Inflame+1","Sword Boomerang"],"relics":["Burning Blood","Boot","Regal Pillow","Smiling Mask"],"potions_floor_usage":[7,12,13],"damage_taken":[{"damage":9,"enemies":"Jaw Worm","floor":1,"turns":5},{"damage":2,"enemies":"2 Louse","floor":2,"turns":4},{"damage":3,"enemies":"Cultist","floor":4,"turns":3},{"damage":24,"enemies":"Lagavulin","floor":7,"turns":6},{"damage":2,"enemies":"3 Louse","floor":10,"turns":3},{"damage":2,"enemies":"2 Fungi Beasts","floor":11,"turns":3},{"damage":19,"enemies":"Exordium Thugs","floor":12,"turns":5},{"damage":13,"enemies":"Gremlin Nob","floor":13,"turns":3},{"damage":51,"enemies":"Hexaghost","floor":16,"turns":7}],"seed_played":"8115476550867187714","potions_obtained":[{"floor":1,"key":"DuplicationPotion"},{"floor":4,"key":"Regen Potion"},{"floor":10,"key":"Fire Potion"}],"is_trial":false,"path_per_floor":["M","M","?","M","?","R","E","R","T","M","M","M","E","$","R","B"],"character_chosen":"IRONCLAD","items_purchased":["Inflame","Sword Boomerang"],"campfire_rested":0,"item_purchase_floors":[14,14],"current_hp_per_floor":[65,69,46,49,67,67,49,49,49,53,57,53,46,46,46,0],"gold":57,"neow_bonus":"THREE_CARDS","is_prod":false,"is_daily":false,"chose_seed":false,"campfire_upgraded":3,"win_rate":0,"timestamp":1569806010,"path_taken":["M","M","?","M","?","R","E","R","T","M","M","M","E","$","R","BOSS"],"build_version":"2019-09-27","purchased_purges":1,"victory":false,"max_hp_per_floor":[75,75,75,75,75,75,75,75,75,75,75,75,75,75,75,75],"card_choices":[{"not_picked":["Combust","Havoc"],"picked":"Rampage","floor":0},{"not_picked":["Combust","Heavy Blade"],"picked":"Hemokinesis","floor":1},{"not_picked":["Warcry","Perfected Strike"],"picked":"Seeing Red","floor":2},{"not_picked":["Clothesline","Cleave","Sword Boomerang"],"picked":"SKIP","floor":4},{"not_picked":["Rupture","Cleave","Bloodletting"],"picked":"SKIP","floor":7},{"not_picked":["Havoc","Perfected Strike","Anger"],"picked":"SKIP","floor":10},{"not_picked":["Wild Strike","Cleave"],"picked":"Hemokinesis","floor":11},{"not_picked":["Dropkick","True Grit"],"picked":"Limit Break","floor":12},{"not_picked":["Anger","Cleave"],"picked":"Flame Barrier","floor":13}],"player_experience":1130217,"relics_obtained":[{"floor":7,"key":"Boot"},{"floor":9,"key":"Regal Pillow"},{"floor":13,"key":"Smiling Mask"}],"event_choices":[{"damage_healed":0,"gold_gain":0,"player_choice":"Entered Light","damage_taken":23,"max_hp_gain":0,"max_hp_loss":0,"event_name":"Shining Light","floor":3,"gold_loss":0,"cards_upgraded":["Defend_R","Strike_R"]},{"damage_healed":18,"gold_gain":0,"player_choice":"Healed","damage_taken":0,"max_hp_gain":0,"max_hp_loss":0,"event_name":"The Cleric","floor":5,"gold_loss":35}],"is_beta":true,"boss_relics":[],"items_purged_floors":[14],"is_endless":false,"potions_floor_spawned":[1,4,10,11],"killed_by":"Hexaghost","ascension_level":20}