{"gold_per_floor":[111,111,122,139,52,83,83,116,116,116,143,143,160,56,56,132,132,144,161,176,97,97,97],"floor_reached":23,"playtime":1117,"items_purged":["Strike_G"],"score":418,"play_id":"fb3fb2b8-a6f6-4aa7-a901-bb4409b32cc0","local_time":"20190902140818","is_ascension_mode":true,"campfire_choices":[{"floor":7,"key":"REST"},{"floor":10,"key":"REST"},{"data":"Envenom","floor":12,"key":"SMITH"},{"data":"Noxious Fumes","floor":15,"key":"SMITH"}],"neow_cost":"NONE","seed_source_timestamp":2857222518484456,"circlet_count":0,"master_deck":["AscendersBane","Strike_G","Strike_G","Strike_G","Strike_G","Defend_G","Defend_G","Defend_G","Defend_G","Defend_G","Survivor","Neutralize","Poisoned Stab","Bane","Backflip","Envenom+1","Well Laid Plans","Deadly Poison","Noxious Fumes+1","Adrenaline","Cloak And Dagger","Dagger Spray+1","Prepared","Decay"],"relics":["Ring of the Snake","NeowsBlessing","FossilizedHelix","The Courier","Singing Bowl","The Specimen","Runic Pyramid"],"potions_floor_usage":[8,16,16,19,20],"damage_taken":[{"damage":0,"enemies":"Jaw Worm","floor":1,"turns":1},{"damage":0,"enemies":"Cultist","floor":3,"turns":1},{"damage":0,"enemies":"Small Slimes","floor":4,"turns":1},{"damage":34,"enemies":"Lagavulin","floor":6,"turns":7},{"damage":31,"enemies":"3 Sentries","floor":8,"turns":13},{"damage":5,"enemies":"Lagavulin","floor":11,"turns":8},{"damage":0,"enemies":"3 Louse","floor":13,"turns":3},{"damage":13,"enemies":"The Guardian","floor":16,"turns":9},{"damage":15,"enemies":"Shell Parasite","floor":18,"turns":7},{"damage":16,"enemies":"Chosen","floor":19,"turns":7},{"damage":36,"enemies":"Shelled Parasite and Fungi","floor":20,"turns":7},{"damage":8,"enemies":"Gremlin Leader","floor":23,"turns":2}],"seed_played":"2383312239944135330","potions_obtained":[{"floor":4,"key":"Swift Potion"},{"floor":6,"key":"GamblersBrew"},{"floor":8,"key":"Swift Potion"},{"floor":16,"key":"GhostInAJar"},{"floor":18,"key":"Regen Potion"}],"is_trial":false,"path_per_floor":["M","?","M","M","$","E","R","E","T","R","E","R","M","$","R","B",null,"M","M","M","$","?","E"],"character_chosen":"THE_SILENT","items_purchased":["Envenom","Deadly Poison","Noxious Fumes","Prepared"],"campfire_rested":2,"item_purchase_floors":[5,14,14,21],"current_hp_per_floor":[59,50,50,50,50,16,35,4,4,23,20,20,22,22,22,9,55,40,41,5,5,5,0],"gold":97,"neow_bonus":"THREE_ENEMY_KILL","is_prod":false,"is_daily":false,"chose_seed":false,"campfire_upgraded":2,"win_rate":0,"timestamp":1567411698,"path_taken":["M","?","?","M","?","E","R","E","T","R","E","R","M","$","R","BOSS","M","M","M","$","?","E"],"build_version":"2019-07-17","purchased_purges":1,"victory":false,"max_hp_per_floor":[66,66,66,66,66,66,66,66,66,66,68,68,70,70,70,70,70,70,72,72,72,72,72],"card_choices":[{"not_picked":["Blade Dance","Underhanded Strike"],"picked":"Poisoned Stab","floor":1},{"not_picked":["Blur","Slice"],"picked":"Bane","floor":3},{"not_picked":["Blade Dance","Choke"],"picked":"Backflip","floor":4},{"not_picked":["Terror","Dagger Throw"],"picked":"Well Laid Plans","floor":6},{"not_picked":["Sucker Punch","Flechettes","Quick Slash"],"picked":"SKIP","floor":8},{"not_picked":["Cloak And Dagger","Doppelganger","Prepared"],"picked":"Singing Bowl","floor":11},{"not_picked":["Distraction","Infinite Blades","Poisoned Stab"],"picked":"Singing Bowl","floor":13},{"not_picked":["Burst","Wraith Form v2"],"picked":"Adrenaline","floor":16},{"not_picked":["Flying Knee","Backflip"],"picked":"Cloak And Dagger","floor":18},{"not_picked":["Quick Slash+1","Flying Knee","Dodge and Roll"],"picked":"Singing Bowl","floor":19},{"not_picked":["Dodge and Roll","Sucker Punch"],"picked":"Dagger Spray+1","floor":20}],"player_experience":1718054,"relics_obtained":[{"floor":6,"key":"FossilizedHelix"},{"floor":8,"key":"The Courier"},{"floor":9,"key":"Singing Bowl"},{"floor":11,"key":"The Specimen"}],"event_choices":[{"damage_healed":0,"gold_gain":0,"player_choice":"Damaged","damage_taken":9,"max_hp_gain":0,"max_hp_loss":0,"event_name":"Wheel of Change","floor":2,"gold_loss":0},{"damage_healed":0,"gold_gain":0,"player_choice":"Smashed Altar","damage_taken":0,"max_hp_gain":0,"max_hp_loss":0,"event_name":"Forgotten Altar","floor":22,"gold_loss":0,"cards_obtained":["Decay"]}],"is_beta":false,"boss_relics":[{"not_picked":["Astrolabe","Ring of the Serpent"],"picked":"Runic Pyramid"}],"items_purged_floors":[21],"is_endless":false,"potions_floor_spawned":[4,6,8,16,18],"killed_by":"Gremlin Leader","ascension_level":20}