{"gold_per_floor":[359,379,54,54,54,95,95,133,133,157,157,172,172,211,211,300,300,316,332,357,396,411,449,126,126,174,174,44,58,58,58,58,148,148,171,187,8,26,46,89,89,130,130,180,180,204,235,259,259,259,259,259,259,25,69,69],"floor_reached":56,"playtime":5858,"items_purged":["Strike_R","Strike_R","Strike_R"],"score":2100,"play_id":"72f04bd6-10b2-44fa-b789-894f181bfa96","local_time":"20190920130006","is_ascension_mode":true,"campfire_choices":[{"data":"Bludgeon","floor":7.0,"key":"SMITH"},{"data":"Inflame","floor":13.0,"key":"SMITH"},{"data":"Demon Form","floor":15.0,"key":"SMITH"},{"floor":25.0,"key":"REST"},{"data":"Immolate","floor":30.0,"key":"SMITH"},{"data":"Offering","floor":32.0,"key":"SMITH"},{"data":"True Grit","floor":41.0,"key":"SMITH"},{"data":"Sword Boomerang","floor":45.0,"key":"SMITH"},{"floor":49,"key":"RECALL"},{"data":"Evolve","floor":53,"key":"SMITH"}],"neow_cost":"TEN_PERCENT_HP_LOSS","seed_source_timestamp":19611554638500,"circlet_count":0,"master_deck":["AscendersBane","Defend_R","Defend_R","Defend_R","Defend_R","Bash+1","Shrug It Off","Inflame+1","Clothesline","Pommel Strike","Bludgeon+1","Shrug It Off","Power Through","Corruption","Demon Form+1","Dark Embrace","Sword Boomerang+1","Seeing Red+1","Shrug It Off","Immolate+1","Offering+1","Whirlwind","Whirlwind","Limit Break","Warcry+1","Entrench","Evolve+1","Barricade","True Grit+1","Shrug It Off","Shockwave","Shockwave+1","Limit Break"],"special_seed":0,"relics":["Burning Blood","Medical Kit","Golden Idol","Mango","Pen Nib","CloakClasp","Bag of Marbles","Mark of Pain","Red Mask","The Courier","Oddly Smooth Stone","Akabeko","Bag of Preparation","Snecko Eye","Shuriken","Mercury Hourglass","MealTicket","Paper Frog"],"potions_floor_usage":[56,56],"damage_taken":[{"damage":8.0,"enemies":"2 Louse","floor":1.0,"turns":4.0},{"damage":7.0,"enemies":"Small Slimes","floor":2.0,"turns":4.0},{"damage":24.0,"enemies":"Gremlin Nob","floor":6.0,"turns":4.0},{"damage":27.0,"enemies":"3 Sentries","floor":8.0,"turns":7.0},{"damage":0.0,"enemies":"Jaw Worm","floor":10.0,"turns":3.0},{"damage":0.0,"enemies":"Large Slime","floor":12.0,"turns":5.0},{"damage":0.0,"enemies":"Gremlin Nob","floor":14.0,"turns":2.0},{"damage":33.0,"enemies":"Slime Boss","floor":16.0,"turns":6.0},{"damage":0.0,"enemies":"Chosen","floor":18.0,"turns":4.0},{"damage":5.0,"enemies":"Shell Parasite","floor":19.0,"turns":5.0},{"damage":0.0,"enemies":"Centurion and Healer","floor":20.0,"turns":7.0},{"damage":30.0,"enemies":"Masked Bandits","floor":21.0,"turns":6.0},{"damage":43.0,"enemies":"Cultist and Chosen","floor":22.0,"turns":9.0},{"damage":15.0,"enemies":"Book of Stabbing","floor":23.0,"turns":5.0},{"damage":8.0,"enemies":"Snake Plant","floor":29.0,"turns":3.0},{"damage":35.0,"enemies":"Collector","floor":33.0,"turns":8.0},{"damage":5.0,"enemies":"3 Shapes","floor":35.0,"turns":5.0},{"damage":0.0,"enemies":"Orb Walker","floor":36.0,"turns":1.0},{"damage":0.0,"enemies":"4 Shapes","floor":38.0,"turns":2.0},{"damage":4.0,"enemies":"Transient","floor":39.0,"turns":6.0},{"damage":9.0,"enemies":"Nemesis","floor":40.0,"turns":3.0},{"damage":13.0,"enemies":"Reptomancer","floor":42.0,"turns":4.0},{"damage":0.0,"enemies":"Sphere and 2 Shapes","floor":46.0,"turns":1.0},{"damage":10.0,"enemies":"Nemesis","floor":47.0,"turns":3.0},{"damage":0.0,"enemies":"Maw","floor":48.0,"turns":4.0},{"damage":14,"enemies":"Awakened One","floor":50,"turns":5},{"damage":22,"enemies":"Donu and Deca","floor":51,"turns":3},{"damage":41,"enemies":"Shield and Spear","floor":55,"turns":4},{"damage":56,"enemies":"The Heart","floor":56,"turns":5}],"seed_played":"-3079653174855076837","potions_obtained":[{"floor":10.0,"key":"BloodPotion"},{"floor":12.0,"key":"AttackPotion"},{"floor":16.0,"key":"Block Potion"},{"floor":20.0,"key":"Energy Potion"},{"floor":35.0,"key":"Energy Potion"},{"floor":39.0,"key":"DuplicationPotion"},{"floor":46.0,"key":"LiquidBronze"}],"is_trial":false,"path_per_floor":["M","M","$","?","?","E","R","E","T","M","?","M","R","E","R","B",null,"M","M","M","?","M","E","$","R","T","?","$","M","R","?","R","B",null,"M","M","$","M","M","E","R","E","T","?","R","M","E","M","R","B","B",null,"R","$","E","B"],"character_chosen":"IRONCLAD","items_purchased":["Inflame","Medical Kit","Clothesline","Pommel Strike","Oddly Smooth Stone","Immolate","Bag of Preparation","Entrench","Evolve","Limit Break"],"campfire_rested":1,"item_purchase_floors":[3,3,3,3,24,24,28,37,37,54],"current_hp_per_floor":[66,65,65,62,67,63,63,42,42,48,48,54,54,60,60,33,69,75,76,81,57,20,11,11,35,35,35,35,33,33,33,33,24,67,68,74,74,80,81,78,78,71,71,63,63,69,65,71,71,63,47,73,73,81,46,0],"gold":69,"neow_bonus":"TWO_FIFTY_GOLD","is_prod":false,"is_daily":false,"chose_seed":false,"campfire_upgraded":8,"win_rate":0,"timestamp":1568952006,"path_taken":["M","M","$","?","?","E","R","E","T","M","?","M","R","E","R","BOSS","M","M","M","?","M","E","$","R","T","?","$","M","R","?","R","BOSS","M","M","$","M","M","E","R","E","T","?","R","M","E","?","R","BOSS","BOSS","R","$","E","BOSS"],"build_version":"2019-09-19","purchased_purges":3,"victory":false,"max_hp_per_floor":[68,68,68,62,67,81,81,81,81,81,81,81,81,81,81,81,81,81,81,81,81,81,81,81,81,81,81,81,81,81,81,81,81,81,81,81,81,81,81,81,81,81,81,81,81,81,81,81,81,81,81,81,81,81,81,81],"card_choices":[{"not_picked":["Cleave","Rupture"],"picked":"Shrug It Off","floor":1.0},{"not_picked":["Warcry","Intimidate","Havoc"],"picked":"SKIP","floor":2.0},{"not_picked":["Entrench","Juggernaut"],"picked":"Bludgeon","floor":6.0},{"not_picked":["Headbutt","Wild Strike"],"picked":"Shrug It Off","floor":8.0},{"not_picked":["Armaments","Combust"],"picked":"Power Through","floor":10.0},{"not_picked":["Clothesline","Blood for Blood"],"picked":"Corruption","floor":12.0},{"not_picked":["Anger","Limit Break"],"picked":"Demon Form","floor":14.0},{"not_picked":["Berserk","Demon Form"],"picked":"Dark Embrace","floor":16.0},{"not_picked":["Flex","Pommel Strike","Wild Strike+1"],"picked":"SKIP","floor":18.0},{"not_picked":["Sever Soul","Blood for Blood","True Grit"],"picked":"SKIP","floor":19.0},{"not_picked":["Perfected Strike","True Grit"],"picked":"Sword Boomerang","floor":20.0},{"not_picked":["Twin Strike","Flex"],"picked":"Seeing Red+1","floor":21.0},{"not_picked":["Pommel Strike","Havoc"],"picked":"Shrug It Off","floor":22.0},{"not_picked":["Corruption","Rampage","Dual Wield"],"picked":"SKIP","floor":23.0},{"not_picked":["Uppercut","Fire Breathing"],"picked":"Offering","floor":29.0},{"not_picked":["Offering","Juggernaut"],"picked":"Limit Break","floor":33.0},{"not_picked":["Flex","Twin Strike","Body Slam"],"picked":"SKIP","floor":35.0},{"not_picked":["Body Slam+1","Evolve"],"picked":"Warcry+1","floor":36.0},{"not_picked":["Cleave","Uppercut"],"picked":"Barricade","floor":38.0},{"not_picked":["Thunderclap","True Grit","Clash"],"picked":"SKIP","floor":39.0},{"not_picked":["Thunderclap","Clash"],"picked":"True Grit","floor":39.0},{"not_picked":["Bloodletting","Metallicize+1"],"picked":"Shrug It Off","floor":40.0},{"not_picked":["Evolve","Body Slam+1","Flex"],"picked":"SKIP","floor":42.0},{"not_picked":["Sever Soul","Warcry+1"],"picked":"Shockwave","floor":46.0},{"not_picked":["Havoc","Intimidate"],"picked":"Shockwave+1","floor":47.0},{"not_picked":["Fire Breathing","Reckless Charge","Cleave+1"],"picked":"SKIP","floor":48.0},{"not_picked":["Iron Wave+1","Corruption","Clothesline"],"picked":"SKIP","floor":55}],"player_experience":794667,"relics_obtained":[{"floor":6.0,"key":"Mango"},{"floor":8.0,"key":"Pen Nib"},{"floor":9.0,"key":"CloakClasp"},{"floor":14.0,"key":"Bag of Marbles"},{"floor":21.0,"key":"Red Mask"},{"floor":23.0,"key":"The Courier"},{"floor":26.0,"key":"Akabeko"},{"floor":40.0,"key":"Shuriken"},{"floor":42.0,"key":"Mercury Hourglass"},{"floor":47.0,"key":"MealTicket"},{"floor":55,"key":"Paper Frog"}],"event_choices":[{"damage_healed":0.0,"max_hp_gain":0.0,"max_hp_loss":6.0,"gold_gain":0.0,"event_name":"Golden Idol","player_choice":"Lose Max HP","floor":4.0,"gold_loss":0.0,"damage_taken":0.0,"relics_obtained":["Golden Idol"]},{"damage_healed":0.0,"max_hp_gain":5.0,"max_hp_loss":0.0,"gold_gain":0.0,"event_name":"Big Fish","player_choice":"Donut","floor":5.0,"gold_loss":0.0,"damage_taken":0.0},{"damage_healed":0.0,"max_hp_gain":0.0,"max_hp_loss":0.0,"gold_gain":0.0,"event_name":"Living Wall","player_choice":"Grow","floor":11.0,"gold_loss":0.0,"damage_taken":0.0,"cards_upgraded":["Bash"]},{"damage_healed":0.0,"max_hp_gain":0.0,"max_hp_loss":0.0,"gold_gain":0.0,"event_name":"Masked Bandits","player_choice":"Fought Bandits","floor":21.0,"gold_loss":0.0,"damage_taken":0.0},{"damage_healed":0.0,"max_hp_gain":0.0,"max_hp_loss":0.0,"gold_gain":0.0,"event_name":"Vampires","player_choice":"Ignored","floor":27.0,"gold_loss":0.0,"damage_taken":0.0},{"damage_healed":0.0,"max_hp_gain":0.0,"max_hp_loss":0.0,"gold_gain":0.0,"cards_transformed":["Strike_R","Strike_R"],"event_name":"Drug Dealer","player_choice":"Became Test Subject","floor":31.0,"gold_loss":0.0,"damage_taken":0.0,"cards_obtained":["Whirlwind","Whirlwind"]},{"damage_healed":0.0,"max_hp_gain":0.0,"max_hp_loss":0.0,"gold_gain":50.0,"event_name":"FaceTrader","player_choice":"Touch","floor":44.0,"gold_loss":0.0,"damage_taken":8.0}],"is_beta":true,"boss_relics":[{"not_picked":["Runic Dome","Fusion Hammer"],"picked":"Mark of Pain"},{"not_picked":["Empty Cage","Astrolabe"],"picked":"Snecko Eye"}],"items_purged_floors":[24,37,54],"is_endless":false,"potions_floor_spawned":[10,12,16,19,20,35,39,46,47,48],"killed_by":"The Heart","ascension_level":20}