{"path_per_floor":["M","M","$","?","$","E","T","R","T","?","?","$","?","M","R","B",null,"M","?","M","M","$","R","?","T","T","R","E","R","M","$","R","B",null,"M","M","?","?","M","R","E","M","T","M","$","R","$","M","R","B"],"character_chosen":"IRONCLAD","items_purchased":["Madness","Flex","Inflame","Girya","Disarm"],"gold_per_floor":[114,129,26,26,26,56,81,81,131,81,81,33,33,48,48,148,148,163,163,178,193,117,117,117,117,117,117,147,147,162,162,162,262,262,277,292,321,321,336,336,366,381,381,396,96,96,24,39,39,39],"floor_reached":51,"campfire_rested":2,"playtime":2781,"current_hp_per_floor":[80,80,80,80,80,77,77,77,77,77,70,70,45,51,51,57,80,80,80,80,64,64,64,64,64,64,64,29,53,59,59,59,24,80,80,80,73,73,52,76,61,67,67,80,80,80,80,80,80,66],"items_purged":[],"gold":39,"score":818,"play_id":"95f47f73-2627-403d-afeb-d48aff9c96db","local_time":"20180326003202","daily_mods":["Time Dilation","Lethality","Hoarder"],"is_prod":false,"is_daily":true,"is_ascension_mode":false,"campfire_upgraded":5,"timestamp":1522049522,"path_taken":["M","?","$","?","$","E","?","R","T","?","?","?","?","M","R","BOSS","M","?","?","M","?","R","?","?","T","R","E","R","M","$","R","BOSS","M","M","?","?","?","R","E","?","T","?","?","R","$","M","R","BOSS"],"build_version":"2018-03-25","purchased_purges":0,"victory":true,"master_deck":["Strike_R","Strike_R","Strike_R","Defend_R","Defend_R","Defend_R","Defend_R","Bash","Iron Wave","Iron Wave","Iron Wave","Madness+1","Madness","Madness+1","Sword Boomerang","Sword Boomerang","Sword Boomerang","Flex","Flex","Flex","Ghostly Armor","Ghostly Armor","Ghostly Armor","Inflame+1","Inflame+1","Inflame+1","Heavy Blade","Heavy Blade","Heavy Blade","Shrug It Off","Shrug It Off","Shrug It Off","Impervious","Impervious","Impervious","Thunderclap+1","Thunderclap+1","Thunderclap+1","Iron Wave+1","Iron Wave+1","Iron Wave+1","Reaper","Reaper","Reaper","Inflame+1","Inflame+1","Inflame+1","Disarm","Disarm","Disarm"],"max_hp_per_floor":[80,80,80,80,80,80,80,80,80,80,80,80,80,80,80,80,80,80,80,80,80,80,80,80,80,80,80,80,80,80,80,80,80,80,80,80,80,80,80,80,80,80,80,80,80,80,80,80,80,80],"relics":["Burning Blood","Matryoshka","Bag of Preparation","Happy Flower","Prayer Wheel","Darkstone Periapt","Sozu","Nloth\u0027s Gift","Vajra","Ice Cream","Ornamental Fan","Snecko Eye","Red Skull","Dream Catcher","Thread and Needle","Girya"],"card_choices":[{"not_picked":["Reckless Charge","Infernal Blade"],"picked":"Iron Wave","floor":1},{"not_picked":["Armaments","Rampage"],"picked":"Sword Boomerang","floor":6},{"not_picked":["Warcry","Barricade"],"picked":"Heavy Blade","floor":28},{"not_picked":["Headbutt","Seeing Red"],"picked":"Shrug It Off","floor":30},{"not_picked":["Fiend Fire","Brutality"],"picked":"Impervious","floor":33},{"not_picked":["Clash","Combust"],"picked":"Thunderclap","floor":35},{"not_picked":["Combust","Sword Boomerang"],"picked":"Iron Wave","floor":39},{"not_picked":["Warcry","Intimidate"],"picked":"Reaper","floor":41},{"not_picked":["True Grit","Blood for Blood"],"picked":"Inflame","floor":44}],"player_experience":382515,"potions_floor_usage":[16],"damage_taken":[{"damage":0,"enemies":"Cultist","floor":1,"turns":2},{"damage":0,"enemies":"Small Slimes","floor":2,"turns":3},{"damage":9,"enemies":"Gremlin Nob","floor":6,"turns":3},{"damage":0,"enemies":"Jaw Worm","floor":14,"turns":1},{"damage":0,"enemies":"Slime Boss","floor":16,"turns":5},{"damage":0,"enemies":"Shell Parasite","floor":18,"turns":1},{"damage":3,"enemies":"Spheric Guardian","floor":20,"turns":3},{"damage":22,"enemies":"Centurion and Healer","floor":21,"turns":5},{"damage":41,"enemies":"Slavers","floor":28,"turns":5},{"damage":0,"enemies":"3 Cultists","floor":30,"turns":3},{"damage":41,"enemies":"Collector","floor":33,"turns":6},{"damage":0,"enemies":"3 Darklings","floor":35,"turns":3},{"damage":0,"enemies":"3 Shapes","floor":36,"turns":1},{"damage":13,"enemies":"Mysterious Sphere","floor":37,"turns":4},{"damage":27,"enemies":"3 Darklings","floor":39,"turns":5},{"damage":21,"enemies":"Giant Head","floor":41,"turns":7},{"damage":0,"enemies":"Sphere and 2 Shapes","floor":42,"turns":2},{"damage":8,"enemies":"Spire Growth","floor":44,"turns":3},{"damage":0,"enemies":"4 Shapes","floor":48,"turns":3},{"damage":55,"enemies":"Time Eater","floor":50,"turns":7}],"event_choices":[{"event_name":"Liars Game","player_choice":"disagreed","floor":4,"damage_taken":0},{"event_name":"The Cleric","player_choice":"Card Removal","floor":10,"damage_taken":0},{"event_name":"Golden Wing","player_choice":"Card Removal","floor":11,"damage_taken":0},{"event_name":"Scrap Ooze","player_choice":"success","floor":13,"damage_taken":25},{"event_name":"The Library","player_choice":"Read","floor":19,"damage_taken":0},{"event_name":"N\u0027loth","player_choice":"Traded a Ancient Tea Set","floor":24,"damage_taken":0},{"event_name":"Mysterious Sphere","player_choice":"Fight","floor":37,"damage_taken":0},{"event_name":"Accursed Blacksmith","player_choice":"Ignore","floor":38,"damage_taken":0}],"boss_relics":[{"not_picked":["Astrolabe","Question Card"],"picked":"Sozu"},{"not_picked":["Tiny House","Philosopher\u0027s Stone"],"picked":"Snecko Eye"}],"potions_floor_spawned":[1,20,21,30,36,39,42,44],"seed_played":"5744524933272245147","ascension_level":0,"is_trial":false}