{"gold_per_floor":[116,128,141,153,153,187,211,236,236,236,236,236],"floor_reached":12,"playtime":509,"items_purged":[],"score":164,"play_id":"33c71d33-2b4c-435f-acbc-941c7989c110","local_time":"20190816145833","is_ascension_mode":true,"campfire_choices":[{"floor":11,"key":"REST"}],"neow_cost":"NONE","seed_source_timestamp":1392026734143504,"circlet_count":0,"master_deck":["AscendersBane","Strike_G","Strike_G","Strike_G","Strike_G","Strike_G","Defend_G","Defend_G","Defend_G","Defend_G","Defend_G","Survivor","Neutralize","Quick Slash","Well Laid Plans","Dagger Throw","Predator","Dash","Deadly Poison","Prepared"],"relics":["Ring of the Snake","NeowsBlessing","Golden Idol","The Courier","Matryoshka","Juzu Bracelet"],"potions_floor_usage":[],"damage_taken":[{"damage":0,"enemies":"Jaw Worm","floor":1,"turns":1},{"damage":0,"enemies":"2 Louse","floor":2,"turns":1},{"damage":0,"enemies":"Cultist","floor":3,"turns":1},{"damage":11,"enemies":"Blue Slaver","floor":4,"turns":5},{"damage":31,"enemies":"3 Sentries","floor":6,"turns":12},{"damage":3,"enemies":"Looter","floor":7,"turns":3},{"damage":10,"enemies":"Large Slime","floor":8,"turns":7},{"damage":23,"enemies":"Exordium Thugs","floor":12,"turns":5}],"seed_played":"-9172593909587179505","potions_obtained":[{"floor":2,"key":"SpeedPotion"},{"floor":6,"key":"Strength Potion"}],"is_trial":false,"path_per_floor":["M","M","M","M","?","E","M","M","T","?","R","M"],"character_chosen":"THE_SILENT","items_purchased":[],"campfire_rested":1,"item_purchase_floors":[],"current_hp_per_floor":[59,59,59,48,48,17,14,4,4,4,22,0],"gold":236,"neow_bonus":"THREE_ENEMY_KILL","is_prod":false,"is_daily":false,"chose_seed":false,"campfire_upgraded":0,"win_rate":0,"timestamp":1565945913,"path_taken":["M","M","M","M","?","E","M","M","T","?","R","M"],"build_version":"2019-07-17","purchased_purges":0,"victory":false,"max_hp_per_floor":[66,66,66,66,60,60,60,60,60,60,60,60],"card_choices":[{"not_picked":["Acrobatics","Bane"],"picked":"Quick Slash","floor":1},{"not_picked":["Underhanded Strike","Slice"],"picked":"Well Laid Plans","floor":2},{"not_picked":["Acrobatics","Infinite Blades"],"picked":"Dagger Throw","floor":3},{"not_picked":["Quick Slash","Dagger Throw"],"picked":"Predator","floor":4},{"not_picked":["Accuracy","All Out Attack"],"picked":"Dash","floor":6},{"not_picked":["Expertise","Concentrate"],"picked":"Deadly Poison","floor":7},{"not_picked":["Slice","Envenom"],"picked":"Prepared","floor":8}],"player_experience":1648516,"relics_obtained":[{"floor":6,"key":"The Courier"},{"floor":9,"key":"Matryoshka"}],"event_choices":[{"damage_healed":0,"gold_gain":0,"player_choice":"Lose Max HP","damage_taken":0,"relics_obtained":["Golden Idol"],"max_hp_gain":0,"max_hp_loss":6,"event_name":"Golden Idol","floor":5,"gold_loss":0},{"damage_healed":0,"gold_gain":0,"player_choice":"Searched \u00271\u0027 times","damage_taken":0,"relics_obtained":["Juzu Bracelet"],"max_hp_gain":0,"max_hp_loss":0,"event_name":"Dead Adventurer","floor":10,"gold_loss":0}],"is_beta":false,"boss_relics":[],"items_purged_floors":[],"is_endless":false,"potions_floor_spawned":[2,6],"killed_by":"Exordium Thugs","ascension_level":20}