{"gold_per_floor":[119,119,16,31,50,81,81,110,178,178,195,195,14,14,14,91,91,104,118,136,136],"floor_reached":21,"playtime":1645,"items_purged":["Strike_R"],"score":378,"play_id":"6ae3d1b7-adb3-4b38-b937-3867b702a584","local_time":"20190916122805","is_ascension_mode":true,"campfire_choices":[{"data":"Hemokinesis","floor":7,"key":"SMITH"},{"floor":10,"key":"REST"},{"floor":15,"key":"REST"}],"neow_cost":"NONE","seed_source_timestamp":217174783752600,"circlet_count":0,"master_deck":["AscendersBane","Strike_R","Strike_R","Strike_R","Defend_R","Defend_R","Defend_R","Defend_R","Bash","Feel No Pain","Shockwave","Shrug It Off","Bash","Hemokinesis+1","True Grit","Flame Barrier+1","Evolve","Inflame","Immolate","Fiend Fire"],"relics":["Burning Blood","NeowsBlessing","Mango","Pen Nib","The Courier","Mark of Pain"],"potions_floor_usage":[16],"damage_taken":[{"damage":0,"enemies":"Small Slimes","floor":1,"turns":1},{"damage":0,"enemies":"Cultist","floor":4,"turns":1},{"damage":0,"enemies":"Jaw Worm","floor":5,"turns":1},{"damage":42,"enemies":"Gremlin Nob","floor":6,"turns":5},{"damage":41,"enemies":"Lagavulin","floor":8,"turns":10},{"damage":24,"enemies":"Large Slime","floor":11,"turns":6},{"damage":43,"enemies":"The Guardian","floor":16,"turns":15},{"damage":10,"enemies":"Chosen","floor":18,"turns":5},{"damage":27,"enemies":"2 Thieves","floor":19,"turns":4},{"damage":26,"enemies":"Snecko","floor":20,"turns":6},{"damage":27,"enemies":"Snake Plant","floor":21,"turns":4}],"seed_played":"-9051885600101302772","potions_obtained":[{"floor":6,"key":"GamblersBrew"},{"floor":8,"key":"GamblersBrew"},{"floor":16,"key":"AttackPotion"},{"floor":19,"key":"Explosive Potion"}],"is_trial":false,"path_per_floor":["M","?","$","M","M","E","R","E","T","R","M","?","$","?","R","B",null,"M","M","M","M"],"character_chosen":"IRONCLAD","items_purchased":["Hemokinesis","True Grit","Immolate"],"campfire_rested":2,"item_purchase_floors":[3,3,13],"current_hp_per_floor":[74,74,74,75,75,53,53,18,18,44,26,19,19,19,45,8,69,65,44,24,0],"gold":136,"neow_bonus":"THREE_ENEMY_KILL","is_prod":false,"is_daily":false,"chose_seed":false,"campfire_upgraded":1,"win_rate":0,"timestamp":1568604485,"path_taken":["M","?","$","M","?","E","R","E","T","R","M","?","$","?","R","BOSS","M","M","?","M"],"build_version":"2019-09-12","purchased_purges":1,"victory":false,"max_hp_per_floor":[75,75,75,75,75,89,89,89,89,89,89,89,89,89,89,89,89,89,89,89,89],"card_choices":[{"not_picked":["Flex","Headbutt"],"picked":"Feel No Pain","floor":1},{"not_picked":["Intimidate","Hemokinesis"],"picked":"Flame Barrier","floor":4},{"not_picked":["Rampage","Body Slam","Wild Strike"],"picked":"SKIP","floor":5},{"not_picked":["Second Wind","Sword Boomerang"],"picked":"Evolve","floor":6},{"not_picked":["Flex","Twin Strike","Rage"],"picked":"SKIP","floor":8},{"not_picked":["Feed","Shrug It Off"],"picked":"Inflame","floor":11},{"not_picked":["Bludgeon","Berserk"],"picked":"Fiend Fire","floor":16},{"not_picked":["Perfected Strike","Clothesline","Searing Blow"],"picked":"SKIP","floor":18},{"not_picked":["True Grit","Warcry","Infernal Blade"],"picked":"SKIP","floor":19},{"not_picked":["True Grit","Warcry","Infernal Blade"],"picked":"SKIP","floor":19},{"not_picked":["Headbutt","Armaments","Perfected Strike"],"picked":"SKIP","floor":20}],"player_experience":750259,"relics_obtained":[{"floor":6,"key":"Mango"},{"floor":8,"key":"Pen Nib"},{"floor":9,"key":"The Courier"}],"event_choices":[{"damage_healed":0,"gold_gain":0,"player_choice":"3 cards matched","damage_taken":0,"max_hp_gain":0,"max_hp_loss":0,"event_name":"Match and Keep!","floor":2,"gold_loss":0,"cards_obtained":["Shockwave","Shrug It Off","Bash"]},{"damage_healed":0,"gold_gain":0,"player_choice":"3 cards matched","damage_taken":0,"max_hp_gain":0,"max_hp_loss":0,"event_name":"Match and Keep!","floor":2,"gold_loss":0,"cards_obtained":["Shockwave","Shrug It Off","Bash"]},{"cards_removed":["Strike_R"],"damage_healed":0,"gold_gain":0,"player_choice":"Card Removal","damage_taken":7,"max_hp_gain":0,"max_hp_loss":0,"event_name":"Golden Wing","floor":12,"gold_loss":0},{"damage_healed":0,"gold_gain":0,"player_choice":"Forge","damage_taken":0,"max_hp_gain":0,"max_hp_loss":0,"event_name":"Accursed Blacksmith","floor":14,"gold_loss":0,"cards_upgraded":["Flame Barrier"]}],"is_beta":true,"boss_relics":[{"not_picked":["Fusion Hammer","Cursed Key"],"picked":"Mark of Pain"}],"items_purged_floors":[13],"is_endless":false,"potions_floor_spawned":[6,8,11,16,19],"killed_by":"Snake Plant","ascension_level":20}