{"gold_per_floor":[114,114,129,144,144,144,159,159,159,174,174,204,219,234,234,334,334,349,364,364,379,379,379,394,394,394,36,51,66,96,123,135,247,259,286,313,125,140,155,185,185,60,85,85,85,100,100,125,125,125],"floor_reached":50,"playtime":3138,"items_purged":["Writhe"],"score":648,"play_id":"0301f3bd-f842-4505-891f-22648bc82c74","local_time":"20190318112903","daily_mods":["Draft","Green Cards","DeadlyEvents"],"is_ascension_mode":false,"campfire_choices":[{"data":"Defragment","floor":6,"key":"SMITH"},{"data":"Calculated Gamble","floor":8,"key":"SMITH"},{"data":"Distraction","floor":11,"key":"SMITH"},{"data":"Well Laid Plans","floor":15,"key":"SMITH"},{"floor":23,"key":"REST"},{"floor":25,"key":"REST"},{"floor":32,"key":"REST"},{"floor":41,"key":"REST"},{"data":"Storm","floor":44,"key":"SMITH"},{"floor":49,"key":"REST"}],"neow_cost":"","seed_source_timestamp":0,"circlet_count":0,"master_deck":["Cloak And Dagger+1","Calculated Gamble+1","Blade Dance+1","Sweeping Beam+1","Noxious Fumes+1","Defragment+1","Dagger Spray+1","Gash+1","Ball Lightning+1","Static Discharge+1","Stack+1","Tempest+1","Distraction+1","Cold Snap+1","Glacier+1","Backflip+1","Cold Snap+1","Crippling Poison+1","Seek+1","Blur+1","BootSequence+1","Well Laid Plans+1","Deadly Poison+1","Electrodynamics+1","Storm+1","PiercingWail+1","Setup+1","Hello World+1","Go for the Eyes+1","Defragment+1","Blur+1","Echo Form+1","Stack+1","Acrobatics+1","Fusion+1","Steam Power+1","Reprogram+1"],"special_seed":17973,"relics":["Cracked Core","Calipers","Oddly Smooth Stone","Inserter","Lantern","WingedGreaves","Tiny Chest","Membership Card","MawBank","Eternal Feather","Happy Flower","Toolbox","Mercury Hourglass","Pantograph","Omamori","Mark of the Bloom","Dream Catcher"],"potions_floor_usage":[16,18,30,30,33,39,40,50,50],"damage_taken":[{"damage":0.0,"enemies":"Cultist","floor":1.0,"turns":3.0},{"damage":10.0,"enemies":"Small Slimes","floor":3.0,"turns":3.0},{"damage":0.0,"enemies":"Jaw Worm","floor":4.0,"turns":3.0},{"damage":0,"enemies":"Large Slime","floor":7,"turns":4},{"damage":0,"enemies":"Looter","floor":10,"turns":3},{"damage":3,"enemies":"Lagavulin","floor":12,"turns":5},{"damage":2,"enemies":"Blue Slaver","floor":13,"turns":3},{"damage":0,"enemies":"Lots of Slimes","floor":14,"turns":1},{"damage":0,"enemies":"Slime Boss","floor":16,"turns":10},{"damage":23,"enemies":"2 Thieves","floor":18,"turns":3},{"damage":8,"enemies":"Shell Parasite","floor":19,"turns":5},{"damage":24,"enemies":"3 Cultists","floor":21,"turns":5},{"damage":11,"enemies":"Snecko","floor":24,"turns":5},{"damage":21,"enemies":"Cultist and Chosen","floor":28,"turns":5},{"damage":11,"enemies":"Snake Plant","floor":29,"turns":5},{"damage":0,"enemies":"Slavers","floor":30,"turns":5},{"damage":0,"enemies":"Centurion and Healer","floor":31,"turns":5},{"damage":0,"enemies":"Collector","floor":33,"turns":10},{"damage":0,"enemies":"3 Shapes","floor":35,"turns":4},{"damage":15,"enemies":"3 Darklings","floor":36,"turns":5},{"damage":16,"enemies":"Spire Growth","floor":38,"turns":7},{"damage":4,"enemies":"4 Shapes","floor":39,"turns":6},{"damage":6,"enemies":"Nemesis","floor":40,"turns":7},{"damage":3,"enemies":"Sphere and 2 Shapes","floor":46,"turns":4},{"damage":72,"enemies":"Awakened One","floor":50,"turns":3}],"seed_played":"-6182514928825895174","potions_obtained":[{"floor":10,"key":"PowerPotion"},{"floor":13,"key":"FearPotion"},{"floor":14,"key":"SpeedPotion"},{"floor":19,"key":"FocusPotion"},{"floor":21,"key":"FairyPotion"},{"floor":29,"key":"AttackPotion"},{"floor":31,"key":"FocusPotion"},{"floor":38,"key":"Block Potion"},{"floor":40,"key":"Dexterity Potion"},{"floor":46,"key":"Poison Potion"}],"is_trial":false,"path_per_floor":["M","?","M","M","?","R","M","R","T","M","R","E","M","M","R","B",null,"M","M","?","M","?","R","M","R","T","$","M","M","E","M","R","B",null,"M","M","$","M","M","E","R","$","T","R","$","M","?","T","R","B"],"character_chosen":"DEFECT","items_purchased":["Tiny Chest","Membership Card","Happy Flower","Toolbox","Energy Potion","Pantograph"],"campfire_rested":5,"item_purchase_floors":[27,27,37,37,37,42],"current_hp_per_floor":[75,75,65,65,65,65,65,65,65,65,65,62,60,60,60,60,75,52,44,44,20,20,42,31,53,53,53,32,21,21,21,43,43,75,75,60,60,44,40,34,75,75,75,75,75,72,72,72,72,0],"gold":125,"neow_bonus":"","is_prod":false,"is_daily":true,"chose_seed":false,"campfire_upgraded":5,"win_rate":0,"timestamp":1552922943,"path_taken":["M","?","M","M","?","R","M","R","T","M","R","E","M","M","R","BOSS","M","M","?","M","?","R","?","R","T","$","?","M","E","M","R","BOSS","M","M","$","M","M","E","R","$","T","R","$","M","?","?","R","BOSS"],"build_version":"2019-01-23","purchased_purges":1,"victory":false,"max_hp_per_floor":[75,75,75,75,75,75,75,75,75,75,75,75,75,75,75,75,75,75,75,75,75,75,75,75,75,75,75,75,75,75,75,75,75,75,75,75,75,75,75,75,75,75,75,75,75,75,75,75,75,75],"card_choices":[{"not_picked":["Leap","Slice"],"picked":"Cloak And Dagger","floor":0.0},{"not_picked":["Acrobatics","Heatsinks"],"picked":"Calculated Gamble","floor":0.0},{"not_picked":["Streamline","Cloak And Dagger"],"picked":"Blade Dance","floor":0.0},{"not_picked":["Deflect","Dagger Throw"],"picked":"Sweeping Beam","floor":0.0},{"not_picked":["Leg Sweep","Dagger Spray"],"picked":"Noxious Fumes","floor":0.0},{"not_picked":["Sucker Punch","Doom and Gloom"],"picked":"Defragment","floor":0.0},{"not_picked":["Bane","Prepared"],"picked":"Dagger Spray","floor":0.0},{"not_picked":["Sunder","Turbo"],"picked":"Gash","floor":0.0},{"not_picked":["Doom and Gloom","Dagger Spray"],"picked":"Ball Lightning","floor":0.0},{"not_picked":["Outmaneuver","Turbo"],"picked":"Static Discharge","floor":0.0},{"not_picked":["Dagger Spray","Blade Dance"],"picked":"Stack","floor":0.0},{"not_picked":["Blade Dance","Heel Hook"],"picked":"Tempest","floor":0.0},{"not_picked":["Coolheaded","Prepared"],"picked":"Distraction","floor":0.0},{"not_picked":["Gash","Underhanded Strike"],"picked":"Cold Snap","floor":0.0},{"not_picked":["Blizzard","Conserve Battery"],"picked":"Glacier","floor":0.0},{"not_picked":["Deflect","Prepared"],"picked":"Backflip","floor":1.0},{"not_picked":["Turbo","Sweeping Beam"],"picked":"Cold Snap","floor":3.0},{"not_picked":["Stack","Scrape"],"picked":"Crippling Poison","floor":4.0},{"not_picked":["Barrage","Eviscerate"],"picked":"Seek","floor":7},{"not_picked":["Leap","Dash"],"picked":"Blur","floor":10},{"not_picked":["Backflip","Dodge and Roll"],"picked":"BootSequence","floor":12},{"not_picked":["Leg Sweep","Leap"],"picked":"Well Laid Plans","floor":13},{"not_picked":["Slice","Redo"],"picked":"Deadly Poison","floor":14},{"not_picked":["Buffer","Core Surge"],"picked":"Electrodynamics","floor":16},{"not_picked":["Steam+1","Ball Lightning"],"picked":"Storm","floor":18},{"not_picked":["Expertise","Eviscerate"],"picked":"PiercingWail","floor":19},{"not_picked":["Flying Knee","Skewer"],"picked":"Setup+1","floor":21},{"not_picked":["Coolheaded","Blade Dance","Steam+1"],"picked":"SKIP","floor":24},{"not_picked":["Grand Finale","Dagger Throw"],"picked":"Hello World","floor":28},{"not_picked":["Deflect","Well Laid Plans"],"picked":"Go for the Eyes","floor":29},{"not_picked":["Aggregate","Cold Snap+1"],"picked":"Defragment","floor":30},{"not_picked":["Leg Sweep","Barrage"],"picked":"Blur+1","floor":31},{"not_picked":["Reboot","Malaise"],"picked":"Echo Form","floor":33},{"not_picked":["PiercingWail","Genetic Algorithm"],"picked":"Stack+1","floor":35},{"not_picked":["Stack","Fusion"],"picked":"Acrobatics+1","floor":36},{"not_picked":["Stack+1","Crippling Poison+1"],"picked":"Fusion+1","floor":38},{"not_picked":["Beam Cell+1","Static Discharge+1"],"picked":"Steam Power+1","floor":39},{"not_picked":["Terror","Eviscerate"],"picked":"Reprogram","floor":40},{"not_picked":["Dagger Throw","Conserve Battery","Beam Cell"],"picked":"SKIP","floor":46}],"player_experience":81805,"relics_obtained":[{"floor":9,"key":"Calipers"},{"floor":12,"key":"Oddly Smooth Stone"},{"floor":26,"key":"WingedGreaves"},{"floor":30,"key":"MawBank"},{"floor":40,"key":"Mercury Hourglass"},{"floor":43,"key":"Omamori"},{"floor":48,"key":"Dream Catcher"}],"event_choices":[{"damage_healed":0.0,"max_hp_gain":0.0,"max_hp_loss":0.0,"gold_gain":0.0,"event_name":"Liars Game","player_choice":"Ignored","floor":2.0,"gold_loss":0.0,"damage_taken":0.0},{"damage_healed":0,"gold_gain":0,"player_choice":"Ignored","damage_taken":0,"max_hp_gain":0,"max_hp_loss":0,"event_name":"Golden Wing","floor":5,"gold_loss":0},{"damage_healed":0,"gold_gain":0,"player_choice":"Opened","damage_taken":0,"relics_obtained":["Lantern"],"max_hp_gain":0,"max_hp_loss":0,"event_name":"The Mausoleum","floor":20,"gold_loss":0,"cards_obtained":["Writhe"]},{"damage_healed":0,"gold_gain":0,"player_choice":"Ignored","damage_taken":0,"max_hp_gain":0,"max_hp_loss":0,"event_name":"Vampires","floor":22,"gold_loss":0},{"damage_healed":0,"gold_gain":0,"player_choice":"Upgrade","damage_taken":0,"relics_obtained":["Mark of the Bloom"],"max_hp_gain":0,"max_hp_loss":0,"event_name":"MindBloom","floor":47,"gold_loss":0,"cards_upgraded":["Cloak And Dagger","Blade Dance","Sweeping Beam","Noxious Fumes","Dagger Spray","Gash","Ball Lightning","Static Discharge","Stack","Tempest","Cold Snap","Glacier","Backflip","Cold Snap","Crippling Poison","Seek","Blur","BootSequence","Deadly Poison","Electrodynamics","PiercingWail","Hello World","Go for the Eyes","Defragment","Echo Form","Reprogram"]}],"is_beta":false,"boss_relics":[{"not_picked":["Snecko Eye","Runic Pyramid"],"picked":"Inserter"},{"not_picked":["Tiny House","Orrery"],"picked":"Eternal Feather"}],"items_purged_floors":[27],"is_endless":false,"potions_floor_spawned":[10,13,14,19,21,29,31,38,40,46],"killed_by":"Awakened One","ascension_level":0}