{"gold_per_floor":[116,116,41,41,58,18,52,72,72,72],"floor_reached":10,"playtime":486,"items_purged":["Strike_P"],"score":76,"play_id":"ebf2a1ef-8d9d-46d0-8407-21c83445b178","local_time":"20190922235026","is_ascension_mode":true,"campfire_choices":[],"neow_cost":"NONE","seed_source_timestamp":19231334293000,"circlet_count":0,"master_deck":["Strike_P","Strike_P","Strike_P","Defend_P","Defend_P","Defend_P","Eruption","Vigilance","CurseOfTheBell","TalkToTheHand","Conclude","Wireheading","ThirdEye","JustLucky"],"relics":["Calling Bell","Calipers","White Beast Statue","Ancient Tea Set","Singing Bowl","Pantograph"],"potions_floor_usage":[7,8],"damage_taken":[{"damage":7,"enemies":"Jaw Worm","floor":1,"turns":5},{"damage":13,"enemies":"Small Slimes","floor":5,"turns":6},{"damage":44,"enemies":"Gremlin Nob","floor":7,"turns":5},{"damage":0,"enemies":"Cultist","floor":8,"turns":3},{"damage":9,"enemies":"Exordium Thugs","floor":10,"turns":2}],"seed_played":"697313818637071368","potions_obtained":[{"floor":1,"key":"EssenceOfSteel"},{"floor":5,"key":"Regen Potion"},{"floor":7,"key":"SpeedPotion"},{"floor":8,"key":"Weak Potion"}],"is_trial":false,"path_per_floor":["M","?","$","?","M","$","E","M","T","M"],"character_chosen":"WATCHER","items_purchased":["Wireheading"],"campfire_rested":0,"item_purchase_floors":[6],"current_hp_per_floor":[58,51,51,51,38,38,8,8,8,0],"gold":72,"neow_bonus":"BOSS_RELIC","is_prod":false,"is_daily":false,"chose_seed":false,"campfire_upgraded":0,"win_rate":0,"timestamp":1569221426,"path_taken":["M","?","$","?","M","?","E","M","T","M"],"build_version":"2019-09-20","purchased_purges":1,"victory":false,"max_hp_per_floor":[65,65,65,65,65,65,65,65,65,65],"card_choices":[{"not_picked":["MentalFortress","PathToVictory"],"picked":"TalkToTheHand","floor":1},{"not_picked":["Crescendo","PathToVictory"],"picked":"Conclude","floor":5},{"not_picked":["ClearTheMind","Halt"],"picked":"ThirdEye","floor":7},{"not_picked":["Prostrate","ThirdEye"],"picked":"JustLucky","floor":8}],"player_experience":758546,"relics_obtained":[{"floor":0,"key":"Calipers"},{"floor":0,"key":"White Beast Statue"},{"floor":0,"key":"Ancient Tea Set"},{"floor":7,"key":"Singing Bowl"},{"floor":9,"key":"Pantograph"}],"event_choices":[{"cards_removed":["Defend_P"],"damage_healed":0,"gold_gain":0,"player_choice":"Card Removal","damage_taken":7,"max_hp_gain":0,"max_hp_loss":0,"event_name":"Golden Wing","floor":2,"gold_loss":0},{"damage_healed":0,"gold_gain":0,"player_choice":"Leave","damage_taken":0,"max_hp_gain":0,"max_hp_loss":0,"event_name":"The Cleric","floor":4,"gold_loss":0}],"is_beta":true,"boss_relics":[],"items_purged_floors":[3],"is_endless":false,"potions_floor_spawned":[1,5,7,8],"killed_by":"Exordium Thugs","ascension_level":3}