{"gold_per_floor":[19,39,39,57,74,74,108,108,132,132,145,179,179,214,214,285,285,303,228,247,247,247,247],"floor_reached":23,"playtime":1734,"items_purged":[],"score":418,"play_id":"e4033ac7-760a-47c0-a3e0-d766a5a20000","local_time":"20190919005103","is_ascension_mode":true,"campfire_choices":[{"data":"Bash","floor":6,"key":"SMITH"},{"floor":8,"key":"REST"},{"data":"Combust","floor":10,"key":"SMITH"},{"floor":13,"key":"REST"},{"floor":15,"key":"REST"}],"neow_cost":"NO_GOLD","seed_source_timestamp":434475707682200,"circlet_count":0,"master_deck":["AscendersBane","Bash+1","Brutality","Sword Boomerang","Hemokinesis","True Grit","Combust+1","Clothesline","Rupture","Reaper","Berserk","Flame Barrier","Clash","Blood for Blood","Combust","Entrench","Cleave"],"relics":["Burning Blood","Lantern","War Paint","InkBottle","Singing Bowl","Pandora\u0027s Box"],"potions_floor_usage":[7,12,23],"damage_taken":[{"damage":18,"enemies":"Small Slimes","floor":1,"turns":5},{"damage":3,"enemies":"2 Louse","floor":2,"turns":3},{"damage":15,"enemies":"Jaw Worm","floor":4,"turns":2},{"damage":14,"enemies":"2 Fungi Beasts","floor":5,"turns":4},{"damage":35,"enemies":"Lagavulin","floor":7,"turns":6},{"damage":9,"enemies":"Gremlin Gang","floor":11,"turns":4},{"damage":13,"enemies":"3 Sentries","floor":12,"turns":5},{"damage":33,"enemies":"Lagavulin","floor":14,"turns":6},{"damage":32,"enemies":"Slime Boss","floor":16,"turns":8},{"damage":31,"enemies":"2 Thieves","floor":18,"turns":4},{"damage":16,"enemies":"Chosen","floor":20,"turns":3},{"damage":45,"enemies":"Gremlin Leader","floor":23,"turns":2}],"seed_played":"-6681655450707332750","potions_obtained":[{"floor":2,"key":"Fire Potion"},{"floor":5,"key":"Poison Potion"},{"floor":7,"key":"LiquidBronze"},{"floor":16,"key":"Weak Potion"},{"floor":18,"key":"Energy Potion"}],"is_trial":false,"path_per_floor":["M","M","?","M","M","R","E","R","T","R","M","E","R","E","R","B",null,"M","?","M","?","?","E"],"character_chosen":"IRONCLAD","items_purchased":[],"campfire_rested":3,"item_purchase_floors":[],"current_hp_per_floor":[56,59,59,50,42,42,13,35,35,35,32,25,47,20,42,16,60,49,49,41,41,41,0],"gold":247,"neow_bonus":"THREE_RARE_CARDS","is_prod":false,"is_daily":false,"chose_seed":false,"campfire_upgraded":2,"win_rate":0,"timestamp":1568821863,"path_taken":["M","M","?","M","M","R","E","R","T","R","M","E","R","E","R","BOSS","M","?","M","?","?","E"],"build_version":"2019-09-17","purchased_purges":0,"victory":false,"max_hp_per_floor":[75,75,75,75,75,75,75,75,75,75,75,75,75,75,75,75,75,77,77,79,79,79,79],"card_choices":[{"not_picked":["Dark Embrace","Barricade"],"picked":"Brutality","floor":0},{"not_picked":["Perfected Strike","Flex"],"picked":"Sword Boomerang","floor":1},{"not_picked":["Body Slam","Reckless Charge"],"picked":"Hemokinesis","floor":2},{"not_picked":["Wild Strike","Bloodletting","Corruption"],"picked":"SKIP","floor":4},{"not_picked":["Sword Boomerang","Seeing Red"],"picked":"True Grit","floor":5},{"not_picked":["Rampage","Barricade"],"picked":"Combust","floor":7},{"not_picked":["Pummel","Corruption","Twin Strike"],"picked":"SKIP","floor":11},{"not_picked":["Clash","Perfected Strike"],"picked":"Clothesline","floor":12},{"not_picked":["Uppercut","Infernal Blade"],"picked":"Rupture","floor":14},{"not_picked":["Exhume","Barricade"],"picked":"Reaper","floor":16},{"not_picked":["Warcry","Iron Wave","Second Wind"],"picked":"Singing Bowl","floor":18},{"not_picked":["Havoc","Warcry","Thunderclap"],"picked":"Singing Bowl","floor":20}],"player_experience":779617,"relics_obtained":[{"floor":7,"key":"Lantern"},{"floor":9,"key":"War Paint"},{"floor":12,"key":"InkBottle"},{"floor":14,"key":"Singing Bowl"}],"event_choices":[{"damage_healed":0,"gold_gain":0,"player_choice":"Ignored","damage_taken":0,"max_hp_gain":0,"max_hp_loss":0,"event_name":"Liars Game","floor":3,"gold_loss":0},{"cards_removed":["Combust"],"damage_healed":0,"gold_gain":0,"player_choice":"Gave Gold","damage_taken":0,"max_hp_gain":0,"max_hp_loss":0,"event_name":"Beggar","floor":19,"gold_loss":75},{"damage_healed":0,"gold_gain":0,"player_choice":"Ignored","damage_taken":0,"max_hp_gain":0,"max_hp_loss":0,"event_name":"The Mausoleum","floor":21,"gold_loss":0},{"cards_removed":["Thunderclap"],"damage_healed":0,"gold_gain":0,"player_choice":"Purged","damage_taken":0,"max_hp_gain":0,"max_hp_loss":0,"event_name":"Purifier","floor":22,"gold_loss":0}],"is_beta":true,"boss_relics":[{"not_picked":["SacredBark","Black Star"],"picked":"Pandora\u0027s Box"}],"items_purged_floors":[],"is_endless":false,"potions_floor_spawned":[2,5,7,16,18],"killed_by":"Gremlin Leader","ascension_level":20}