{"gold_per_floor":[145,164,129,142,154,154,185,201,201,201,201,201,201,211,211,285,285,304,315,76,76,32,32],"floor_reached":23,"playtime":854,"items_purged":["Strike_R"],"score":382,"play_id":"a41c4f53-7eca-47f3-ba2b-5229d3ae9c05","local_time":"20190929214834","is_ascension_mode":true,"campfire_choices":[{"data":"Inflame","floor":6.0,"key":"SMITH"},{"data":"Inflame","floor":15.0,"key":"SMITH"}],"neow_cost":"NONE","seed_source_timestamp":1114001962963000,"circlet_count":0,"master_deck":["AscendersBane","Strike_R+1","Strike_R","Strike_R","Defend_R","Defend_R+1","Defend_R","Defend_R","Bash","Flame Barrier","Inflame+1","Heavy Blade","Inflame+1","Reaper","Anger","Feel No Pain","Fiend Fire","CurseOfTheBell","Cleave","True Grit+1","Shrug It Off","Sword Boomerang"],"special_seed":0,"relics":["Burning Blood","Tiny Chest","Potion Belt","Bag of Preparation","Sundial","Calling Bell","Oddly Smooth Stone","The Courier","Du-Vu Doll","Medical Kit"],"potions_floor_usage":[],"damage_taken":[{"damage":28.0,"enemies":"Jaw Worm","floor":1.0,"turns":7.0},{"damage":7.0,"enemies":"Small Slimes","floor":2.0,"turns":4.0},{"damage":11.0,"enemies":"2 Louse","floor":4.0,"turns":3.0},{"damage":8.0,"enemies":"2 Fungi Beasts","floor":5.0,"turns":4.0},{"damage":25.0,"enemies":"Lagavulin","floor":7.0,"turns":6.0},{"damage":27.0,"enemies":"3 Louse","floor":8.0,"turns":4.0},{"damage":0.0,"enemies":"Large Slime","floor":14.0,"turns":5.0},{"damage":30.0,"enemies":"Hexaghost","floor":16.0,"turns":8.0},{"damage":12.0,"enemies":"Chosen","floor":18.0,"turns":5.0},{"damage":13.0,"enemies":"Spheric Guardian","floor":19.0,"turns":5.0},{"damage":56,"enemies":"Book of Stabbing","floor":23,"turns":3}],"seed_played":"6000775016642005165","potions_obtained":[{"floor":1.0,"key":"Fire Potion"},{"floor":7.0,"key":"EssenceOfSteel"},{"floor":14.0,"key":"AttackPotion"}],"is_trial":false,"path_per_floor":["M","M","?","M","M","R","E","M","T","?","?","?","T","M","R","B",null,"M","M","$","?","$","E"],"character_chosen":"IRONCLAD","items_purchased":["Medical Kit","Shrug It Off","Sword Boomerang"],"campfire_rested":0,"item_purchase_floors":[20,20,22],"current_hp_per_floor":[46,45,63,58,56,56,37,28,28,28,5,30,30,48,48,24,62,62,55,55,55,55,0],"gold":32,"neow_bonus":"RANDOM_COMMON_RELIC","is_prod":false,"is_daily":false,"chose_seed":false,"campfire_upgraded":2,"win_rate":0,"timestamp":1569818914,"path_taken":["M","M","?","M","M","R","E","M","T","?","?","?","?","M","R","BOSS","M","M","$","?","$","E"],"build_version":"2019-09-27","purchased_purges":1,"victory":false,"max_hp_per_floor":[75,75,75,75,75,75,75,75,75,75,75,75,75,75,75,75,75,75,75,75,75,75,75],"card_choices":[{"not_picked":["Second Wind","Clothesline"],"picked":"Flame Barrier","floor":1.0},{"not_picked":["Headbutt","Flex"],"picked":"Inflame","floor":2.0},{"not_picked":["Rupture","Searing Blow"],"picked":"Heavy Blade","floor":4.0},{"not_picked":["Sword Boomerang","Pommel Strike"],"picked":"Inflame","floor":5.0},{"not_picked":["Sword Boomerang","Warcry"],"picked":"Reaper","floor":7.0},{"not_picked":["Armaments","Perfected Strike"],"picked":"Anger","floor":8.0},{"not_picked":["Entrench","Anger"],"picked":"Feel No Pain","floor":14.0},{"not_picked":["Dark Embrace","Demon Form"],"picked":"Fiend Fire","floor":16.0},{"not_picked":["Pommel Strike","Blood for Blood"],"picked":"Cleave","floor":18.0},{"not_picked":["Shockwave","Seeing Red+1"],"picked":"True Grit+1","floor":19.0}],"player_experience":1131175,"relics_obtained":[{"floor":7.0,"key":"Potion Belt"},{"floor":9.0,"key":"Bag of Preparation"},{"floor":13.0,"key":"Sundial"},{"floor":17.0,"key":"Oddly Smooth Stone"},{"floor":17.0,"key":"The Courier"},{"floor":17.0,"key":"Du-Vu Doll"}],"event_choices":[{"damage_healed":18.0,"max_hp_gain":0.0,"max_hp_loss":0.0,"gold_gain":0.0,"event_name":"The Cleric","player_choice":"Healed","floor":3.0,"gold_loss":35.0,"damage_taken":0.0},{"damage_healed":0.0,"max_hp_gain":0.0,"max_hp_loss":0.0,"gold_gain":0.0,"event_name":"Dead Adventurer","player_choice":"Searched \u00270\u0027 times","floor":10.0,"gold_loss":0.0,"damage_taken":0.0},{"damage_healed":0.0,"max_hp_gain":0.0,"max_hp_loss":0.0,"gold_gain":0.0,"event_name":"Shining Light","player_choice":"Entered Light","floor":11.0,"gold_loss":0.0,"damage_taken":23.0,"cards_upgraded":["Strike_R","Defend_R"]},{"damage_healed":25.0,"max_hp_gain":0.0,"max_hp_loss":0.0,"gold_gain":0.0,"event_name":"Big Fish","player_choice":"Banana","floor":12.0,"gold_loss":0.0,"damage_taken":0.0},{"cards_removed":["Strike_R"],"damage_healed":0.0,"max_hp_gain":0.0,"max_hp_loss":0.0,"gold_gain":0.0,"event_name":"Purifier","player_choice":"Purged","floor":21.0,"gold_loss":0.0,"damage_taken":0.0}],"is_beta":true,"boss_relics":[{"not_picked":["Coffee Dripper","Astrolabe"],"picked":"Calling Bell"}],"items_purged_floors":[20],"is_endless":false,"potions_floor_spawned":[1,7,14],"killed_by":"Book of Stabbing","ascension_level":20}