{"gold_per_floor":[110,124,137,137,151,151,181,197,197,272,114,114,132,145,145,145],"floor_reached":16,"playtime":1010,"items_purged":["Strike_G"],"score":198,"play_id":"935be4fa-5d5f-4a6a-9133-e1ff3bb13a69","local_time":"20190926180621","is_ascension_mode":true,"campfire_choices":[{"data":"Neutralize","floor":6,"key":"SMITH"},{"floor":12,"key":"REST"},{"data":"Well Laid Plans","floor":15,"key":"SMITH"}],"neow_cost":"NONE","seed_source_timestamp":419623794179500,"circlet_count":0,"master_deck":["AscendersBane","Strike_G","Strike_G","Strike_G","Strike_G","Defend_G","Defend_G","Defend_G","Defend_G","Defend_G","Survivor","Neutralize+1","Dramatic Entrance","Quick Slash","Well Laid Plans+1","Leg Sweep","Bullet Time","Deadly Poison","All Out Attack","Backflip","Backflip"],"relics":["Ring of the Snake","Girya","Mummified Hand"],"potions_floor_usage":[7,14,16],"damage_taken":[{"damage":0,"enemies":"2 Louse","floor":1,"turns":2},{"damage":1,"enemies":"Cultist","floor":2,"turns":4},{"damage":0,"enemies":"Jaw Worm","floor":3,"turns":3},{"damage":1,"enemies":"3 Louse","floor":5,"turns":3},{"damage":35,"enemies":"Lagavulin","floor":7,"turns":10},{"damage":0,"enemies":"2 Fungi Beasts","floor":8,"turns":4},{"damage":0,"enemies":"Exordium Wildlife","floor":13,"turns":2},{"damage":10,"enemies":"Gremlin Gang","floor":14,"turns":4},{"damage":31,"enemies":"Slime Boss","floor":16,"turns":9}],"seed_played":"-8863046088052512532","potions_obtained":[{"floor":1,"key":"CunningPotion"},{"floor":3,"key":"GamblersBrew"},{"floor":4,"key":"DuplicationPotion"},{"floor":7,"key":"DuplicationPotion"}],"is_trial":false,"path_per_floor":["M","M","M","?","M","R","E","M","T","?","$","R","M","M","R","B"],"character_chosen":"THE_SILENT","items_purchased":["All Out Attack"],"campfire_rested":1,"item_purchase_floors":[11],"current_hp_per_floor":[59,58,58,58,57,57,22,22,22,11,11,30,30,20,20,0],"gold":145,"neow_bonus":"RANDOM_COLORLESS","is_prod":false,"is_daily":false,"chose_seed":false,"campfire_upgraded":2,"win_rate":0,"timestamp":1569488781,"path_taken":["M","M","M","?","M","R","E","?","T","?","$","R","M","M","R","BOSS"],"build_version":"2019-09-25","purchased_purges":1,"victory":false,"max_hp_per_floor":[66,66,66,66,66,66,66,66,66,66,66,66,66,66,66,66],"card_choices":[{"not_picked":["Impatience","Dark Shackles"],"picked":"Dramatic Entrance","floor":0},{"not_picked":["Underhanded Strike","Prepared"],"picked":"Quick Slash","floor":1},{"not_picked":["Dagger Spray","Flechettes"],"picked":"Well Laid Plans","floor":2},{"not_picked":["Dagger Spray","Blur"],"picked":"Leg Sweep","floor":3},{"not_picked":["Flying Knee","Bane","Dagger Throw"],"picked":"SKIP","floor":5},{"not_picked":["Tactician","Masterful Stab"],"picked":"Bullet Time","floor":7},{"not_picked":["Dagger Spray","Blur"],"picked":"Deadly Poison","floor":8},{"not_picked":["Dagger Throw","Masterful Stab"],"picked":"Backflip","floor":13},{"not_picked":["Dagger Spray","Sucker Punch"],"picked":"Backflip","floor":14}],"player_experience":864379,"relics_obtained":[{"floor":7,"key":"Girya"},{"floor":9,"key":"Mummified Hand"}],"event_choices":[{"damage_healed":0,"gold_gain":0,"player_choice":"Got Potions","damage_taken":0,"max_hp_gain":0,"max_hp_loss":0,"event_name":"Lab","floor":4,"gold_loss":0},{"damage_healed":0,"gold_gain":75,"player_choice":"Gather Gold","damage_taken":11,"max_hp_gain":0,"max_hp_loss":0,"event_name":"World of Goop","floor":10,"gold_loss":0}],"is_beta":true,"boss_relics":[],"items_purged_floors":[11],"is_endless":false,"potions_floor_spawned":[1,3,7,13],"killed_by":"Slime Boss","ascension_level":18}