{"path_per_floor":["M","M","?","$","M","R","E","R","T","M","M","M","?","M","R","B",null,"M","M","M","M","M","$","R","?","T","R","M","M","E","?","R","B",null,"M","$","M","?","M","E","R","M","T","?","M","R","M"],"character_chosen":"THE_SILENT","items_purchased":["Noxious Fumes","Sadistic Nature","Infinite Blades","Lantern"],"gold_per_floor":[114,129,79,4,19,19,49,49,74,89,104,119,119,138,138,263,263,282,301,320,339,358,285,285,285,360,360,375,390,420,420,420,520,520,535,12,27,27,42,72,72,87,137,137,152,152,167],"floor_reached":48,"campfire_rested":2,"playtime":3699,"current_hp_per_floor":[68,67,66,65,64,63,54,54,54,54,54,54,40,40,40,33,52,51,36,36,36,20,20,33,33,38,38,41,36,39,38,37,36,35,34,33,29,25,30,21,21,10,15,15,8,23,22],"items_purged":["Strike_G","Strike_G"],"gold":167,"score":540,"play_id":"ef3f13b8-0162-44a5-955a-cd840712917e","local_time":"20180310212639","daily_mods":["Shiny","Uncertain Future","Terminal"],"is_prod":false,"is_daily":true,"is_ascension_mode":false,"campfire_upgraded":6,"timestamp":1520745999,"path_taken":["M","M","?","$","M","R","E","R","T","?","M","M","?","M","R","BOSS","M","M","M","M","M","$","R","?","T","R","M","?","E","?","R","BOSS","M","$","M","?","M","E","R","M","T","?","?","R","M","M"],"build_version":"2018-03-08-BETA","purchased_purges":2,"victory":false,"master_deck":["Defend_G+1","Defend_G+1","Defend_G+1","Defend_G+1","Defend_G+1","Strike_G+1","Strike_G+1","Survivor","Neutralize+1","Die Die Die","Poisoned Stab+1","Backflip","Heel Hook","Adrenaline","Footwork+1","Cloak And Dagger","Envenom+1","Envenom+1","Accuracy","PiercingWail","Crippling Poison","Escape Plan","Infinite Blades+1","Noxious Fumes","Bouncing Flask+1","Burst","Blur","A Thousand Cuts","Bane+1","Sadistic Nature","Infinite Blades+1","Noxious Fumes+1","Madness","Catalyst+1","Deflect","Footwork+1","Dagger Spray","Adrenaline"],"max_hp_per_floor":[68,67,66,65,64,63,62,61,60,59,58,57,56,55,54,53,52,51,50,49,48,47,46,45,44,43,42,41,40,39,38,37,36,35,34,33,32,31,30,29,28,27,26,25,24,23,22],"relics":["Ring of the Snake","Anchor","Art of War","Bloody Idol","Sozu","Mummified Hand","Snake Skull","The Specimen","Lantern","Regal Pillow","Ancient Tea Set"],"card_choices":[{"not_picked":["Skewer","Backflip"],"picked":"Poisoned Stab"},{"not_picked":["Acrobatics","Blade Dance"],"picked":"Backflip"},{"not_picked":["Finisher","Acrobatics"],"picked":"Heel Hook"},{"not_picked":["Backstab","Flying Knee"],"picked":"Adrenaline"},{"not_picked":["Underhanded Strike","Setup"],"picked":"Footwork"},{"not_picked":["Setup","Outmaneuver"],"picked":"Cloak And Dagger"},{"not_picked":["Terror","Deadly Poison"],"picked":"Envenom"},{"not_picked":["Night Terror","Tactician"],"picked":"Envenom"},{"not_picked":["Backflip","Flying Knee"],"picked":"Accuracy"},{"not_picked":["Riddle With Holes","Deadly Poison"],"picked":"PiercingWail"},{"not_picked":["Flying Knee","Reflex"],"picked":"Crippling Poison"},{"not_picked":["Bane","Backflip"],"picked":"Escape Plan"},{"not_picked":["Flying Knee","Acrobatics"],"picked":"Infinite Blades"},{"not_picked":["Choke","Caltrops"],"picked":"Bouncing Flask"},{"not_picked":["Dagger Throw","Poisoned Stab"],"picked":"Burst"},{"not_picked":["Quick Slash","Outmaneuver"],"picked":"Blur"},{"not_picked":["Glass Knife","Corpse Explosion"],"picked":"A Thousand Cuts"},{"not_picked":["Dagger Throw","Choke"],"picked":"Bane"},{"not_picked":["Sucker Punch","Skewer"],"picked":"Noxious Fumes"},{"not_picked":["Bullet Time","Dagger Throw"],"picked":"Catalyst"},{"not_picked":["Poisoned Stab","Malaise"],"picked":"Deflect"},{"not_picked":["Dodge and Roll","Slice"],"picked":"Footwork"},{"not_picked":["Poisoned Stab","Slice"],"picked":"Dagger Spray"},{"not_picked":["Acrobatics","Sucker Punch"],"picked":"Adrenaline"}],"player_experience":336407,"potions_floor_usage":[7,10,16,18,33],"damage_taken":[{"damage":0,"enemies":"Cultist","floor":1,"turns":3},{"damage":0,"enemies":"2 Louse","floor":2,"turns":2},{"damage":0,"enemies":"Small Slimes","floor":5,"turns":2},{"damage":9,"enemies":"Gremlin Nob","floor":7,"turns":5},{"damage":0,"enemies":"Gremlin Gang","floor":10,"turns":2},{"damage":0,"enemies":"Exordium Wildlife","floor":11,"turns":2},{"damage":0,"enemies":"Blue Slaver","floor":12,"turns":2},{"damage":0,"enemies":"Looter","floor":14,"turns":3},{"damage":7,"enemies":"Slime Boss","floor":16,"turns":15},{"damage":0,"enemies":"2 Thieves","floor":18,"turns":3},{"damage":15,"enemies":"Spheric Guardian","floor":19,"turns":6},{"damage":0,"enemies":"Centurion and Healer","floor":20,"turns":7},{"damage":0,"enemies":"Snake Plant","floor":21,"turns":5},{"damage":16,"enemies":"3 Cultists","floor":22,"turns":7},{"damage":0,"enemies":"Centurion and Healer","floor":28,"turns":6},{"damage":10,"enemies":"Snake Plant","floor":29,"turns":4},{"damage":0,"enemies":"Book of Stabbing","floor":30,"turns":5},{"damage":3,"enemies":"Automaton","floor":33,"turns":8},{"damage":1,"enemies":"3 Darklings","floor":35,"turns":5},{"damage":9,"enemies":"Flame Bruiser 1 Orb","floor":37,"turns":5},{"damage":0,"enemies":"4 Shapes","floor":39,"turns":5},{"damage":14,"enemies":"2 Orb Walkers","floor":40,"turns":4},{"damage":16,"enemies":"Maw","floor":42,"turns":6},{"damage":12,"enemies":"3 Darklings","floor":45,"turns":4},{"damage":0,"enemies":"Spire Growth","floor":47,"turns":4},{"damage":27,"enemies":"4 Shapes","floor":48,"turns":2}],"event_choices":[{"event_name":"The Cleric","player_choice":"Card Removal","floor":3,"damage_taken":0},{"event_name":"Golden Idol","player_choice":"Take Damage","floor":13,"damage_taken":0},{"event_name":"Forgotten Altar","player_choice":"Gave Idol","floor":25,"damage_taken":0},{"event_name":"Back to Basics","player_choice":"Simplicity","floor":31,"damage_taken":0},{"event_name":"Winding Halls","player_choice":"Embrace Madness","floor":38,"damage_taken":0}],"boss_relics":[{"not_picked":["Eternal Feather","Ectoplasm"],"picked":"Sozu"},{"not_picked":["Lizard Tail","Snecko Eye"],"picked":"The Specimen"}],"potions_floor_spawned":[1,5,11,12,16,20,28,29,30,33,39,42],"seed_played":"4792185374842203756","killed_by":"4 Shapes","ascension_level":0,"is_trial":false}