{"gold_per_floor":[360,35,50,64,64,64,82,82,82,111,111,111,151,166,166,166],"floor_reached":16,"playtime":449,"items_purged":[],"score":220,"play_id":"76cf6531-7d03-4a06-ab37-c0977aad947a","local_time":"20190930162342","is_ascension_mode":true,"campfire_choices":[{"data":"Clothesline","floor":6,"key":"SMITH"},{"data":"Bash","floor":8,"key":"SMITH"},{"data":"Strike_R","floor":12,"key":"SMITH"},{"data":"Searing Blow","floor":15,"key":"SMITH"}],"neow_cost":"TEN_PERCENT_HP_LOSS","seed_source_timestamp":1181377562461500,"circlet_count":0,"master_deck":["AscendersBane","Strike_R","Strike_R","Strike_R+1","Strike_R","Strike_R","Defend_R","Defend_R","Defend_R","Defend_R","Bash+1","Shrug It Off+1","Clothesline+1","Impervious+1","Searing Blow+1","Headbutt"],"relics":["Burning Blood","Toxic Egg 2","Singing Bowl","Frozen Egg 2","Golden Idol","Magic Flower"],"potions_floor_usage":[10,13,14,16],"damage_taken":[{"damage":6,"enemies":"Jaw Worm","floor":1,"turns":5},{"damage":12,"enemies":"Small Slimes","floor":3,"turns":5},{"damage":6,"enemies":"2 Louse","floor":4,"turns":3},{"damage":18,"enemies":"Large Slime","floor":7,"turns":7},{"damage":14,"enemies":"Lagavulin","floor":10,"turns":6},{"damage":20,"enemies":"Gremlin Nob","floor":13,"turns":4},{"damage":11,"enemies":"Lots of Slimes","floor":14,"turns":4},{"damage":21,"enemies":"Hexaghost","floor":16,"turns":7}],"seed_played":"5954211932731193011","potions_obtained":[{"floor":3,"key":"Energy Potion"},{"floor":7,"key":"AttackPotion"},{"floor":10,"key":"Explosive Potion"},{"floor":13,"key":"Dexterity Potion"}],"is_trial":false,"path_per_floor":["M","$","M","M","?","R","M","R","T","E","?","R","E","M","R","B"],"character_chosen":"IRONCLAD","items_purchased":["Toxic Egg 2","Shrug It Off+1"],"campfire_rested":0,"item_purchase_floors":[2,2],"current_hp_per_floor":[68,68,62,62,67,67,55,55,55,49,49,49,35,33,33,12],"gold":166,"neow_bonus":"TWO_FIFTY_GOLD","is_prod":false,"is_daily":false,"chose_seed":false,"campfire_upgraded":4,"win_rate":0,"timestamp":1569885822,"path_taken":["M","$","M","M","?","R","M","R","T","E","?","R","E","M","R","BOSS"],"build_version":"2019-09-27","purchased_purges":0,"victory":false,"max_hp_per_floor":[68,68,68,68,73,73,73,73,73,75,68,68,68,68,68,68],"card_choices":[{"not_picked":["Flex","Warcry","Havoc"],"picked":"SKIP","floor":1},{"not_picked":["Corruption","Burning Pact+1"],"picked":"Clothesline","floor":3},{"not_picked":["Cleave","Clothesline"],"picked":"Impervious+1","floor":4},{"not_picked":["Sentinel+1","Clothesline","Entrench+1"],"picked":"SKIP","floor":7},{"not_picked":["Rupture","Dropkick","Blood for Blood"],"picked":"Singing Bowl","floor":10},{"not_picked":["Sword Boomerang","Perfected Strike"],"picked":"Searing Blow","floor":13},{"not_picked":["Sword Boomerang","Power Through+1"],"picked":"Headbutt","floor":14}],"player_experience":1148510,"relics_obtained":[{"floor":9,"key":"Singing Bowl"},{"floor":10,"key":"Frozen Egg 2"},{"floor":13,"key":"Magic Flower"}],"event_choices":[{"damage_healed":0,"gold_gain":0,"player_choice":"Donut","damage_taken":0,"max_hp_gain":5,"max_hp_loss":0,"event_name":"Big Fish","floor":5,"gold_loss":0},{"damage_healed":0,"gold_gain":0,"player_choice":"Lose Max HP","damage_taken":0,"relics_obtained":["Golden Idol"],"max_hp_gain":0,"max_hp_loss":7,"event_name":"Golden Idol","floor":11,"gold_loss":0}],"is_beta":true,"boss_relics":[],"items_purged_floors":[],"is_endless":false,"potions_floor_spawned":[3,7,10,13],"killed_by":"Hexaghost","ascension_level":20}