{"gold_per_floor":[109,125,125,56,75,75],"floor_reached":6,"playtime":313,"items_purged":[],"score":72,"play_id":"91b7139f-69e9-4b00-88d1-079ebb6fbc14","local_time":"20190802134543","is_ascension_mode":true,"campfire_choices":[],"neow_cost":"PERCENT_DAMAGE","seed_source_timestamp":178211567704479,"circlet_count":0,"master_deck":["AscendersBane","Strike_G","Strike_G","Strike_G","Strike_G","Strike_G","Defend_G","Defend_G","Defend_G","Defend_G","Defend_G","Survivor","Neutralize","Slice","Deadly Poison","Cloak And Dagger","Dagger Throw","Quick Slash"],"special_seed":0,"relics":["Ring of the Snake","Prayer Wheel","Gremlin Horn","Peace Pipe"],"potions_floor_usage":[],"damage_taken":[{"damage":2.0,"enemies":"2 Louse","floor":1.0,"turns":4.0},{"damage":4.0,"enemies":"Small Slimes","floor":2.0,"turns":4.0},{"damage":0.0,"enemies":"Cultist","floor":5.0,"turns":3.0},{"damage":31,"enemies":"Gremlin Nob","floor":6,"turns":3}],"seed_played":"-8780615947006763565","potions_obtained":[{"floor":5.0,"key":"SteroidPotion"}],"is_trial":false,"path_per_floor":["M","M","?","?","M","E"],"character_chosen":"THE_SILENT","items_purchased":[],"campfire_rested":0,"item_purchase_floors":[],"current_hp_per_floor":[42,38,27,27,27,0],"gold":75,"neow_bonus":"ONE_RARE_RELIC","is_prod":false,"is_daily":false,"chose_seed":false,"campfire_upgraded":0,"win_rate":0,"timestamp":1564731943,"path_taken":["M","M","?","?","M","E"],"build_version":"2019-07-17","purchased_purges":0,"victory":false,"max_hp_per_floor":[66,66,66,66,66,66],"card_choices":[{"not_picked":["PiercingWail","Concentrate"],"picked":"Slice","floor":1.0},{"not_picked":["Flechettes","Prepared"],"picked":"Deadly Poison","floor":1.0},{"not_picked":["Prepared","Leg Sweep"],"picked":"Cloak And Dagger","floor":2.0},{"not_picked":["Catalyst","Choke","Outmaneuver"],"picked":"SKIP","floor":2.0},{"not_picked":["Dodge and Roll","Infinite Blades"],"picked":"Dagger Throw","floor":5.0},{"not_picked":["Blade Dance","Caltrops"],"picked":"Quick Slash","floor":5.0}],"player_experience":1620226,"relics_obtained":[],"event_choices":[{"damage_healed":0.0,"max_hp_gain":0.0,"max_hp_loss":0.0,"gold_gain":0.0,"event_name":"Scrap Ooze","player_choice":"Success","floor":3.0,"gold_loss":0.0,"damage_taken":11.0,"relics_obtained":["Gremlin Horn"]},{"damage_healed":0.0,"max_hp_gain":0.0,"max_hp_loss":0.0,"gold_gain":0.0,"event_name":"WeMeetAgain","player_choice":"Paid Gold","floor":4.0,"gold_loss":69.0,"damage_taken":0.0,"relics_obtained":["Peace Pipe"]}],"is_beta":false,"boss_relics":[],"items_purged_floors":[],"is_endless":false,"potions_floor_spawned":[5],"killed_by":"Gremlin Nob","ascension_level":20}