{"gold_per_floor":[364,44,57,75,91,116,116,116,162,162,62,62,92,92,92,196,196,206,50,0,12,30,30,46,8,8,38,38,57,74,108,108,213,213,232,148,165,265,282,282,309,30,30,47,82,82,82,82,82,82],"floor_reached":51,"playtime":5705,"items_purged":["Writhe","Strike_P","Strike_P","Defend_P"],"score":803,"play_id":"a9573b93-5c6c-435d-8c00-4f5d714df2f3","local_time":"20190919164601","is_ascension_mode":false,"campfire_choices":[{"data":"Eruption","floor":8,"key":"SMITH"},{"data":"DeceiveReality","floor":10,"key":"SMITH"},{"floor":15,"key":"REST"},{"data":"Establishment","floor":23,"key":"SMITH"},{"data":"DeceiveReality","floor":32,"key":"SMITH"},{"data":"CleanseEvil","floor":40,"key":"SMITH"},{"data":"EmptyMind","floor":47,"key":"SMITH"},{"data":"Discovery","floor":49,"key":"SMITH"}],"neow_cost":"CURSE","seed_source_timestamp":14309373171200,"circlet_count":0,"master_deck":["Strike_P","Strike_P","Eruption+1","Vigilance+1","Consecrate+1","EmptyFist+1","DeceiveReality+1","CarveReality+1","Establishment+1","Crescendo","Protect+1","DeceiveReality+1","CleanseEvil+1","EmptyMind+1","Brilliance","CurseOfTheBell","Protect+1","SandsOfTime+1","CarveReality+1","BowlingBash+1","InnerPeace+1","Protect","ClearTheMind+1","Discovery+1","Blind"],"relics":["PureWater","Molten Egg 2","Meat on the Bone","Strawberry","Bag of Marbles","Empty Cage","Lantern","Darkstone Periapt","Smiling Mask","Dodecahedron","Calling Bell","Pen Nib","Sundial","Prayer Wheel","Incense Burner","MealTicket","Orichalcum","Oddly Smooth Stone","Potion Belt"],"potions_floor_usage":[6,6,16,27,31,33,33,41,41,44,50,50],"damage_taken":[{"damage":4,"enemies":"Cultist","floor":1,"turns":4},{"damage":3,"enemies":"Jaw Worm","floor":3,"turns":5},{"damage":0,"enemies":"Small Slimes","floor":4,"turns":2},{"damage":0,"enemies":"Looter","floor":5,"turns":2},{"damage":6,"enemies":"3 Sentries","floor":6,"turns":6},{"damage":0,"enemies":"Lagavulin","floor":13,"turns":6},{"damage":11,"enemies":"The Guardian","floor":16,"turns":10},{"damage":0,"enemies":"3 Byrds","floor":18,"turns":4},{"damage":0,"enemies":"Chosen","floor":21,"turns":3},{"damage":7,"enemies":"Snake Plant","floor":22,"turns":4},{"damage":10,"enemies":"Cultist and Chosen","floor":24,"turns":3},{"damage":19,"enemies":"Slavers","floor":27,"turns":5},{"damage":0,"enemies":"Centurion and Healer","floor":29,"turns":5},{"damage":0,"enemies":"3 Cultists","floor":30,"turns":4},{"damage":1,"enemies":"Book of Stabbing","floor":31,"turns":6},{"damage":5,"enemies":"Champ","floor":33,"turns":11},{"damage":0,"enemies":"3 Darklings","floor":35,"turns":4},{"damage":0,"enemies":"3 Shapes","floor":37,"turns":3},{"damage":3,"enemies":"Mind Bloom Boss Battle","floor":38,"turns":6},{"damage":16,"enemies":"3 Darklings","floor":39,"turns":5},{"damage":0,"enemies":"Reptomancer","floor":41,"turns":2},{"damage":10,"enemies":"Writhing Mass","floor":44,"turns":4},{"damage":6,"enemies":"Giant Head","floor":45,"turns":8},{"damage":22,"enemies":"Awakened One","floor":50,"turns":15}],"seed_played":"-4533456099020125816","potions_obtained":[{"floor":4,"key":"SkillPotion"},{"floor":5,"key":"Fire Potion"},{"floor":13,"key":"Block Potion"},{"floor":21,"key":"Fire Potion"},{"floor":24,"key":"Ambrosia"},{"floor":27,"key":"Block Potion"},{"floor":29,"key":"Energy Potion"},{"floor":31,"key":"BottledMiracle"},{"floor":37,"key":"Fire Potion"},{"floor":39,"key":"BottledMiracle"},{"floor":45,"key":"Weak Potion"}],"is_trial":false,"path_per_floor":["M","$","M","M","M","E","?","R","T","R","$","?","E","?","R","B",null,"M","$","?","M","M","R","M","$","T","E","?","M","M","E","R","B",null,"M","$","M","?","M","R","E","$","T","M","E","?","R","?","R","B",null],"character_chosen":"WATCHER","items_purchased":["Molten Egg 2","Lantern","DeceiveReality","CarveReality+1","StancePotion","Orichalcum"],"campfire_rested":1,"item_purchase_floors":[2,19,25,36,42,42],"current_hp_per_floor":[61,61,58,58,58,52,52,52,59,59,59,64,64,49,72,61,77,77,77,77,77,70,70,60,60,60,41,41,41,41,40,40,47,83,83,83,83,80,64,64,64,79,79,69,69,69,69,64,64,45],"gold":82,"neow_bonus":"TWO_FIFTY_GOLD","is_prod":false,"is_daily":false,"chose_seed":false,"campfire_upgraded":7,"win_rate":0,"timestamp":1568936761,"path_taken":["M","$","?","M","M","E","?","R","T","R","?","?","E","?","R","BOSS","M","$","?","M","M","R","M","$","T","E","?","?","M","E","R","BOSS","M","$","M","?","M","R","E","$","T","M","E","?","R","?","R","BOSS"],"build_version":"2019-09-19","purchased_purges":4,"victory":true,"max_hp_per_floor":[65,65,65,65,65,65,65,65,72,72,72,77,77,77,77,77,77,77,77,77,77,77,77,77,77,77,77,77,77,77,77,77,77,83,83,83,83,83,83,83,83,83,83,83,83,83,83,83,83,83],"card_choices":[{"not_picked":["JustLucky","Crescendo"],"picked":"EmptyBody","floor":1},{"not_picked":["Sanctity","EmptyBody"],"picked":"Consecrate+1","floor":3},{"not_picked":["Weave+1","Consecrate+1"],"picked":"EmptyFist+1","floor":4},{"not_picked":["EmptyBody","CutThroughFate+1"],"picked":"DeceiveReality","floor":5},{"not_picked":["CutThroughFate+1","Worship"],"picked":"CarveReality+1","floor":6},{"not_picked":["Devotion","EmptyMind"],"picked":"Establishment","floor":13},{"not_picked":["Wallop+1","Wireheading","CrushJoints+1"],"picked":"SKIP","floor":18},{"not_picked":["SashWhip+1","ThirdEye","Evaluate"],"picked":"SKIP","floor":21},{"not_picked":["Halt","SashWhip+1"],"picked":"Crescendo","floor":22},{"not_picked":["CrushJoints+1","EmptyBody"],"picked":"Protect+1","floor":24},{"not_picked":["JustLucky+1","Prostrate","Wireheading+1"],"picked":"SKIP","floor":27},{"not_picked":["DeceiveReality","Tantrum+1","Fasting"],"picked":"SKIP","floor":29},{"not_picked":["EmptyBody+1","ClearTheMind"],"picked":"CleanseEvil","floor":30},{"not_picked":["EmptyBody","WaveOfTheHand"],"picked":"EmptyMind","floor":31},{"not_picked":["Judgement","LessonLearned+1"],"picked":"Brilliance","floor":33},{"not_picked":["FollowUp+1","Prostrate+1"],"picked":"Protect+1","floor":35},{"not_picked":["ForeignInfluence","Wireheading+1"],"picked":"SandsOfTime+1","floor":35},{"not_picked":["Omniscience","Sanctity","JustLucky+1"],"picked":"SKIP","floor":37},{"not_picked":["Consecrate+1","FollowUp+1","EmptyFist+1"],"picked":"SKIP","floor":37},{"not_picked":["Weave+1","Wallop+1"],"picked":"BowlingBash+1","floor":38},{"not_picked":["Prostrate","ClearTheMind"],"picked":"InnerPeace+1","floor":39},{"not_picked":["Worship","EmptyBody+1","Consecrate+1"],"picked":"SKIP","floor":39},{"not_picked":["CrushJoints+1","Crescendo"],"picked":"Protect","floor":44},{"not_picked":["Blasphemy","EmptyMind+1","Wireheading+1"],"picked":"SKIP","floor":44},{"not_picked":["StepAndStrike+1","EmptyFist+1"],"picked":"ClearTheMind+1","floor":45},{"not_picked":["PanicButton","Good Instincts"],"picked":"Discovery","floor":48},{"not_picked":["PanicButton","Mind Blast+1"],"picked":"Blind","floor":48}],"player_experience":718778,"relics_obtained":[{"floor":6,"key":"Meat on the Bone"},{"floor":9,"key":"Strawberry"},{"floor":13,"key":"Bag of Marbles"},{"floor":26,"key":"Darkstone Periapt"},{"floor":27,"key":"Smiling Mask"},{"floor":31,"key":"Dodecahedron"},{"floor":34,"key":"Pen Nib"},{"floor":34,"key":"Sundial"},{"floor":34,"key":"Prayer Wheel"},{"floor":38,"key":"Incense Burner"},{"floor":41,"key":"MealTicket"},{"floor":43,"key":"Oddly Smooth Stone"},{"floor":45,"key":"Potion Belt"}],"event_choices":[{"damage_healed":0,"gold_gain":0,"player_choice":"Ignored","damage_taken":0,"max_hp_gain":0,"max_hp_loss":0,"event_name":"Liars Game","floor":7,"gold_loss":0},{"damage_healed":0,"gold_gain":0,"player_choice":"Donut","damage_taken":0,"max_hp_gain":5,"max_hp_loss":0,"event_name":"Big Fish","floor":12,"gold_loss":0},{"damage_healed":0,"gold_gain":0,"player_choice":"Entered Light","damage_taken":15,"max_hp_gain":0,"max_hp_loss":0,"event_name":"Shining Light","floor":14,"gold_loss":0,"cards_upgraded":["EmptyBody","Vigilance"]},{"damage_healed":0,"gold_gain":0,"player_choice":"Paid Fearfully","damage_taken":0,"max_hp_gain":0,"max_hp_loss":0,"event_name":"Masked Bandits","floor":20,"gold_loss":50},{"cards_removed":["Defend_P"],"damage_healed":0,"gold_gain":0,"player_choice":"Purged","damage_taken":0,"max_hp_gain":0,"max_hp_loss":0,"event_name":"Purifier","floor":28,"gold_loss":0},{"damage_healed":0,"gold_gain":0,"player_choice":"Fight","damage_taken":0,"max_hp_gain":0,"max_hp_loss":0,"event_name":"MindBloom","floor":38,"gold_loss":0},{"cards_removed":["EmptyBody"],"damage_healed":0,"gold_gain":0,"player_choice":"Removed Skill","damage_taken":0,"max_hp_gain":0,"max_hp_loss":0,"event_name":"Falling","floor":46,"gold_loss":0},{"damage_healed":0,"gold_gain":0,"player_choice":"Memory 2","damage_taken":5,"max_hp_gain":0,"max_hp_loss":0,"event_name":"SensoryStone","floor":48,"gold_loss":0}],"is_beta":true,"boss_relics":[{"not_picked":["Ectoplasm","Velvet Choker"],"picked":"Empty Cage"},{"not_picked":["SacredBark","Fusion Hammer"],"picked":"Calling Bell"}],"items_purged_floors":[2,11,36,42],"is_endless":false,"potions_floor_spawned":[4,5,13,21,24,27,29,31,37,39,45],"ascension_level":0}