{"path_per_floor":["M","?","M","?","?","E","?","R","T","M","$","M","E","?","R","B",null,"M","?","?","?","?","E","?","M","T","$","T","E","M","T","R","B",null,"M","?","M","$","M","E","$","M","T","M","R","E","?","?","R","B"],"character_chosen":"IRONCLAD","items_purchased":["Inflame","Feed","Purity","Shuriken","Heavy Blade"],"gold_per_floor":[114,114,129,129,129,159,109,109,109,124,43,58,88,88,88,188,188,203,203,203,203,203,233,233,248,273,116,116,146,161,161,161,261,291,306,344,359,204,219,249,12,27,102,117,117,147,147,147,147,147],"floor_reached":51,"campfire_rested":0,"playtime":2768,"item_purchase_floors":[11,27,38,41,41],"current_hp_per_floor":[80,80,80,86,86,81,81,81,87,86,86,86,86,92,92,69,104,103,103,103,103,103,93,93,95,101,101,107,103,106,119,119,120,140,139,138,143,143,142,142,142,143,149,148,148,142,148,154,154,128],"items_purged":["Strike_R","Strike_R"],"gold":147,"score":1024,"play_id":"94aac8e1-afa5-4232-838c-163b2ef95c2a","local_time":"20180524194524","daily_mods":["Heirloom","Cursed Run","Time Dilation"],"is_prod":false,"is_daily":true,"chose_seed":false,"is_ascension_mode":false,"campfire_upgraded":5,"win_rate":0,"timestamp":1527216324,"campfire_choices":[{"data":"Warcry","floor":8,"key":"SMITH"},{"data":"Heavy Blade","floor":15,"key":"SMITH"},{"data":"Dark Embrace","floor":32,"key":"SMITH"},{"data":"Heavy Blade","floor":45,"key":"SMITH"},{"data":"Demon Form","floor":49,"key":"SMITH"}],"path_taken":["M","?","M","?","?","E","?","R","T","M","$","M","E","?","R","BOSS","M","?","?","?","?","E","?","M","T","$","?","E","M","?","R","BOSS","M","?","M","$","M","E","$","M","T","M","R","E","?","?","R","BOSS"],"build_version":"2018-05-23v2","seed_source_timestamp":0,"purchased_purges":2,"victory":true,"master_deck":["Strike_R","Defend_R","Defend_R","Defend_R","Defend_R","Bash","Flex","Sword Boomerang","Regret","Warcry+1","Panacea","Anger","Decay","Ghostly Armor+1","Inflame","Heavy Blade+1","Flex","Decay","Dark Embrace+1","Thunderclap+1","Inflame","Reckless Charge","Cleave","Intimidate","Regret","Feed","Injury","Twin Strike","Shrug It Off","Pain","Decay","Reaper","True Grit+1","Rupture+1","Purity","Pommel Strike+1","Spot Weakness+1","Heavy Blade+1","Heavy Blade+1","Parasite","Intimidate+1","Demon Form+1","Parasite","Fiend Fire","Doubt","Doubt"],"max_hp_per_floor":[80,80,80,86,86,86,86,86,92,92,92,92,92,98,98,104,104,104,104,104,104,104,104,104,104,110,110,116,116,116,129,129,135,140,143,143,143,143,143,143,143,143,149,149,149,152,158,164,164,170],"relics":["Cursed Key","Darkstone Periapt","Du-Vu Doll","Bird Faced Urn","Bag of Preparation","Juzu Bracelet","Blue Candle","Meat on the Bone","Turnip","Ancient Tea Set","Mark of Pain","Bottled Tornado","Boot","The Courier","Lantern","Strawberry","Tiny House","Prayer Wheel","Shuriken","Ornamental Fan","Self Forming Clay"],"card_choices":[{"not_picked":["Headbutt","Heavy Blade"],"picked":"Flex","floor":1},{"not_picked":["Headbutt","Whirlwind"],"picked":"Sword Boomerang","floor":3},{"not_picked":["Hemokinesis","Combust"],"picked":"Anger","floor":6},{"not_picked":["Power Through","Armaments"],"picked":"Ghostly Armor","floor":10},{"not_picked":["Sword Boomerang","Combust"],"picked":"Heavy Blade","floor":12},{"not_picked":["Thunderclap","Iron Wave"],"picked":"Flex","floor":13},{"not_picked":["Offering","Impervious"],"picked":"Dark Embrace","floor":16},{"not_picked":["Twin Strike","Armaments+1"],"picked":"Thunderclap+1","floor":18},{"not_picked":["Pommel Strike","Sever Soul+1"],"picked":"Cleave","floor":23},{"not_picked":["Body Slam","Entrench"],"picked":"Intimidate","floor":25},{"not_picked":["Bloodletting","Clothesline"],"picked":"Twin Strike","floor":29},{"not_picked":["Second Wind","Anger"],"picked":"Shrug It Off","floor":30},{"not_picked":["Bludgeon","Double Tap"],"picked":"Reaper","floor":33},{"not_picked":["Clothesline+1","Sentinel+1"],"picked":"True Grit+1","floor":35},{"not_picked":["Hemokinesis+1","Clash"],"picked":"Rupture+1","floor":36},{"not_picked":["Pommel Strike","Thunderclap+1","Anger"],"picked":"SKIP","floor":37},{"not_picked":["Armaments","Heavy Blade","Thunderclap+1"],"picked":"SKIP","floor":37},{"not_picked":["Headbutt","Twin Strike"],"picked":"Pommel Strike+1","floor":39},{"not_picked":["Metallicize","Berserk"],"picked":"Spot Weakness+1","floor":39},{"not_picked":["Rampage+1","Clothesline+1","True Grit+1"],"picked":"SKIP","floor":40},{"not_picked":["Armaments+1","Sword Boomerang"],"picked":"Heavy Blade+1","floor":42},{"not_picked":["Twin Strike+1","Sever Soul","Body Slam"],"picked":"SKIP","floor":42},{"not_picked":["Fire Breathing+1","Carnage+1"],"picked":"Intimidate+1","floor":44},{"not_picked":["Twin Strike+1","Cleave","Clash"],"picked":"SKIP","floor":44},{"not_picked":["Inflame+1","Heavy Blade"],"picked":"Demon Form","floor":46}],"player_experience":520950,"potions_floor_usage":[6,6,6,13,16,23,33,39,40,50,50],"damage_taken":[{"damage":0,"enemies":"2 Louse","floor":1,"turns":2},{"damage":0,"enemies":"Cultist","floor":3,"turns":2},{"damage":5,"enemies":"Lagavulin","floor":6,"turns":4},{"damage":1,"enemies":"Jaw Worm","floor":10,"turns":1},{"damage":2,"enemies":"2 Fungi Beasts","floor":12,"turns":3},{"damage":2,"enemies":"Gremlin Nob","floor":13,"turns":2},{"damage":31,"enemies":"The Guardian","floor":16,"turns":5},{"damage":3,"enemies":"Spheric Guardian","floor":18,"turns":3},{"damage":12,"enemies":"Slavers","floor":23,"turns":3},{"damage":0,"enemies":"2 Thieves","floor":25,"turns":1},{"damage":6,"enemies":"Gremlin Leader","floor":29,"turns":3},{"damage":3,"enemies":"Centurion and Healer","floor":30,"turns":2},{"damage":9,"enemies":"Collector","floor":33,"turns":3},{"damage":7,"enemies":"3 Darklings","floor":35,"turns":2},{"damage":3,"enemies":"Mysterious Sphere","floor":36,"turns":1},{"damage":4,"enemies":"Flame Bruiser 1 Orb","floor":37,"turns":2},{"damage":5,"enemies":"Maw","floor":39,"turns":4},{"damage":5,"enemies":"Giant Head","floor":40,"turns":4},{"damage":3,"enemies":"3 Darklings","floor":42,"turns":2},{"damage":1,"enemies":"Spire Growth","floor":44,"turns":2},{"damage":13,"enemies":"2 Orb Walkers","floor":46,"turns":2},{"damage":40,"enemies":"Time Eater","floor":50,"turns":4}],"relics_obtained":[{"floor":6,"key":"Blue Candle"},{"floor":9,"key":"Meat on the Bone"},{"floor":13,"key":"Turnip"},{"floor":23,"key":"Bottled Tornado"},{"floor":26,"key":"Boot"},{"floor":28,"key":"The Courier"},{"floor":29,"key":"Lantern"},{"floor":31,"key":"Strawberry"},{"floor":36,"key":"Prayer Wheel"},{"floor":43,"key":"Ornamental Fan"},{"floor":46,"key":"Self Forming Clay"}],"event_choices":[{"event_name":"Wheel of Change","player_choice":"Relic","floor":2,"damage_taken":0},{"event_name":"Big Fish","player_choice":"Box","floor":4,"damage_taken":0},{"event_name":"Match and Keep!","player_choice":"2 cards matched","floor":5,"damage_taken":0},{"event_name":"The Cleric","player_choice":"Card Removal","floor":7,"damage_taken":0},{"event_name":"Accursed Blacksmith","player_choice":"Rummage","floor":14,"damage_taken":0},{"event_name":"Bonfire Elementals","player_choice":"BASIC","floor":19,"damage_taken":0},{"event_name":"Duplicator","player_choice":"One dupe","floor":20,"damage_taken":0},{"event_name":"The Library","player_choice":"Read","floor":21,"damage_taken":0},{"event_name":"The Lab","player_choice":"Got Potions","floor":22,"damage_taken":0},{"event_name":"N\u0027loth","player_choice":"Ignored","floor":24,"damage_taken":0},{"event_name":"Mysterious Sphere","player_choice":"Fight","floor":36,"damage_taken":0},{"event_name":"Match and Keep!","player_choice":"2 cards matched","floor":47,"damage_taken":0},{"event_name":"Transmorgrifier","player_choice":"Transform","floor":48,"damage_taken":0}],"boss_relics":[{"not_picked":["Lizard Tail","Runic Pyramid"],"picked":"Mark of Pain"},{"not_picked":["Runic Dome","Orrery"],"picked":"Tiny House"}],"items_purged_floors":[27,38],"potions_floor_spawned":[1,3,12,18,33,37,46],"seed_played":"-5712251583227970221","ascension_level":0,"potions_obtained":[{"floor":1,"key":"EntropicBrew"},{"floor":3,"key":"EssenceOfSteel"},{"floor":12,"key":"SpeedPotion"},{"floor":18,"key":"SpeedPotion"},{"floor":22,"key":"BloodPotion"},{"floor":33,"key":"EssenceOfSteel"},{"floor":34,"key":"Weak Potion"},{"floor":37,"key":"EssenceOfSteel"},{"floor":46,"key":"AttackPotion"}],"is_trial":false}