{"path_per_floor":["M","?","?","M","M","E","$","R","T","M","R","M","M","M","R","B",null,"M","$","?","?","M"],"character_chosen":"DEFECT","items_purchased":["Go for the Eyes+1","Shuriken"],"gold_per_floor":[112,112,112,132,142,172,148,148,148,166,166,176,188,206,206,308,308,322,67,67,167,180,180],"floor_reached":23,"campfire_rested":1,"playtime":974,"item_purchase_floors":[7,19],"current_hp_per_floor":[75,60,60,60,60,47,47,47,47,47,69,66,66,66,66,56,75,70,70,70,70,70,0],"items_purged":[],"gold":180,"score":212,"play_id":"5cb23392-50ab-44f5-8494-0deadf51e4cc","local_time":"20180623005548","is_prod":false,"is_daily":false,"chose_seed":false,"is_ascension_mode":true,"campfire_upgraded":2,"win_rate":0,"timestamp":1529740548,"campfire_choices":[{"data":"Beam Cell","floor":8,"key":"SMITH"},{"floor":11,"key":"REST"},{"data":"Dualcast","floor":15,"key":"SMITH"}],"path_taken":["M","?","?","M","?","E","?","R","T","M","R","M","M","M","R","BOSS","M","$","?","?","M","E"],"build_version":"2018-06-21","seed_source_timestamp":46837308775874,"purchased_purges":0,"circlet_count":0,"victory":false,"master_deck":["Strike_B","Strike_B","Strike_B+1","Strike_B","Defend_B","Defend_B","Defend_B","Defend_B","Zap+1","Dualcast+1","Steam","Beam Cell+1","Scrape+1","Go for the Eyes+1","Go for the Eyes+1","Beam Cell+1","Streamline+1","Beam Cell+1"],"max_hp_per_floor":[75,75,75,75,75,75,75,75,75,75,75,75,75,75,75,75,75,75,75,75,75,75,75],"special_seed":17705,"relics":["Cracked Core","Potion Belt","Molten Egg 2","Matryoshka","Shuriken"],"card_choices":[{"not_picked":["Undo","Blizzard"],"picked":"Steam","floor":1},{"not_picked":["Redo","Barrage"],"picked":"Beam Cell","floor":4},{"not_picked":["Compile Driver","Heatsinks","Auto Shields"],"picked":"SKIP","floor":5},{"not_picked":["Reprogram","Heatsinks"],"picked":"Scrape","floor":6},{"not_picked":["Steam","Hologram"],"picked":"Go for the Eyes+1","floor":10},{"not_picked":["Compile Driver+1","Sweeping Beam+1"],"picked":"Beam Cell+1","floor":12},{"not_picked":["Coolheaded","Turbo"],"picked":"Streamline+1","floor":13},{"not_picked":["Scrape+1","Amplify"],"picked":"Beam Cell+1","floor":14},{"not_picked":["Beam Cell+1","Undo","Lockon+1"],"picked":"SKIP","floor":18},{"not_picked":["Fusion+1","Force Field","Leap"],"picked":"SKIP","floor":22}],"player_experience":533519,"potions_floor_usage":[6,16],"damage_taken":[{"damage":0,"enemies":"2 Louse","floor":1,"turns":2},{"damage":0,"enemies":"Jaw Worm","floor":4,"turns":2},{"damage":0,"enemies":"Small Slimes","floor":5,"turns":2},{"damage":13,"enemies":"Gremlin Nob","floor":6,"turns":4},{"damage":0,"enemies":"2 Fungi Beasts","floor":10,"turns":3},{"damage":3,"enemies":"Blue Slaver","floor":12,"turns":2},{"damage":0,"enemies":"Red Slaver","floor":13,"turns":3},{"damage":0,"enemies":"Exordium Thugs","floor":14,"turns":2},{"damage":10,"enemies":"Hexaghost","floor":16,"turns":8},{"damage":5,"enemies":"Shell Parasite","floor":18,"turns":3},{"damage":0,"enemies":"Chosen","floor":22,"turns":3},{"damage":71,"enemies":"Slavers","floor":23,"turns":4}],"relics_obtained":[{"floor":6,"key":"Molten Egg 2"},{"floor":9,"key":"Matryoshka"}],"event_choices":[{"event_name":"Shining Light","player_choice":"Entered Light","floor":2,"damage_taken":0},{"event_name":"Liars Game","player_choice":"disagreed","floor":3,"damage_taken":0},{"event_name":"Beggar","player_choice":"Ignored","floor":20,"damage_taken":0},{"event_name":"Golden Shrine","player_choice":"Pray","floor":21,"damage_taken":0}],"boss_relics":[{"not_picked":["Coffee Dripper","Snecko Eye","Philosopher\u0027s Stone"]}],"items_purged_floors":[],"is_endless":false,"potions_floor_spawned":[1,13,14],"seed_played":"4057876512486544199","killed_by":"Slavers","ascension_level":2,"potions_obtained":[{"floor":1,"key":"SteroidPotion"},{"floor":13,"key":"SneckoOil"},{"floor":14,"key":"Dexterity Potion"}],"is_trial":false}