{"gold_per_floor":[119,139,149,110,110,110,137,137,162,162,182,194,205,230,230,309,309,320,339,355,455,536,536,561,561,561,221,231,23,43,59,59,137,187,207,220,492,542,562,562,96,146,172,172,222,222,234,244,244,244],"floor_reached":51,"playtime":5830,"items_purged":["Strike_R","Strike_R"],"score":1176,"play_id":"d8e5ef8e-2024-4f59-9f8f-1aeb77276347","local_time":"20190831233655","is_ascension_mode":true,"campfire_choices":[{"data":"Uppercut","floor":6,"key":"SMITH"},{"data":"Bash","floor":8,"key":"SMITH"},{"floor":10,"key":"REST"},{"data":"Whirlwind","floor":15,"key":"SMITH"},{"floor":23,"key":"REST"},{"data":"Power Through","floor":25,"key":"SMITH"},{"data":"Rampage","floor":32,"key":"SMITH"},{"data":"Burning Pact","floor":40,"key":"SMITH"},{"data":"Evolve","floor":44,"key":"SMITH"},{"data":"Apotheosis","floor":46,"key":"SMITH"},{"data":"Disarm","floor":49,"key":"SMITH"}],"neow_cost":"NONE","seed_source_timestamp":199648805466800,"circlet_count":0,"master_deck":["AscendersBane","Strike_R","Strike_R","Strike_R","Defend_R","Defend_R","Defend_R","Bash+1","Uppercut+1","Metallicize","Flame Barrier+1","Ghostly Armor","Evolve+1","Power Through+1","Whirlwind+1","Sever Soul","Feed","Rampage+1","Disarm+1","Feel No Pain+1","True Grit+1","Battle Trance","Feed","Feel No Pain","Blind","Burning Pact+1","Shrug It Off","Spot Weakness","Exhume","Battle Trance","Impervious","Apotheosis+1","Flash of Steel","Spot Weakness"],"relics":["Burning Blood","Regal Pillow","SsserpentHead","Centennial Puzzle","PreservedInsect","Pocketwatch","Mark of Pain","Red Mask","Sundial","Orichalcum","Medical Kit","Tiny House","Chemical X","Anchor","Pen Nib"],"potions_floor_usage":[7,14,22,22,50,50],"damage_taken":[{"damage":9,"enemies":"Jaw Worm","floor":1,"turns":6},{"damage":6,"enemies":"Cultist","floor":2,"turns":3},{"damage":5,"enemies":"2 Louse","floor":3,"turns":4},{"damage":38,"enemies":"Gremlin Nob","floor":7,"turns":5},{"damage":14,"enemies":"Blue Slaver","floor":11,"turns":4},{"damage":4,"enemies":"Exordium Wildlife","floor":12,"turns":5},{"damage":3,"enemies":"Looter","floor":13,"turns":4},{"damage":15,"enemies":"3 Sentries","floor":14,"turns":3},{"damage":40,"enemies":"Slime Boss","floor":16,"turns":10},{"damage":19,"enemies":"Spheric Guardian","floor":18,"turns":7},{"damage":7,"enemies":"3 Byrds","floor":19,"turns":4},{"damage":16,"enemies":"Centurion and Healer","floor":20,"turns":6},{"damage":46,"enemies":"Masked Bandits","floor":22,"turns":7},{"damage":11,"enemies":"Book of Stabbing","floor":24,"turns":6},{"damage":0,"enemies":"Snake Plant","floor":28,"turns":6},{"damage":1,"enemies":"Snecko","floor":30,"turns":5},{"damage":0,"enemies":"Shelled Parasite and Fungi","floor":31,"turns":8},{"damage":31,"enemies":"Champ","floor":33,"turns":18},{"damage":4,"enemies":"Orb Walker","floor":35,"turns":8},{"damage":13,"enemies":"3 Shapes","floor":36,"turns":7},{"damage":15,"enemies":"Spire Growth","floor":39,"turns":11},{"damage":0,"enemies":"3 Darklings","floor":47,"turns":5},{"damage":1,"enemies":"Sphere and 2 Shapes","floor":48,"turns":12},{"damage":28,"enemies":"Donu and Deca","floor":50,"turns":11}],"seed_played":"5062910929900455488","potions_obtained":[{"floor":1,"key":"Poison Potion"},{"floor":3,"key":"Dexterity Potion"},{"floor":11,"key":"SteroidPotion"},{"floor":13,"key":"BloodPotion"},{"floor":19,"key":"Weak Potion"},{"floor":22,"key":"Swift Potion"},{"floor":28,"key":"Swift Potion"},{"floor":34,"key":"Regen Potion"},{"floor":48,"key":"Dexterity Potion"}],"is_trial":false,"path_per_floor":["M","M","M","$","?","R","E","R","T","R","M","M","M","E","R","B",null,"M","M","M","?","?","R","E","R","T","$","M","$","M","M","R","B",null,"M","M","?","?","M","R","$","T","T","R","?","R","M","M","R","B",null],"character_chosen":"IRONCLAD","items_purchased":["Ghostly Armor","Medical Kit","Battle Trance","Feel No Pain","Blind","Burning Pact","Impervious","Chemical X"],"campfire_rested":2,"item_purchase_floors":[4,27,27,29,29,29,41,41],"current_hp_per_floor":[65,65,66,66,66,66,34,34,34,71,63,65,68,59,59,25,63,53,55,48,48,32,73,68,68,68,68,74,74,82,94,94,72,97,102,104,104,104,98,98,98,98,98,98,88,88,94,111,111,89],"gold":244,"neow_bonus":"RANDOM_COMMON_RELIC","is_prod":false,"is_daily":false,"chose_seed":false,"campfire_upgraded":9,"win_rate":0,"timestamp":1567262215,"path_taken":["M","M","M","$","?","R","E","R","T","R","M","M","M","E","R","BOSS","M","M","M","?","?","R","E","R","T","$","M","$","M","M","R","BOSS","M","M","?","?","M","R","$","?","T","R","?","R","M","M","R","BOSS"],"build_version":"2019-07-17","purchased_purges":2,"victory":true,"max_hp_per_floor":[75,75,75,75,75,75,75,75,75,75,75,75,75,75,75,75,75,78,81,84,84,87,87,87,87,87,87,87,87,90,96,96,99,104,107,116,116,116,119,119,119,119,119,119,119,119,119,131,131,131],"card_choices":[{"not_picked":["Burning Pact","Wild Strike"],"picked":"Uppercut","floor":1},{"not_picked":["Feel No Pain","Thunderclap"],"picked":"Metallicize","floor":2},{"not_picked":["True Grit","Fire Breathing"],"picked":"Flame Barrier","floor":3},{"not_picked":["Twin Strike","Reaper"],"picked":"Evolve","floor":7},{"not_picked":["Combust","Hemokinesis"],"picked":"Power Through","floor":11},{"not_picked":["Warcry","Clash","True Grit"],"picked":"SKIP","floor":12},{"not_picked":["True Grit","Clothesline"],"picked":"Whirlwind","floor":13},{"not_picked":["Pommel Strike","Warcry"],"picked":"Sever Soul","floor":14},{"not_picked":["Reaper","Juggernaut"],"picked":"Feed","floor":16},{"not_picked":["Warcry","Thunderclap"],"picked":"Rampage","floor":18},{"not_picked":["Headbutt","Shrug It Off"],"picked":"Disarm","floor":19},{"not_picked":["Fire Breathing","Perfected Strike","Wild Strike"],"picked":"SKIP","floor":20},{"not_picked":["Headbutt","Body Slam"],"picked":"Feel No Pain+1","floor":22},{"not_picked":["Iron Wave","Infernal Blade"],"picked":"True Grit+1","floor":24},{"not_picked":["Perfected Strike","Twin Strike"],"picked":"Feed","floor":28},{"not_picked":["Twin Strike","Clash"],"picked":"Shrug It Off","floor":30},{"not_picked":["Twin Strike+1","Searing Blow"],"picked":"Spot Weakness","floor":31},{"not_picked":["Impervious","Limit Break"],"picked":"Exhume","floor":33},{"not_picked":["Carnage","Perfected Strike","Sever Soul"],"picked":"SKIP","floor":35},{"not_picked":["Shrug It Off","Intimidate"],"picked":"Battle Trance","floor":36},{"not_picked":["Thunderclap+1","Perfected Strike","Twin Strike"],"picked":"SKIP","floor":39},{"not_picked":["Flash of Steel","PanicButton"],"picked":"Apotheosis","floor":45},{"not_picked":["Metamorphosis","The Bomb"],"picked":"Flash of Steel","floor":45},{"not_picked":["Clothesline+1","Thunderclap","Cleave"],"picked":"SKIP","floor":47},{"not_picked":["Havoc","Heavy Blade"],"picked":"Spot Weakness","floor":48}],"player_experience":528029,"relics_obtained":[{"floor":7,"key":"Centennial Puzzle"},{"floor":9,"key":"PreservedInsect"},{"floor":14,"key":"Pocketwatch"},{"floor":22,"key":"Red Mask"},{"floor":24,"key":"Sundial"},{"floor":26,"key":"Orichalcum"},{"floor":42,"key":"Anchor"},{"floor":43,"key":"Pen Nib"}],"event_choices":[{"damage_healed":0,"gold_gain":0,"player_choice":"Trade","damage_taken":0,"relics_obtained":["SsserpentHead"],"max_hp_gain":0,"max_hp_loss":0,"event_name":"FaceTrader","floor":5,"gold_loss":0},{"damage_healed":0,"gold_gain":50,"player_choice":"Stole From Cult","damage_taken":0,"max_hp_gain":0,"max_hp_loss":0,"event_name":"Nest","floor":21,"gold_loss":0},{"damage_healed":0,"gold_gain":0,"player_choice":"Fought Bandits","damage_taken":0,"max_hp_gain":0,"max_hp_loss":0,"event_name":"Masked Bandits","floor":22,"gold_loss":0},{"damage_healed":0,"gold_gain":222,"player_choice":"Wore Mask","damage_taken":0,"max_hp_gain":0,"max_hp_loss":0,"event_name":"Tomb of Lord Red Mask","floor":37,"gold_loss":0},{"cards_removed":["Defend_R"],"damage_healed":0,"gold_gain":0,"player_choice":"Removed Skill","damage_taken":0,"max_hp_gain":0,"max_hp_loss":0,"event_name":"Falling","floor":38,"gold_loss":0},{"damage_healed":0,"gold_gain":0,"player_choice":"Memory 3","damage_taken":10,"max_hp_gain":0,"max_hp_loss":0,"event_name":"SensoryStone","floor":45,"gold_loss":0}],"is_beta":false,"boss_relics":[{"not_picked":["Eternal Feather","Busted Crown"],"picked":"Mark of Pain"},{"not_picked":["Runic Pyramid","Runic Dome"],"picked":"Tiny House"}],"items_purged_floors":[27,41],"is_endless":false,"potions_floor_spawned":[1,3,11,13,19,22,28,31,36,39,48],"ascension_level":15}