{"gold_per_floor":[113,113,131,142,152,152,6,6,56,56,331,345,11,25,25,126,126,146,180,180,194,41,72,92,119,119,119,119,38,38,51,51,148,198,217,492,235,253,128,128,157,172,172,190,40,65,65,83,83,83],"floor_reached":51,"playtime":4021,"items_purged":["Regret","Regret","Strike_P","Defend_P"],"score":813,"play_id":"f7496fce-e30d-4690-80a2-26bc68b91f6a","local_time":"20190923233600","is_ascension_mode":true,"campfire_choices":[{"data":"BowlingBash","floor":6,"key":"SMITH"},{"data":"Protect","floor":8,"key":"SMITH"},{"data":"Devotion","floor":15,"key":"SMITH"},{"data":"Protect","floor":27,"key":"SMITH"},{"data":"Establishment","floor":30,"key":"SMITH"},{"data":"WindmillStrike","floor":32,"key":"SMITH"},{"data":"Devotion","floor":40,"key":"SMITH"},{"data":"Prostrate","floor":47,"key":"SMITH"},{"data":"Prostrate","floor":49,"key":"SMITH"}],"neow_cost":"NONE","seed_source_timestamp":101219696634100,"circlet_count":0,"master_deck":["Strike_P","Defend_P","Defend_P+1","Eruption+1","Vigilance","CutThroughFate","Devotion+1","Protect+1","BowlingBash+1","Protect+1","Pray","CrushJoints+1","ReachHeaven","Sanctity","Sanctity+1","Protect+1","Establishment+1","WindmillStrike+1","SandsOfTime","ClearTheMind","Flash of Steel","Devotion+1","Prostrate+1","Consecrate","CleanseEvil","Prostrate+1","Prostrate+1"],"relics":["Coffee Dripper","Medical Kit","Art of War","Meat on the Bone","Empty Cage","Red Mask","Lee\u0027s Waffle","Blood Vial","Ornamental Fan","HornCleat","Shuriken","Tiny House","Dream Catcher","Melange","CloakClasp"],"potions_floor_usage":[16,19,19,24,25,33,41,41,41,46,50],"damage_taken":[{"damage":0,"enemies":"Cultist","floor":1,"turns":3},{"damage":0,"enemies":"2 Louse","floor":3,"turns":2},{"damage":0,"enemies":"Small Slimes","floor":4,"turns":2},{"damage":1,"enemies":"Gremlin Gang","floor":5,"turns":5},{"damage":12,"enemies":"Red Slaver","floor":12,"turns":4},{"damage":0,"enemies":"Looter","floor":14,"turns":1},{"damage":5,"enemies":"The Guardian","floor":16,"turns":11},{"damage":11,"enemies":"Shell Parasite","floor":18,"turns":8},{"damage":51,"enemies":"Masked Bandits","floor":19,"turns":8},{"damage":3,"enemies":"Spheric Guardian","floor":21,"turns":5},{"damage":31,"enemies":"Gremlin Leader","floor":23,"turns":8},{"damage":16,"enemies":"Snake Plant","floor":24,"turns":4},{"damage":29,"enemies":"Slavers","floor":25,"turns":6},{"damage":1,"enemies":"Centurion and Healer","floor":31,"turns":7},{"damage":6,"enemies":"Automaton","floor":33,"turns":6},{"damage":22,"enemies":"3 Shapes","floor":35,"turns":4},{"damage":2,"enemies":"3 Darklings","floor":38,"turns":4},{"damage":33,"enemies":"Reptomancer","floor":41,"turns":5},{"damage":2,"enemies":"4 Shapes","floor":42,"turns":5},{"damage":0,"enemies":"Sphere and 2 Shapes","floor":44,"turns":5},{"damage":19,"enemies":"Nemesis","floor":46,"turns":7},{"damage":16,"enemies":"3 Darklings","floor":48,"turns":5},{"damage":3,"enemies":"Awakened One","floor":50,"turns":7}],"seed_played":"4987738485888507010","potions_obtained":[{"floor":3,"key":"Strength Potion"},{"floor":5,"key":"EssenceOfSteel"},{"floor":16,"key":"Strength Potion"},{"floor":19,"key":"PowerPotion"},{"floor":23,"key":"Regen Potion"},{"floor":31,"key":"FearPotion"},{"floor":33,"key":"AttackPotion"},{"floor":34,"key":"Weak Potion"},{"floor":35,"key":"EssenceOfSteel"},{"floor":41,"key":"AttackPotion"},{"floor":48,"key":"BottledMiracle"}],"is_trial":false,"path_per_floor":["M","?","M","M","M","R","$","R","T","?","?","M","$","M","R","B",null,"M","?","?","M","$","E","M","E","T","R","T","$","R","M","R","B",null,"M","?","$","M","$","R","E","M","T","M","$","E","R","M","R","B",null],"character_chosen":"WATCHER","items_purchased":["Medical Kit","Meat on the Bone","Lee\u0027s Waffle","Establishment","Flash of Steel","Devotion"],"campfire_rested":0,"item_purchase_floors":[7,13,22,29,37,37],"current_hp_per_floor":[65,65,65,65,64,64,64,64,64,64,64,52,52,52,52,47,65,54,15,15,24,72,41,39,24,24,24,24,24,24,37,37,45,77,55,55,55,55,55,55,36,48,48,50,50,45,45,43,43,42],"gold":83,"neow_bonus":"BOSS_RELIC","is_prod":false,"is_daily":false,"chose_seed":false,"campfire_upgraded":9,"win_rate":0,"timestamp":1569306960,"path_taken":["M","?","M","M","?","R","$","R","T","?","?","?","$","M","R","BOSS","M","?","?","?","$","E","M","E","T","R","?","$","R","?","R","BOSS","M","?","?","M","$","R","E","M","T","?","$","E","R","M","R","BOSS"],"build_version":"2019-09-23","purchased_purges":4,"victory":true,"max_hp_per_floor":[65,65,65,65,65,65,65,65,65,65,65,65,65,65,65,65,65,65,65,65,65,72,72,72,72,72,72,72,72,72,72,72,72,77,77,77,77,77,77,77,77,77,77,77,77,77,77,77,77,77],"card_choices":[{"not_picked":["FollowUp","Sanctity"],"picked":"CutThroughFate","floor":1},{"not_picked":["Sanctity","FearNoEvil"],"picked":"Devotion","floor":3},{"not_picked":["Meditate","BattleHymn"],"picked":"Protect","floor":4},{"not_picked":["JustLucky","Wireheading"],"picked":"BowlingBash","floor":5},{"not_picked":["Halt","ClearTheMind"],"picked":"Protect","floor":12},{"not_picked":["SignatureMove","CutThroughFate","BowlingBash"],"picked":"SKIP","floor":14},{"not_picked":["DeusExMachina","Metaphysics"],"picked":"Pray","floor":16},{"not_picked":["SashWhip","Crescendo+1"],"picked":"CrushJoints+1","floor":18},{"not_picked":["FlowState","EmptyBody"],"picked":"ReachHeaven","floor":19},{"not_picked":["Weave","ThirdEye"],"picked":"Sanctity","floor":21},{"not_picked":["Wireheading","SashWhip+1","EmptyBody+1"],"picked":"SKIP","floor":23},{"not_picked":["SashWhip","CrushJoints"],"picked":"Sanctity+1","floor":24},{"not_picked":["FollowUp","WaveOfTheHand"],"picked":"Protect+1","floor":25},{"not_picked":["Halt","Evaluate"],"picked":"WindmillStrike","floor":31},{"not_picked":["SashWhip","JustLucky"],"picked":"SandsOfTime","floor":34},{"not_picked":["EmptyFist","CleanseEvil"],"picked":"ClearTheMind","floor":35},{"not_picked":["Weave","EmptyBody+1"],"picked":"Prostrate","floor":38},{"not_picked":["Wireheading","Prostrate"],"picked":"Consecrate","floor":41},{"not_picked":["CutThroughFate+1","Fasting+1","CleanseEvil"],"picked":"SKIP","floor":42},{"not_picked":["CutThroughFate+1","Fasting+1"],"picked":"CleanseEvil","floor":42},{"not_picked":["FlyingSleeves+1","Unraveling"],"picked":"Prostrate+1","floor":44},{"not_picked":["EmptyBody","Scrawl+1","ClearTheMind"],"picked":"SKIP","floor":46},{"not_picked":["Fasting+1","SashWhip"],"picked":"Prostrate","floor":48}],"player_experience":762660,"relics_obtained":[{"floor":9,"key":"Art of War"},{"floor":19,"key":"Red Mask"},{"floor":23,"key":"Blood Vial"},{"floor":25,"key":"Ornamental Fan"},{"floor":26,"key":"HornCleat"},{"floor":28,"key":"Shuriken"},{"floor":41,"key":"Dream Catcher"},{"floor":43,"key":"Melange"},{"floor":46,"key":"CloakClasp"}],"event_choices":[{"damage_healed":0,"gold_gain":0,"player_choice":"Upgraded","damage_taken":0,"max_hp_gain":0,"max_hp_loss":0,"event_name":"Upgrade Shrine","floor":2,"gold_loss":0,"cards_upgraded":["Eruption"]},{"damage_healed":0,"gold_gain":0,"player_choice":"Fled","damage_taken":0,"max_hp_gain":0,"max_hp_loss":0,"event_name":"Scrap Ooze","floor":10,"gold_loss":0},{"damage_healed":0,"gold_gain":275,"player_choice":"Desecrate","damage_taken":0,"max_hp_gain":0,"max_hp_loss":0,"event_name":"Golden Shrine","floor":11,"gold_loss":0,"cards_obtained":["Regret"]},{"damage_healed":0,"gold_gain":0,"player_choice":"Fought Bandits","damage_taken":0,"max_hp_gain":0,"max_hp_loss":0,"event_name":"Masked Bandits","floor":19,"gold_loss":0},{"cards_removed":["Strike_P"],"damage_healed":0,"gold_gain":0,"player_choice":"Purged","damage_taken":0,"max_hp_gain":0,"max_hp_loss":0,"event_name":"Purifier","floor":20,"gold_loss":0},{"damage_healed":0,"gold_gain":275,"player_choice":"Desecrate","damage_taken":0,"max_hp_gain":0,"max_hp_loss":0,"event_name":"Golden Shrine","floor":36,"gold_loss":0,"cards_obtained":["Regret"]}],"is_beta":true,"boss_relics":[{"not_picked":["Black Star","Velvet Choker"],"picked":"Empty Cage"},{"not_picked":["Runic Dome","Snecko Eye"],"picked":"Tiny House"}],"items_purged_floors":[13,37,39,45],"is_endless":false,"potions_floor_spawned":[3,5,16,19,23,31,33,35,41,48],"ascension_level":3}