{"path_per_floor":["M","M","$","?","?","R","E","R","T","E","?","E","$","?","R","B",null,"M","M","?","M","$","R","E","M","T","E","M"],"character_chosen":"THE_SILENT","items_purchased":["Noxious Fumes","Cloak And Dagger","Oddly Smooth Stone"],"gold_per_floor":[114,129,9,9,9,9,39,39,64,94,94,154,4,4,4,104,104,119,134,134,149,74,74,104,119,119,149,164],"floor_reached":29,"campfire_rested":1,"playtime":1497,"current_hp_per_floor":[70,70,70,70,70,70,66,66,66,59,59,56,56,56,56,33,70,57,57,57,42,42,63,43,43,43,31,16],"items_purged":["Strike_G"],"gold":164,"score":279,"play_id":"3943cb6d-2c2f-4a36-8cb7-3d0a1ce583d2","local_time":"20180311233436","daily_mods":["Shiny","Elite Swarm","Lethality"],"is_prod":false,"is_daily":true,"is_ascension_mode":false,"campfire_upgraded":3,"timestamp":1520836476,"path_taken":["M","M","$","?","?","R","E","R","T","E","?","E","?","?","R","BOSS","M","M","?","M","$","R","E","?","T","E","?","M"],"build_version":"2018-03-08-BETA","purchased_purges":1,"victory":false,"master_deck":["Defend_G","Defend_G","Defend_G","Strike_G","Strike_G","Strike_G","Survivor","Neutralize+1","After Image+1","Blur","Dagger Spray","Noxious Fumes+1","Cloak And Dagger","Die Die Die","A Thousand Cuts+1","Terror","Crippling Poison+1","Malaise","Wraith Form","Flechettes","Decay","Adrenaline","Heel Hook"],"max_hp_per_floor":[70,70,70,70,70,70,70,70,70,70,70,70,70,70,70,70,70,70,70,70,70,70,70,70,70,70,70,70],"relics":["Ring of the Snake","Frozen Eye","Art of War","Pen Nib","Tiny Chest","Oddly Smooth Stone","Cursed Key","Sundial","Peace Pipe","Calipers"],"card_choices":[{"not_picked":["Flying Knee","Sucker Punch"],"picked":"Blur"},{"not_picked":["Dodge and Roll","Bouncing Flask"],"picked":"Dagger Spray"},{"not_picked":["Corpse Explosion","Grand Finale"],"picked":"Die Die Die"},{"not_picked":["Corpse Explosion","Envenom"],"picked":"A Thousand Cuts"},{"not_picked":["Quick Slash","Prepared"],"picked":"Terror"},{"not_picked":["Backflip","Dagger Spray"],"picked":"Crippling Poison"},{"not_picked":["Acrobatics","Backflip"],"picked":"Malaise"},{"not_picked":["A Thousand Cuts","Tools of the Trade"],"picked":"Wraith Form"},{"not_picked":["Concentrate","Poisoned Stab"],"picked":"Flechettes"},{"not_picked":["After Image","Glass Knife"],"picked":"Adrenaline"},{"not_picked":["Accuracy","Dodge and Roll"],"picked":"Heel Hook"}],"player_experience":343981,"potions_floor_usage":[7,7,10,24,24,27,29],"damage_taken":[{"damage":0,"enemies":"Small Slimes","floor":1,"turns":3},{"damage":0,"enemies":"2 Louse","floor":2,"turns":2},{"damage":4,"enemies":"3 Sentries","floor":7,"turns":3},{"damage":7,"enemies":"Gremlin Nob","floor":10,"turns":4},{"damage":3,"enemies":"Lagavulin","floor":12,"turns":6},{"damage":23,"enemies":"Slime Boss","floor":16,"turns":7},{"damage":13,"enemies":"2 Thieves","floor":18,"turns":3},{"damage":0,"enemies":"Chosen","floor":19,"turns":4},{"damage":15,"enemies":"Centurion and Healer","floor":21,"turns":5},{"damage":20,"enemies":"Gremlin Leader","floor":24,"turns":5},{"damage":0,"enemies":"Snake Plant","floor":25,"turns":5},{"damage":12,"enemies":"Book of Stabbing","floor":27,"turns":5},{"damage":15,"enemies":"3 Cultists","floor":28,"turns":3},{"damage":21,"enemies":"Cultist and Chosen","floor":29,"turns":3}],"event_choices":[{"event_name":"The Cleric","player_choice":"Leave","floor":4,"damage_taken":0},{"event_name":"Accursed Blacksmith","player_choice":"Forge","floor":5,"damage_taken":0},{"event_name":"Bonfire Elementals","player_choice":"BASIC","floor":11,"damage_taken":0},{"event_name":"Living Wall","player_choice":"Forget","floor":14,"damage_taken":0},{"event_name":"Back to Basics","player_choice":"Elegance","floor":20,"damage_taken":0}],"boss_relics":[{"not_picked":["Tiny House","Pandora\u0027s Box"],"picked":"Cursed Key"}],"potions_floor_spawned":[1,2,7,18,21,25,28],"seed_played":"-3661932950863109323","killed_by":"Cultist and Chosen","ascension_level":0,"is_trial":false}