{"gold_per_floor":[119,131,21,39,39,39,69,81,175,187,224,265,311,341,353,439,451,475,502,362,376,376,410,424,424,447,447,447,447,31,66,66,144,144,163,163,180,180,198,198,29,29,104,104,104,104,129,139,139,139,139,139,139,4,36,36],"floor_reached":57,"playtime":7691,"items_purged":["Anger","Strike_R","Strike_R"],"score":2668,"play_id":"592295f5-1a4b-43e5-a87b-7c00cfa45d24","local_time":"20190906124415","is_ascension_mode":true,"campfire_choices":[{"data":"Bash","floor":6,"key":"SMITH"},{"data":"Immolate","floor":8,"key":"SMITH"},{"data":"Battle Trance","floor":10,"key":"SMITH"},{"data":"Flame Barrier","floor":15,"key":"SMITH"},{"data":"Evolve","floor":25,"key":"SMITH"},{"data":"Spot Weakness","floor":27,"key":"SMITH"},{"data":"Shockwave","floor":29,"key":"SMITH"},{"data":"Inflame","floor":32,"key":"SMITH"},{"data":"Sword Boomerang","floor":40,"key":"SMITH"},{"floor":44,"key":"RECALL"},{"floor":46,"key":"REST"},{"data":"Heavy Blade","floor":49,"key":"SMITH"},{"data":"Chrysalis","floor":53,"key":"SMITH"}],"neow_cost":"NONE","seed_source_timestamp":209224737807200,"circlet_count":0,"master_deck":["AscendersBane","Defend_R","Defend_R","Defend_R","Defend_R","Bash+1","Wild Strike","Battle Trance+1","Immolate+1","Flame Barrier+1","Spot Weakness+1","Inflame+1","Impervious","Flame Barrier","Evolve+1","Shockwave+1","Reaper","Disarm","Limit Break","Wild Strike+1","Sever Soul+1","Flex+1","Corruption","Chrysalis+1","Parasite","Sword Boomerang+1","Feel No Pain","Madness","Madness","Heavy Blade+1","Seeing Red+1"],"relics":["Burning Blood","Omamori","Ancient Tea Set","MawBank","Blue Candle","Potion Belt","Odd Mushroom","Question Card","Snecko Eye","Mercury Hourglass","Red Skull","Anchor","Gambling Chip","Bronze Scales","Astrolabe","Nunchaku","Mummified Hand"],"potions_floor_usage":[7,16,21,33,33,50,55,56,56,56],"damage_taken":[{"damage":15,"enemies":"2 Louse","floor":1,"turns":4},{"damage":7,"enemies":"Jaw Worm","floor":2,"turns":2},{"damage":0,"enemies":"Small Slimes","floor":4,"turns":2},{"damage":20,"enemies":"Gremlin Nob","floor":7,"turns":4},{"damage":25,"enemies":"Lagavulin","floor":11,"turns":4},{"damage":0,"enemies":"The Mushroom Lair","floor":12,"turns":1},{"damage":10,"enemies":"3 Sentries","floor":13,"turns":3},{"damage":1,"enemies":"Looter","floor":14,"turns":2},{"damage":22,"enemies":"Slime Boss","floor":16,"turns":7},{"damage":0,"enemies":"3 Byrds","floor":18,"turns":2},{"damage":10,"enemies":"Shell Parasite","floor":19,"turns":5},{"damage":0,"enemies":"Snake Plant","floor":21,"turns":2},{"damage":30,"enemies":"Gremlin Leader","floor":23,"turns":5},{"damage":0,"enemies":"Chosen and Byrds","floor":24,"turns":4},{"damage":0,"enemies":"Slavers","floor":31,"turns":4},{"damage":64,"enemies":"Automaton","floor":33,"turns":9},{"damage":8,"enemies":"3 Darklings","floor":35,"turns":2},{"damage":0,"enemies":"Orb Walker","floor":37,"turns":2},{"damage":21,"enemies":"Writhing Mass","floor":39,"turns":6},{"damage":26,"enemies":"Nemesis","floor":47,"turns":7},{"damage":4,"enemies":"Transient","floor":48,"turns":6},{"damage":22,"enemies":"Time Eater","floor":50,"turns":11},{"damage":32,"enemies":"Donu and Deca","floor":51,"turns":6},{"damage":14,"enemies":"Shield and Spear","floor":55,"turns":6},{"damage":55,"enemies":"The Heart","floor":56,"turns":7}],"seed_played":"7140134877783783010","potions_obtained":[{"floor":12,"key":"Strength Potion"},{"floor":13,"key":"Poison Potion"},{"floor":16,"key":"Poison Potion"},{"floor":18,"key":"Fire Potion"},{"floor":23,"key":"Dexterity Potion"},{"floor":37,"key":"LiquidBronze"},{"floor":47,"key":"Ancient Potion"}],"is_trial":false,"path_per_floor":["M","M","$","M","?","R","E","R","T","R","E","?","E","M","R","B",null,"M","M","$","M","?","E","M","R","T","R","?","R","$","E","R","B",null,"M","?","M","?","M","R","$","?","T","R","$","R","E","M","R","B","B",null,"R","$","E","B",null],"character_chosen":"IRONCLAD","items_purchased":["Strength Potion","Block Potion","Evolve","Gambling Chip","Feel No Pain","Regen Potion","Fire Potion"],"campfire_rested":1,"item_purchase_floors":[3,3,20,30,41,54,54],"current_hp_per_floor":[59,58,58,64,64,64,50,50,50,50,31,37,33,38,38,22,62,68,64,64,70,70,46,52,52,52,52,52,52,52,75,75,27,63,73,73,75,65,50,50,50,36,36,36,36,58,69,75,75,75,75,75,75,75,75,43],"gold":36,"neow_bonus":"RANDOM_COMMON_RELIC","is_prod":false,"is_daily":false,"chose_seed":false,"campfire_upgraded":11,"win_rate":0,"timestamp":1567741455,"path_taken":["M","M","$","M","?","R","E","R","T","R","E","?","E","M","R","BOSS","M","M","$","M","?","E","M","R","T","R","?","R","$","E","R","BOSS","M","?","M","?","M","R","$","?","T","R","?","R","E","M","R","BOSS","BOSS","R","$","E","BOSS"],"build_version":"2019-07-17","purchased_purges":3,"victory":true,"max_hp_per_floor":[75,75,75,75,75,75,75,75,75,75,75,75,75,75,75,75,75,75,75,75,75,75,75,75,75,75,75,75,75,75,75,75,75,75,75,75,75,75,75,75,75,75,75,75,75,75,75,75,75,75,75,75,75,75,75,75],"card_choices":[{"not_picked":["Heavy Blade","Flex"],"picked":"Wild Strike","floor":1},{"not_picked":["Cleave","Sever Soul"],"picked":"Anger","floor":2},{"not_picked":["Body Slam","Clothesline"],"picked":"Battle Trance","floor":4},{"not_picked":["Burning Pact","Rupture"],"picked":"Immolate","floor":7},{"not_picked":["Sever Soul","Blood for Blood"],"picked":"Flame Barrier","floor":11},{"not_picked":["Body Slam","Iron Wave"],"picked":"Spot Weakness","floor":12},{"not_picked":["Combust","Fire Breathing","Carnage"],"picked":"SKIP","floor":13},{"not_picked":["Thunderclap","Armaments","Warcry"],"picked":"Inflame","floor":14},{"not_picked":["Barricade","Dark Embrace","Brutality"],"picked":"Impervious","floor":16},{"not_picked":["Anger","Feel No Pain","Body Slam","Cleave"],"picked":"SKIP","floor":18},{"not_picked":["Anger","Feel No Pain","Body Slam","Cleave"],"picked":"SKIP","floor":18},{"not_picked":["Iron Wave+1","Heavy Blade","Headbutt"],"picked":"Flame Barrier","floor":19},{"not_picked":["Disarm+1","Wild Strike","Headbutt"],"picked":"Shockwave","floor":21},{"not_picked":["Iron Wave","Blood for Blood+1","Inflame"],"picked":"Reaper","floor":23},{"not_picked":["Intimidate","Flame Barrier","Pommel Strike"],"picked":"Clothesline","floor":24},{"not_picked":["Perfected Strike","Armaments+1","Flex"],"picked":"Disarm","floor":31},{"not_picked":["Dark Embrace","Impervious","Double Tap"],"picked":"Limit Break","floor":33},{"not_picked":["Thunderclap+1","Headbutt","Battle Trance"],"picked":"Corruption","floor":35},{"not_picked":["Perfected Strike+1","Cleave","Warcry","Wild Strike"],"picked":"SKIP","floor":37},{"not_picked":["Swift Strike","Madness","Forethought"],"picked":"Chrysalis","floor":38},{"not_picked":["Cleave","Havoc","Power Through"],"picked":"Sword Boomerang","floor":39},{"not_picked":["Wild Strike+1","Twin Strike","Power Through"],"picked":"Heavy Blade","floor":47},{"not_picked":["Searing Blow","Hemokinesis","Warcry"],"picked":"Seeing Red+1","floor":48},{"not_picked":["Feed","Sword Boomerang","Armaments","Flex"],"picked":"SKIP","floor":55}],"player_experience":639311,"relics_obtained":[{"floor":7,"key":"MawBank"},{"floor":9,"key":"Blue Candle"},{"floor":11,"key":"Potion Belt"},{"floor":12,"key":"Odd Mushroom"},{"floor":13,"key":"Question Card"},{"floor":23,"key":"Red Skull"},{"floor":26,"key":"Anchor"},{"floor":31,"key":"Bronze Scales"},{"floor":47,"key":"Nunchaku"},{"floor":55,"key":"Mummified Hand"}],"event_choices":[{"damage_healed":0,"gold_gain":0,"player_choice":"Box","damage_taken":0,"relics_obtained":["Ancient Tea Set"],"max_hp_gain":0,"max_hp_loss":0,"event_name":"Big Fish","floor":5,"gold_loss":0,"cards_obtained":["Regret"]},{"damage_healed":0,"gold_gain":0,"player_choice":"Fought Mushrooms","damage_taken":0,"max_hp_gain":0,"max_hp_loss":0,"event_name":"Mushrooms","floor":12,"gold_loss":0},{"damage_healed":0,"gold_gain":0,"player_choice":"Opened","damage_taken":0,"relics_obtained":["Mercury Hourglass"],"max_hp_gain":0,"max_hp_loss":0,"event_name":"The Mausoleum","floor":22,"gold_loss":0,"cards_obtained":["Writhe"]},{"damage_healed":0,"gold_gain":0,"player_choice":"Ignored","damage_taken":0,"max_hp_gain":0,"max_hp_loss":0,"event_name":"Vampires","floor":28,"gold_loss":0},{"cards_removed":["Clothesline"],"damage_healed":0,"gold_gain":0,"player_choice":"Removed Attack","damage_taken":0,"max_hp_gain":0,"max_hp_loss":0,"event_name":"Falling","floor":36,"gold_loss":0},{"damage_healed":0,"gold_gain":0,"player_choice":"Memory 3","damage_taken":10,"max_hp_gain":0,"max_hp_loss":0,"event_name":"SensoryStone","floor":38,"gold_loss":0},{"damage_healed":0,"gold_gain":0,"player_choice":"Embrace Madness","damage_taken":14,"max_hp_gain":0,"max_hp_loss":0,"event_name":"Winding Halls","floor":42,"gold_loss":0,"cards_obtained":["Madness","Madness"]}],"is_beta":false,"boss_relics":[{"not_picked":["Empty Cage","Runic Cube"],"picked":"Snecko Eye"},{"not_picked":["Tiny House","Orrery"],"picked":"Astrolabe"}],"items_purged_floors":[20,30,41],"is_endless":false,"potions_floor_spawned":[4,12,13,16,18,23,31,37,47],"ascension_level":20}