{"gold_per_floor":[12,12,87,102,102,102,123,139,165,165,165,200,214,164,164,290,290,304,318,318,593,22,22,42,42,118,136,155,0,0,18,18,141,141,160,181,181,38,56,56,76,76,158,158,176,176,196,217,217,217],"floor_reached":50,"playtime":4524,"items_purged":["Regret"],"score":471,"play_id":"25ff07e0-4c66-43de-90ee-b45016d2f537","local_time":"20190916062828","is_ascension_mode":false,"campfire_choices":[{"floor":6,"key":"REST"},{"data":"Devotion","floor":15,"key":"SMITH"},{"data":"Nirvana","floor":23,"key":"SMITH"},{"data":"Judgement","floor":25,"key":"SMITH"},{"data":"Eruption","floor":32,"key":"SMITH"},{"floor":40,"key":"REST"},{"data":"Devotion","floor":42,"key":"SMITH"},{"data":"Blind","floor":46,"key":"SMITH"},{"floor":49,"key":"REST"}],"neow_cost":"NO_GOLD","seed_source_timestamp":201542706915700,"circlet_count":0,"master_deck":["Eruption+1","Vigilance","Consecrate","WreathOfFlame","ThirdEye","EmptyFist","Devotion+1","Weave","Judgement+1","PathToVictory","ClearTheMind","Nirvana+1","Collect","PathToVictory","FollowUp","Swivel","Sanctity","FlurryOfBlows+1","CrushJoints","JustLucky","FearNoEvil+1","Pray","EmptyMind","Master of Strategy","Blind+1","Devotion+1","FlurryOfBlows","BowlingBash","CarveReality+1","Scrawl+1","MentalFortress+1","PathToVictory+1","ClearTheMind"],"relics":["PureWater","CaptainsWheel","Golden Idol","Dream Catcher","Bag of Marbles","Pandora\u0027s Box","Anchor","Calipers","Gremlin Horn","Oddly Smooth Stone","Mummified Hand","Busted Crown","Bottled Flame"],"potions_floor_usage":[12,12,13,16,33,33,33,36,50,50,50,50],"damage_taken":[{"damage":0,"enemies":"2 Louse","floor":1,"turns":1},{"damage":0,"enemies":"Cultist","floor":4,"turns":2},{"damage":1,"enemies":"Jaw Worm","floor":7,"turns":2},{"damage":3,"enemies":"Large Slime","floor":8,"turns":4},{"damage":9,"enemies":"3 Sentries","floor":12,"turns":6},{"damage":0,"enemies":"Blue Slaver","floor":13,"turns":4},{"damage":47,"enemies":"Slime Boss","floor":16,"turns":11},{"damage":0,"enemies":"Chosen","floor":18,"turns":4},{"damage":0,"enemies":"3 Byrds","floor":19,"turns":4},{"damage":0,"enemies":"Centurion and Healer","floor":24,"turns":5},{"damage":1,"enemies":"Shelled Parasite and Fungi","floor":27,"turns":5},{"damage":0,"enemies":"Snake Plant","floor":28,"turns":2},{"damage":0,"enemies":"3 Cultists","floor":31,"turns":5},{"damage":3,"enemies":"Champ","floor":33,"turns":9},{"damage":4,"enemies":"3 Shapes","floor":35,"turns":4},{"damage":0,"enemies":"3 Darklings","floor":36,"turns":4},{"damage":17,"enemies":"Writhing Mass","floor":39,"turns":6},{"damage":0,"enemies":"Jaw Worm Horde","floor":41,"turns":3},{"damage":0,"enemies":"Sphere and 2 Shapes","floor":45,"turns":2},{"damage":18,"enemies":"Maw","floor":47,"turns":5},{"damage":2,"enemies":"4 Shapes","floor":48,"turns":4},{"damage":78,"enemies":"Awakened One","floor":50,"turns":8}],"seed_played":"3699687903794250492","potions_obtained":[{"floor":1,"key":"Weak Potion"},{"floor":4,"key":"Dexterity Potion"},{"floor":5,"key":"Dexterity Potion"},{"floor":13,"key":"Poison Potion"},{"floor":18,"key":"Block Potion"},{"floor":28,"key":"Energy Potion"},{"floor":31,"key":"GamblersBrew"},{"floor":33,"key":"SkillPotion"},{"floor":35,"key":"Strength Potion"},{"floor":41,"key":"EntropicBrew"}],"is_trial":false,"path_per_floor":["M","?","?","M","?","R","M","M","T","$","?","E","M","?","R","B",null,"M","M","?","?","$","R","M","R","T","M","M","$","T","M","R","B",null,"M","M","?","$","M","R","M","R","T","?","M","R","M","M","R","B"],"character_chosen":"WATCHER","items_purchased":["Anchor","Calipers","CrushJoints","Oddly Smooth Stone","Devotion","FlurryOfBlows"],"campfire_rested":3,"item_purchase_floors":[22,22,22,29,38,38],"current_hp_per_floor":[65,49,38,38,38,57,56,53,53,53,58,49,49,49,49,2,70,70,70,57,57,57,57,57,57,57,56,56,56,56,56,56,53,75,71,71,66,66,49,71,71,71,71,71,71,71,53,51,73,0],"gold":217,"neow_bonus":"ONE_RARE_RELIC","is_prod":false,"is_daily":false,"chose_seed":false,"campfire_upgraded":6,"win_rate":0,"timestamp":1568640508,"path_taken":["M","?","?","M","?","R","?","M","T","?","?","E","M","?","R","BOSS","M","M","?","?","$","R","M","R","T","?","M","$","?","M","R","BOSS","M","M","?","$","M","R","M","R","T","?","M","R","M","?","R","BOSS"],"build_version":"2019-09-12","purchased_purges":1,"victory":false,"max_hp_per_floor":[65,65,65,65,65,65,65,65,65,65,70,70,70,70,70,70,70,70,70,75,75,75,75,75,75,75,75,75,75,75,75,75,75,75,75,75,75,75,75,75,75,75,75,75,75,75,75,75,75,75],"card_choices":[{"not_picked":["InnerPeace","CleanseEvil"],"picked":"Consecrate","floor":1},{"not_picked":["EmptyMind","Wireheading"],"picked":"WreathOfFlame","floor":4},{"not_picked":["Prostrate","FollowUp"],"picked":"ThirdEye","floor":7},{"not_picked":["EmptyMind","BowlingBash"],"picked":"EmptyFist","floor":8},{"not_picked":["Halt","EmptyMind"],"picked":"Devotion","floor":12},{"not_picked":["Establishment","Halt"],"picked":"Weave","floor":13},{"not_picked":["Metaphysics","Brilliance"],"picked":"Judgement","floor":16},{"not_picked":["Swivel","Halt"],"picked":"Sanctity","floor":18},{"not_picked":["ThirdEye","EmptyMind+1"],"picked":"FlurryOfBlows+1","floor":19},{"not_picked":["EmptyFist","Weave+1"],"picked":"JustLucky","floor":24},{"not_picked":["Clarity+1","EmptyFist+1","Consecrate+1"],"picked":"SKIP","floor":27},{"not_picked":["Wish","WaveOfTheHand"],"picked":"FearNoEvil+1","floor":28},{"not_picked":["Swivel","EmptyFist","Sanctity"],"picked":"SKIP","floor":31},{"not_picked":["Unraveling","Omniscience"],"picked":"Pray","floor":33},{"not_picked":["SpiritShield+1"],"picked":"SKIP","floor":35},{"not_picked":[],"picked":"EmptyMind","floor":36},{"not_picked":[],"picked":"Master of Strategy","floor":37},{"not_picked":[],"picked":"Blind","floor":37},{"not_picked":[],"picked":"BowlingBash","floor":39},{"not_picked":[],"picked":"CarveReality+1","floor":40},{"not_picked":[],"picked":"Scrawl+1","floor":41},{"not_picked":[],"picked":"MentalFortress+1","floor":45},{"not_picked":[],"picked":"PathToVictory+1","floor":47},{"not_picked":["Scrawl"],"picked":"SKIP","floor":48},{"not_picked":[],"picked":"ClearTheMind","floor":49}],"player_experience":711435,"relics_obtained":[{"floor":9,"key":"Dream Catcher"},{"floor":12,"key":"Bag of Marbles"},{"floor":26,"key":"Gremlin Horn"},{"floor":30,"key":"Mummified Hand"},{"floor":43,"key":"Bottled Flame"}],"event_choices":[{"damage_healed":0,"gold_gain":0,"player_choice":"Take Damage","damage_taken":16,"relics_obtained":["Golden Idol"],"max_hp_gain":0,"max_hp_loss":0,"event_name":"Golden Idol","floor":2,"gold_loss":0},{"damage_healed":0,"gold_gain":75,"player_choice":"Gather Gold","damage_taken":11,"max_hp_gain":0,"max_hp_loss":0,"event_name":"World of Goop","floor":3,"gold_loss":0},{"damage_healed":0,"gold_gain":0,"player_choice":"Got Potions","damage_taken":0,"max_hp_gain":0,"max_hp_loss":0,"event_name":"Lab","floor":5,"gold_loss":0},{"damage_healed":0,"gold_gain":0,"player_choice":"Donut","damage_taken":0,"max_hp_gain":5,"max_hp_loss":0,"event_name":"Big Fish","floor":11,"gold_loss":0},{"cards_removed":["Strike_P"],"damage_healed":0,"gold_gain":0,"player_choice":"Card Removal","damage_taken":0,"max_hp_gain":0,"max_hp_loss":0,"event_name":"The Cleric","floor":14,"gold_loss":50},{"damage_healed":0,"gold_gain":0,"player_choice":"Shed Blood","damage_taken":18,"max_hp_gain":5,"max_hp_loss":0,"event_name":"Forgotten Altar","floor":20,"gold_loss":0},{"damage_healed":0,"gold_gain":275,"player_choice":"Desecrate","damage_taken":0,"max_hp_gain":0,"max_hp_loss":0,"event_name":"Golden Shrine","floor":21,"gold_loss":0,"cards_obtained":["Regret"]},{"damage_healed":0,"gold_gain":0,"player_choice":"Memory 2","damage_taken":5,"max_hp_gain":0,"max_hp_loss":0,"event_name":"SensoryStone","floor":37,"gold_loss":0},{"damage_healed":0,"gold_gain":0,"player_choice":"Ignored","damage_taken":0,"max_hp_gain":0,"max_hp_loss":0,"event_name":"Mysterious Sphere","floor":44,"gold_loss":0}],"is_beta":true,"boss_relics":[{"not_picked":["SacredBark","Fusion Hammer"],"picked":"Pandora\u0027s Box"},{"not_picked":["Philosopher\u0027s Stone","SlaversCollar"],"picked":"Busted Crown"}],"items_purged_floors":[22],"is_endless":false,"potions_floor_spawned":[1,4,13,18,28,31,33,35,41],"killed_by":"Awakened One","ascension_level":0}