{"gold_per_floor":[109,184,203,128,128,128,157,167,167,167,197,197,231,242,242,318,318,336,336,55,74,74,74,407,407,407,418,431,169,204,254,254,254],"floor_reached":33,"playtime":998,"items_purged":[],"score":702,"play_id":"6d86dbc8-8bd8-43be-8471-ecd683d0371c","local_time":"20190930155747","is_ascension_mode":true,"campfire_choices":[{"data":"Anger","floor":6.0,"key":"SMITH"},{"data":"Flame Barrier","floor":10.0,"key":"SMITH"},{"data":"Bash","floor":12.0,"key":"SMITH"},{"data":"Headbutt","floor":15.0,"key":"SMITH"},{"floor":23.0,"key":"REST"},{"floor":32,"key":"REST"}],"neow_cost":"NONE","seed_source_timestamp":1179233949665800,"circlet_count":0,"master_deck":["AscendersBane","Strike_R+1","Strike_R+1","Strike_R+1","Strike_R+1","Defend_R+1","Defend_R+1","Defend_R+1","Defend_R+1","Bash+1","Anger+1","Headbutt+1","Flame Barrier+1","Power Through","Battle Trance","Fiend Fire+1","Armaments+1","Shrug It Off+1","Battle Trance+1","Entrench+1","Discovery+1","Evolve"],"special_seed":0,"relics":["Burning Blood","NeowsBlessing","Regal Pillow","PreservedInsect","Shuriken","Oddly Smooth Stone","Gremlin Horn","Fusion Hammer","Toxic Egg 2","Old Coin","Matryoshka","Omamori","Blue Candle"],"potions_floor_usage":[33],"damage_taken":[{"damage":0.0,"enemies":"Jaw Worm","floor":1.0,"turns":1.0},{"damage":0.0,"enemies":"Small Slimes","floor":3.0,"turns":1.0},{"damage":0.0,"enemies":"3 Sentries","floor":7.0,"turns":1.0},{"damage":0.0,"enemies":"2 Louse","floor":8.0,"turns":3.0},{"damage":19.0,"enemies":"Lagavulin","floor":11.0,"turns":5.0},{"damage":32.0,"enemies":"Gremlin Nob","floor":13.0,"turns":4.0},{"damage":7.0,"enemies":"Exordium Thugs","floor":14.0,"turns":5.0},{"damage":24.0,"enemies":"Hexaghost","floor":16.0,"turns":8.0},{"damage":6.0,"enemies":"3 Byrds","floor":18.0,"turns":2.0},{"damage":6.0,"enemies":"Chosen","floor":21.0,"turns":3.0},{"damage":24.0,"enemies":"Book of Stabbing","floor":24.0,"turns":5.0},{"damage":3.0,"enemies":"3 Cultists","floor":27.0,"turns":5.0},{"damage":0,"enemies":"Cultist and Chosen","floor":28,"turns":5},{"damage":0,"enemies":"Gremlin Leader","floor":30,"turns":3},{"damage":82,"enemies":"Collector","floor":33,"turns":10}],"seed_played":"-8831721964662207093","potions_obtained":[{"floor":3.0,"key":"SkillPotion"},{"floor":13.0,"key":"Fruit Juice"},{"floor":16.0,"key":"Energy Potion"},{"floor":21.0,"key":"AttackPotion"},{"floor":24.0,"key":"EssenceOfSteel"}],"is_trial":false,"path_per_floor":["M","?","M","?","?","R","E","M","T","R","E","R","E","M","R","B",null,"M","?","$","M","?","R","E","?","T","M","M","$","E","?","R","B"],"character_chosen":"IRONCLAD","items_purchased":["Toxic Egg 2","Discovery+1","Omamori"],"campfire_rested":2,"item_purchase_floors":[20,29,29],"current_hp_per_floor":[74,63,69,69,58,58,64,70,70,70,57,57,36,35,35,17,64,64,64,64,64,64,80,62,62,62,65,71,71,77,69,80,0],"gold":254,"neow_bonus":"THREE_ENEMY_KILL","is_prod":false,"is_daily":false,"chose_seed":false,"campfire_upgraded":4,"win_rate":0,"timestamp":1569884267,"path_taken":["M","?","M","?","?","R","E","M","T","R","E","R","E","?","R","BOSS","M","?","?","M","?","R","E","?","T","M","?","$","E","?","R","BOSS"],"build_version":"2019-09-27","purchased_purges":0,"victory":false,"max_hp_per_floor":[75,75,75,75,75,75,75,75,75,75,75,75,80,80,80,80,80,80,80,80,80,80,80,80,80,80,80,80,80,80,80,80,80],"card_choices":[{"not_picked":["Clash","Shockwave"],"picked":"Anger","floor":1.0},{"not_picked":["Thunderclap","Sever Soul","Flex"],"picked":"SKIP","floor":3.0},{"not_picked":["Iron Wave","Seeing Red"],"picked":"Headbutt","floor":7.0},{"not_picked":["Clash","Havoc"],"picked":"Flame Barrier","floor":8.0},{"not_picked":["Sword Boomerang","Shrug It Off"],"picked":"Power Through","floor":11.0},{"not_picked":["Anger","Fire Breathing"],"picked":"Battle Trance","floor":13.0},{"not_picked":["Infernal Blade","Pommel Strike","Sword Boomerang"],"picked":"SKIP","floor":14.0},{"not_picked":["Barricade","Offering"],"picked":"Fiend Fire","floor":16.0},{"not_picked":["Heavy Blade","Dropkick"],"picked":"Armaments+1","floor":18.0},{"not_picked":["Havoc+1","Pommel Strike","Twin Strike"],"picked":"SKIP","floor":21.0},{"not_picked":["Warcry+1","Perfected Strike"],"picked":"Shrug It Off+1","floor":24.0},{"not_picked":["Rampage","Clash","Fire Breathing"],"picked":"SKIP","floor":27.0},{"not_picked":["Corruption","Sentinel+1"],"picked":"Entrench+1","floor":28},{"not_picked":["Clash","Infernal Blade+1"],"picked":"Evolve","floor":30}],"player_experience":1146530,"relics_obtained":[{"floor":7.0,"key":"PreservedInsect"},{"floor":9.0,"key":"Shuriken"},{"floor":11.0,"key":"Oddly Smooth Stone"},{"floor":13.0,"key":"Gremlin Horn"},{"floor":24.0,"key":"Old Coin"},{"floor":26.0,"key":"Matryoshka"},{"floor":30,"key":"Blue Candle"}],"event_choices":[{"damage_healed":0.0,"max_hp_gain":0.0,"max_hp_loss":0.0,"gold_gain":75.0,"event_name":"World of Goop","player_choice":"Gather Gold","floor":2.0,"gold_loss":0.0,"damage_taken":11.0},{"cards_removed":["Strike_R"],"damage_healed":0.0,"max_hp_gain":0.0,"max_hp_loss":0.0,"gold_gain":0.0,"event_name":"The Cleric","player_choice":"Card Removal","floor":4.0,"gold_loss":75.0,"damage_taken":0.0},{"damage_healed":0.0,"max_hp_gain":0.0,"max_hp_loss":0.0,"gold_gain":0.0,"event_name":"Scrap Ooze","player_choice":"Success","floor":5.0,"gold_loss":0.0,"damage_taken":11.0,"relics_obtained":["Regal Pillow"]},{"damage_healed":0.0,"max_hp_gain":0.0,"max_hp_loss":0.0,"gold_gain":0.0,"event_name":"Upgrade Shrine","player_choice":"Upgraded","floor":19.0,"gold_loss":0.0,"damage_taken":0.0,"cards_upgraded":["Fiend Fire"]},{"damage_healed":0.0,"max_hp_gain":0.0,"max_hp_loss":0.0,"gold_gain":0.0,"event_name":"Back to Basics","player_choice":"Simplicity","floor":22.0,"gold_loss":0.0,"damage_taken":0.0,"cards_upgraded":["Strike_R","Strike_R","Strike_R","Strike_R","Defend_R","Defend_R","Defend_R","Defend_R"]},{"damage_healed":0.0,"max_hp_gain":0.0,"max_hp_loss":0.0,"gold_gain":0.0,"event_name":"The Library","player_choice":"Read","floor":25.0,"gold_loss":0.0,"damage_taken":0.0,"cards_obtained":["Battle Trance"]},{"damage_healed":0,"gold_gain":50,"player_choice":"Touch","damage_taken":8,"max_hp_gain":0,"max_hp_loss":0,"event_name":"FaceTrader","floor":31,"gold_loss":0}],"is_beta":true,"boss_relics":[{"not_picked":["Pandora\u0027s Box","SacredBark"],"picked":"Fusion Hammer"}],"items_purged_floors":[],"is_endless":false,"potions_floor_spawned":[3,13,16,21,24],"killed_by":"Collector","ascension_level":20}