{"gold_per_floor":[112,125,139,149,162,192,206,221,270,346,346,376,376,394,394,394],"floor_reached":16,"playtime":917,"items_purged":[],"score":116,"play_id":"cd1675bc-fc6c-4389-acc2-2f97d4cd6824","local_time":"20190317160347","is_ascension_mode":false,"campfire_choices":[{"floor":11,"key":"RECALL"},{"floor":15,"key":"REST"}],"neow_cost":"CURSE","seed_source_timestamp":21145195562145,"circlet_count":0,"master_deck":["Strike_R","Strike_R","Strike_R","Strike_R","Strike_R","Defend_R","Defend_R","Defend_R","Defend_R","Bash","Injury","Pummel","Ghostly Armor","Infernal Blade","Hemokinesis","Whirlwind","Intimidate","Burning Pact","Disarm","Uppercut","True Grit"],"relics":["Burning Blood","Charon\u0027s Ashes","Prayer Wheel","Shuriken","FaceOfCleric"],"potions_floor_usage":[7,12,16],"damage_taken":[{"damage":8,"enemies":"Jaw Worm","floor":1,"turns":4},{"damage":7,"enemies":"Small Slimes","floor":2,"turns":3},{"damage":0,"enemies":"Cultist","floor":3,"turns":2},{"damage":6,"enemies":"Exordium Wildlife","floor":4,"turns":2},{"damage":5,"enemies":"Lots of Slimes","floor":5,"turns":3},{"damage":35,"enemies":"3 Sentries","floor":6,"turns":6},{"damage":3,"enemies":"Large Slime","floor":7,"turns":3},{"damage":14,"enemies":"3 Louse","floor":8,"turns":2},{"damage":32,"enemies":"Lagavulin","floor":12,"turns":6},{"damage":13,"enemies":"2 Fungi Beasts","floor":14,"turns":3},{"damage":41,"enemies":"Slime Boss","floor":16,"turns":5}],"seed_played":"-4410224024969778539","potions_obtained":[{"floor":1,"key":"FearPotion"},{"floor":6,"key":"Weak Potion"},{"floor":8,"key":"Weak Potion"}],"is_trial":false,"path_per_floor":["M","M","M","M","M","E","M","M","T","?","R","E","?","M","R","B"],"character_chosen":"IRONCLAD","items_purchased":[],"campfire_rested":1,"item_purchase_floors":[],"current_hp_per_floor":[78,77,80,80,80,51,54,46,46,46,46,20,20,14,38,0],"gold":394,"neow_bonus":"ONE_RARE_RELIC","is_prod":false,"is_daily":false,"chose_seed":false,"campfire_upgraded":0,"win_rate":0,"timestamp":1552853027,"path_taken":["M","M","M","M","M","E","M","M","T","?","R","E","?","M","R","BOSS"],"build_version":"2019-01-23","purchased_purges":0,"victory":false,"max_hp_per_floor":[80,80,80,80,80,80,80,80,80,80,80,80,80,81,81,81],"card_choices":[{"not_picked":["Ghostly Armor","Clothesline"],"picked":"Pummel","floor":1},{"not_picked":["Twin Strike","Flex"],"picked":"Ghostly Armor","floor":2},{"not_picked":["Headbutt","Sword Boomerang"],"picked":"Infernal Blade","floor":3},{"not_picked":["Wild Strike","Power Through","Heavy Blade"],"picked":"SKIP","floor":4},{"not_picked":["Body Slam","Rupture"],"picked":"Hemokinesis","floor":5},{"not_picked":["Brutality","Rupture"],"picked":"Whirlwind","floor":6},{"not_picked":["Perfected Strike","Sword Boomerang"],"picked":"Intimidate","floor":7},{"not_picked":["Power Through","Thunderclap","Sever Soul"],"picked":"SKIP","floor":7},{"not_picked":["Power Through","Feel No Pain"],"picked":"Burning Pact","floor":8},{"not_picked":["Shrug It Off","Inflame"],"picked":"Disarm","floor":8},{"not_picked":["Warcry","Twin Strike","Entrench"],"picked":"SKIP","floor":12},{"not_picked":["Perfected Strike","Cleave"],"picked":"Uppercut","floor":14},{"not_picked":["Armaments","Wild Strike"],"picked":"True Grit","floor":14}],"player_experience":75486,"relics_obtained":[{"floor":6,"key":"Prayer Wheel"},{"floor":12,"key":"Shuriken"}],"event_choices":[{"damage_healed":0,"gold_gain":76,"player_choice":"Gained Gold","damage_taken":0,"max_hp_gain":0,"max_hp_loss":0,"event_name":"Golden Wing","floor":10,"gold_loss":0},{"damage_healed":0,"gold_gain":0,"player_choice":"Trade","damage_taken":0,"relics_obtained":["FaceOfCleric"],"max_hp_gain":0,"max_hp_loss":0,"event_name":"FaceTrader","floor":13,"gold_loss":0}],"is_beta":false,"boss_relics":[],"items_purged_floors":[],"is_endless":false,"potions_floor_spawned":[1,6,8],"killed_by":"Slime Boss","ascension_level":0}