{"gold_per_floor":[14,14,34,134,144,144,159,159,159,159,191,211,222,297,297,399,399,417,431,431,356,356,368,368,397,397,412,442,460,471,196,196,301,301,320,320,420,420,432,467,467,467,493,493,522,533,353,12,12,12],"floor_reached":51,"playtime":3767,"items_purged":["Strike_B+1","Defend_B+1"],"score":860,"play_id":"e1fe236e-27f1-4817-9237-fa486ba8944d","local_time":"20191001205331","is_ascension_mode":true,"campfire_choices":[{"data":"Capacitor","floor":6,"key":"SMITH"},{"data":"Dualcast","floor":8,"key":"SMITH"},{"floor":15,"key":"REST"},{"data":"Electrodynamics","floor":24,"key":"SMITH"},{"floor":32,"key":"REST"},{"data":"Rainbow","floor":41,"key":"SMITH"},{"data":"Chill","floor":44,"key":"SMITH"},{"data":"Static Discharge","floor":49,"key":"SMITH"}],"neow_cost":"NO_GOLD","seed_source_timestamp":1426716495000,"circlet_count":0,"master_deck":["Strike_B+1","Strike_B+1","Defend_B+1","Zap+1","Dualcast+1","Hologram","Cold Snap","Capacitor+1","Auto Shields","Compile Driver","Electrodynamics+1","Glacier+1","Capacitor+1","Consume+1","Barrage+1","Ball Lightning+1","Chill+1","Hologram+1","Rainbow+1","Hologram","Conserve Battery+1","The Bomb","Lockon","Consume","Static Discharge+1","Hologram"],"relics":["Cracked Core","Sundial","Bottled Tornado","Nuclear Battery","Art of War","Mercury Hourglass","MealTicket","War Paint","Sozu","Ice Cream","Bronze Scales","Blood Vial","Juzu Bracelet","Unceasing Top"],"potions_floor_usage":[11,16,19,25,30,50],"damage_taken":[{"damage":1,"enemies":"Jaw Worm","floor":1,"turns":3},{"damage":6,"enemies":"2 Louse","floor":3,"turns":2},{"damage":0,"enemies":"Cultist","floor":5,"turns":2},{"damage":2,"enemies":"Blue Slaver","floor":7,"turns":4},{"damage":22,"enemies":"Gremlin Nob","floor":11,"turns":4},{"damage":5,"enemies":"Looter","floor":12,"turns":3},{"damage":7,"enemies":"2 Fungi Beasts","floor":13,"turns":4},{"damage":20,"enemies":"Hexaghost","floor":16,"turns":10},{"damage":5,"enemies":"3 Byrds","floor":18,"turns":2},{"damage":5,"enemies":"Spheric Guardian","floor":19,"turns":4},{"damage":0,"enemies":"Centurion and Healer","floor":23,"turns":8},{"damage":20,"enemies":"Slavers","floor":25,"turns":4},{"damage":0,"enemies":"3 Cultists","floor":27,"turns":3},{"damage":0,"enemies":"Book of Stabbing","floor":28,"turns":4},{"damage":13,"enemies":"Snake Plant","floor":29,"turns":3},{"damage":17,"enemies":"Shelled Parasite and Fungi","floor":30,"turns":3},{"damage":0,"enemies":"Automaton","floor":33,"turns":7},{"damage":0,"enemies":"3 Shapes","floor":35,"turns":3},{"damage":1,"enemies":"Mind Bloom Boss Battle","floor":37,"turns":5},{"damage":5,"enemies":"3 Darklings","floor":39,"turns":3},{"damage":0,"enemies":"Giant Head","floor":40,"turns":10},{"damage":13,"enemies":"Nemesis","floor":45,"turns":7},{"damage":0,"enemies":"4 Shapes","floor":46,"turns":3},{"damage":7,"enemies":"Donu and Deca","floor":50,"turns":7}],"seed_played":"-8969497914522110043","potions_obtained":[{"floor":5,"key":"DuplicationPotion"},{"floor":7,"key":"SteroidPotion"},{"floor":12,"key":"PotionOfCapacity"},{"floor":18,"key":"Swift Potion"},{"floor":23,"key":"PowerPotion"},{"floor":25,"key":"EssenceOfSteel"},{"floor":30,"key":"Weak Potion"}],"is_trial":false,"path_per_floor":["M","?","M","?","M","R","M","R","T","?","E","M","M","?","R","B",null,"M","M","?","?","?","M","R","E","T","M","E","M","M","$","R","B",null,"M","?","?","?","M","E","R","?","T","R","E","M","$","$","R","B",null],"character_chosen":"DEFECT","items_purchased":["Hologram","War Paint","Static Discharge","Unceasing Top","Hologram"],"campfire_rested":2,"item_purchase_floors":[31,31,47,48,48],"current_hp_per_floor":[74,74,68,68,68,68,66,66,66,66,44,39,32,21,43,23,75,70,65,65,65,51,51,51,31,31,31,31,18,1,16,40,40,80,80,80,79,79,74,74,74,74,74,74,63,65,80,80,80,73],"gold":12,"neow_bonus":"REMOVE_TWO","is_prod":false,"is_daily":false,"chose_seed":false,"campfire_upgraded":6,"win_rate":0,"timestamp":1569988411,"path_taken":["M","?","M","?","M","R","?","R","T","?","E","M","M","?","R","BOSS","M","M","?","?","?","M","R","E","T","M","E","M","?","$","R","BOSS","M","?","?","?","M","E","R","?","T","R","E","M","?","$","R","BOSS"],"build_version":"2019-10-01","purchased_purges":2,"victory":true,"max_hp_per_floor":[75,75,75,75,75,75,75,75,75,75,75,75,75,75,75,75,75,75,75,75,75,80,80,80,80,80,80,80,80,80,80,80,80,80,80,80,80,80,80,80,80,80,80,80,80,80,80,80,80,80],"card_choices":[{"not_picked":["Stack","Aggregate"],"picked":"Hologram","floor":1},{"not_picked":["Skim","Rebound"],"picked":"Cold Snap","floor":3},{"not_picked":["Thunder Strike","Self Repair"],"picked":"Capacitor","floor":5},{"not_picked":["Sunder","Tempest","Hologram"],"picked":"SKIP","floor":7},{"not_picked":["Double Energy","Turbo","Sweeping Beam"],"picked":"SKIP","floor":11},{"not_picked":["Capacitor","Rebound"],"picked":"Auto Shields","floor":12},{"not_picked":["Streamline","Reprogram"],"picked":"Compile Driver","floor":13},{"not_picked":["Rainbow","Biased Cognition"],"picked":"Electrodynamics","floor":16},{"not_picked":["Beam Cell+1","Streamline"],"picked":"Glacier+1","floor":18},{"not_picked":["Beam Cell","Rebound","Go for the Eyes"],"picked":"SKIP","floor":19},{"not_picked":["Loop","Conserve Battery"],"picked":"Capacitor+1","floor":23},{"not_picked":["Reboot","Sweeping Beam"],"picked":"Consume","floor":25},{"not_picked":["Auto Shields","Rebound"],"picked":"Barrage+1","floor":27},{"not_picked":["Skim+1","Double Energy+1"],"picked":"Ball Lightning+1","floor":28},{"not_picked":["Turbo","Cold Snap","Chaos"],"picked":"SKIP","floor":29},{"not_picked":["Rebound","Loop"],"picked":"Chill","floor":30},{"not_picked":["Machine Learning","Electrodynamics"],"picked":"Rainbow","floor":33},{"not_picked":["Streamline","Ball Lightning"],"picked":"Hologram+1","floor":35},{"not_picked":["Double Energy","Darkness"],"picked":"Hologram","floor":37},{"not_picked":["Core Surge","Heatsinks","Melter+1"],"picked":"SKIP","floor":39},{"not_picked":["Gash+1","Leap"],"picked":"Conserve Battery+1","floor":40},{"not_picked":["Thinking Ahead","Bandage Up"],"picked":"The Bomb","floor":42},{"not_picked":["Hyperbeam","Barrage+1"],"picked":"Lockon","floor":45},{"not_picked":["Stack","Sweeping Beam"],"picked":"Consume","floor":46}],"player_experience":796131,"relics_obtained":[{"floor":9,"key":"Sundial"},{"floor":11,"key":"Bottled Tornado"},{"floor":25,"key":"Art of War"},{"floor":26,"key":"Mercury Hourglass"},{"floor":28,"key":"MealTicket"},{"floor":37,"key":"Ice Cream"},{"floor":40,"key":"Bronze Scales"},{"floor":43,"key":"Blood Vial"},{"floor":45,"key":"Juzu Bracelet"}],"event_choices":[{"damage_healed":0,"gold_gain":0,"player_choice":"Grow","damage_taken":0,"max_hp_gain":0,"max_hp_loss":0,"event_name":"Living Wall","floor":2,"gold_loss":0,"cards_upgraded":["Zap"]},{"damage_healed":0,"gold_gain":100,"player_choice":"Pray","damage_taken":0,"max_hp_gain":0,"max_hp_loss":0,"event_name":"Golden Shrine","floor":4,"gold_loss":0},{"damage_healed":0,"gold_gain":0,"player_choice":"Ignored","damage_taken":0,"max_hp_gain":0,"max_hp_loss":0,"event_name":"Liars Game","floor":10,"gold_loss":0},{"damage_healed":0,"gold_gain":75,"player_choice":"Gather Gold","damage_taken":11,"max_hp_gain":0,"max_hp_loss":0,"event_name":"World of Goop","floor":14,"gold_loss":0},{"damage_healed":0,"gold_gain":0,"player_choice":"Simplicity","damage_taken":0,"max_hp_gain":0,"max_hp_loss":0,"event_name":"Back to Basics","floor":20,"gold_loss":0,"cards_upgraded":["Strike_B","Strike_B","Strike_B","Defend_B","Defend_B","Defend_B"]},{"cards_removed":["Defend_B"],"damage_healed":0,"gold_gain":0,"player_choice":"Gave Gold","damage_taken":0,"max_hp_gain":0,"max_hp_loss":0,"event_name":"Beggar","floor":21,"gold_loss":75},{"damage_healed":0,"gold_gain":0,"player_choice":"Shed Blood","damage_taken":19,"max_hp_gain":5,"max_hp_loss":0,"event_name":"Forgotten Altar","floor":22,"gold_loss":0},{"cards_removed":["Hologram"],"damage_healed":0,"gold_gain":0,"player_choice":"Removed Skill","damage_taken":0,"max_hp_gain":0,"max_hp_loss":0,"event_name":"Falling","floor":36,"gold_loss":0},{"damage_healed":0,"gold_gain":0,"player_choice":"Fight","damage_taken":0,"max_hp_gain":0,"max_hp_loss":0,"event_name":"MindBloom","floor":37,"gold_loss":0},{"damage_healed":0,"gold_gain":0,"player_choice":"Ignored","damage_taken":0,"max_hp_gain":0,"max_hp_loss":0,"event_name":"Tomb of Lord Red Mask","floor":38,"gold_loss":0},{"damage_healed":0,"gold_gain":0,"player_choice":"Memory 1","damage_taken":0,"max_hp_gain":0,"max_hp_loss":0,"event_name":"SensoryStone","floor":42,"gold_loss":0}],"is_beta":true,"boss_relics":[{"not_picked":["Ectoplasm","Calling Bell"],"picked":"Nuclear Battery"},{"not_picked":["SacredBark","Busted Crown"],"picked":"Sozu"}],"items_purged_floors":[31,47],"is_endless":false,"potions_floor_spawned":[5,7,12,18,23,25,30,45,46],"ascension_level":1}