{"path_per_floor":["M","?","$","T","$","R","E","M","T","M","M","E","M","?","R","B",null,"M"],"character_chosen":"DEFECT","items_purchased":["Double Energy","Streamline","Go for the Eyes"],"gold_per_floor":[214,164,70,70,20,20,52,66,66,80,97,125,137,137,137,235,235,249,279],"floor_reached":19,"campfire_rested":0,"playtime":1715,"current_hp_per_floor":[74,74,74,74,74,74,48,43,43,43,43,47,47,72,72,51,75,62,16],"items_purged":[],"gold":279,"score":177,"play_id":"e9b396bb-b17c-4779-b800-b42315f590be","local_time":"20180427201823","is_prod":false,"is_daily":false,"chose_seed":false,"is_ascension_mode":false,"campfire_upgraded":2,"timestamp":1524885503,"path_taken":["M","?","?","?","$","R","E","M","T","M","M","E","?","?","R","BOSS","M","?"],"build_version":"2018-04-26v2","seed_source_timestamp":29784544048647,"purchased_purges":0,"victory":false,"master_deck":["Strike_B","Strike_B","Strike_B","Defend_B","Defend_B","Defend_B","Defend_B","Zap+1","Dualcast","Skim","Double Energy+1","Streamline","Go for the Eyes","Ball Lightning","Leap","Cold Snap","Conserve Battery","Sweeping Beam","Darkness","Fusion","Chaos+1","Static Discharge+1"],"max_hp_per_floor":[75,75,75,75,75,75,75,75,75,75,75,75,75,75,75,75,75,75,75],"relics":["Cracked Core","Question Card","Pen Nib","Regal Pillow","Bottled Flame","Inserter","Red Mask"],"card_choices":[{"not_picked":["Hologram","Axe Kick"],"picked":"Skim","floor":1},{"not_picked":["Hologram","Force Field","Fission"],"picked":"Ball Lightning","floor":7},{"not_picked":["FTL","Impulse","Hologram"],"picked":"Leap","floor":8},{"not_picked":["Amplify","Tempest","Axe Kick"],"picked":"Cold Snap","floor":10},{"not_picked":["Double Energy","Hologram","Buffer"],"picked":"Conserve Battery","floor":11},{"not_picked":["Stack","Hello World","Go for the Eyes"],"picked":"Sweeping Beam","floor":12},{"not_picked":["Loop","Sweeping Beam","Hologram"],"picked":"Darkness","floor":13},{"not_picked":["Biased Cognition","Machine Learning","Prime"],"picked":"Fusion","floor":16},{"not_picked":["Impulse","Cold Snap","Sweeping Beam"],"picked":"Chaos","floor":18},{"not_picked":["Axe Kick","White Noise","Conserve Battery"],"picked":"Static Discharge","floor":19}],"player_experience":474949,"potions_floor_usage":[12,12,19],"damage_taken":[{"damage":1,"enemies":"Jaw Worm","floor":1,"turns":3},{"damage":26,"enemies":"Lagavulin","floor":7,"turns":5},{"damage":5,"enemies":"Cultist","floor":8,"turns":4},{"damage":0,"enemies":"2 Louse","floor":10,"turns":1},{"damage":0,"enemies":"Looter","floor":11,"turns":2},{"damage":8,"enemies":"3 Sentries","floor":12,"turns":5},{"damage":0,"enemies":"2 Fungi Beasts","floor":13,"turns":2},{"damage":21,"enemies":"Slime Boss","floor":16,"turns":8},{"damage":13,"enemies":"3 Byrds","floor":18,"turns":5},{"damage":46,"enemies":"Masked Bandits","floor":19,"turns":7}],"event_choices":[{"event_name":"The Cleric","player_choice":"Card Removal","floor":2,"damage_taken":0},{"event_name":"Big Fish","player_choice":"Banana","floor":14,"damage_taken":0},{"event_name":"Masked Bandits","player_choice":"Fought over 249 gold","floor":19,"damage_taken":0}],"boss_relics":[{"not_picked":["Calling Bell","Orrery"],"picked":"Inserter"}],"potions_floor_spawned":[7,10,13,18],"seed_played":"1483240960441125070","killed_by":"Masked Bandits","ascension_level":0,"is_trial":false}