{"gold_per_floor":[114,133,145,58,77,77,105,105,130,130,156,156,175,204,204,278,278,293,243,263,297,297,297,332,332,332,332,332,332,342,17,17,96,96,106,121,71,71,71,71,99,49,49,63,63,90,90,190,190,190,190],"floor_reached":52,"playtime":1504,"items_purged":["Strike_R","Strike_R+1","Strike_R+1","Strike_R+1"],"score":1934,"play_id":"6c0e6e47-207b-48bc-a26e-3aa8ed83fdd7","local_time":"20190929151102","is_ascension_mode":true,"campfire_choices":[{"data":"Clothesline","floor":6.0,"key":"SMITH"},{"floor":10.0,"key":"REST"},{"data":"Heavy Blade","floor":15.0,"key":"SMITH"},{"floor":23.0,"key":"REST"},{"data":"Heavy Blade","floor":25.0,"key":"SMITH"},{"data":"Shockwave","floor":27.0,"key":"SMITH"},{"data":"Heavy Blade","floor":32,"key":"SMITH"},{"data":"Dual Wield","floor":40,"key":"SMITH"},{"floor":45,"key":"REST"},{"data":"Offering","floor":47,"key":"SMITH"},{"data":"Shrug It Off","floor":49,"key":"SMITH"}],"neow_cost":"NONE","seed_source_timestamp":1089492951154799,"circlet_count":0,"master_deck":["AscendersBane","Defend_R+1","Defend_R+1","Defend_R+1","Defend_R+1","Bash","Metallicize","Clothesline+1","Evolve","Demon Form+1","Berserk+1","Heavy Blade+1","Impervious","Heavy Blade+1","Shrug It Off+1","Shockwave+1","Heavy Blade+1","Offering+1","Clothesline+1","Dual Wield+1"],"special_seed":0,"relics":["Burning Blood","Smiling Mask","Bag of Preparation","Red Skull","Whetstone","Frozen Egg 2","Vajra","Snecko Eye","Red Mask","Pen Nib","White Beast Statue","Centennial Puzzle","MutagenicStrength","Pantograph","Sozu","PreservedInsect","Orichalcum","Paper Frog","Incense Burner"],"potions_floor_usage":[33,50],"damage_taken":[{"damage":7.0,"enemies":"Cultist","floor":1.0,"turns":4.0},{"damage":0.0,"enemies":"2 Louse","floor":2.0,"turns":3.0},{"damage":5.0,"enemies":"Small Slimes","floor":3.0,"turns":3.0},{"damage":23.0,"enemies":"3 Louse","floor":5.0,"turns":5.0},{"damage":40.0,"enemies":"Lagavulin","floor":7.0,"turns":8.0},{"damage":8.0,"enemies":"Gremlin Nob","floor":11.0,"turns":3.0},{"damage":5.0,"enemies":"Blue Slaver","floor":13.0,"turns":4.0},{"damage":23.0,"enemies":"3 Sentries","floor":14.0,"turns":10.0},{"damage":18.0,"enemies":"Hexaghost","floor":16.0,"turns":5.0},{"damage":0.0,"enemies":"Chosen","floor":18.0,"turns":3.0},{"damage":25.0,"enemies":"3 Byrds","floor":20.0,"turns":5.0},{"damage":29.0,"enemies":"Masked Bandits","floor":21.0,"turns":4.0},{"damage":10.0,"enemies":"Slavers","floor":24.0,"turns":5.0},{"damage":14.0,"enemies":"Centurion and Healer","floor":30.0,"turns":4.0},{"damage":17,"enemies":"Automaton","floor":33,"turns":7},{"damage":0,"enemies":"Orb Walker","floor":35,"turns":2},{"damage":0,"enemies":"3 Shapes","floor":36,"turns":2},{"damage":28,"enemies":"Nemesis","floor":41,"turns":3},{"damage":10,"enemies":"3 Darklings","floor":44,"turns":5},{"damage":6,"enemies":"Giant Head","floor":46,"turns":3},{"damage":0,"enemies":"Mind Bloom Boss Battle","floor":48,"turns":3},{"damage":21,"enemies":"Awakened One","floor":50,"turns":4},{"damage":27,"enemies":"Time Eater","floor":51,"turns":6}],"seed_played":"-3483567096369204483","potions_obtained":[{"floor":3.0,"key":"Fruit Juice"},{"floor":7.0,"key":"Energy Potion"},{"floor":16.0,"key":"AttackPotion"},{"floor":21.0,"key":"SkillPotion"},{"floor":30.0,"key":"Dexterity Potion"},{"floor":33,"key":"PowerPotion"}],"is_trial":false,"path_per_floor":["M","M","M","$","M","R","E","?","T","R","E","?","M","E","R","B",null,"M","?","M","?","?","R","E","R","T","R","T","?","M","$","R","B",null,"M","M","$","?","?","R","E","$","T","M","R","E","R","?","R","B","B",null],"character_chosen":"IRONCLAD","items_purchased":["Evolve","Pantograph"],"campfire_rested":3,"item_purchase_floors":[4,31],"current_hp_per_floor":[67,73,79,79,62,62,28,23,23,47,45,45,46,29,29,17,64,70,70,51,28,28,52,48,48,48,48,48,48,40,40,40,54,74,80,80,80,80,80,80,58,58,58,54,78,78,78,80,80,65,59],"gold":190,"neow_bonus":"RANDOM_COMMON_RELIC","is_prod":false,"is_daily":false,"chose_seed":false,"campfire_upgraded":8,"win_rate":0,"timestamp":1569795062,"path_taken":["M","M","M","$","?","R","E","?","T","R","E","?","M","E","R","BOSS","M","?","?","?","?","R","E","R","T","R","?","?","M","$","R","BOSS","M","M","$","?","?","R","E","?","T","M","R","E","R","?","R","BOSS","BOSS"],"build_version":"2019-09-27","purchased_purges":4,"victory":true,"max_hp_per_floor":[75,75,80,80,80,80,80,80,80,80,80,80,80,80,80,80,80,80,80,80,80,80,80,80,80,80,80,80,80,80,80,80,80,80,80,80,80,80,80,80,80,80,80,80,80,80,80,80,80,80,80],"card_choices":[{"not_picked":["Twin Strike","Shrug It Off"],"picked":"Metallicize","floor":1.0},{"not_picked":["Sever Soul","Headbutt"],"picked":"Clothesline","floor":2.0},{"not_picked":["Havoc","Perfected Strike","Pommel Strike"],"picked":"SKIP","floor":3.0},{"not_picked":["Iron Wave","Blood for Blood","Pummel"],"picked":"SKIP","floor":5.0},{"not_picked":["Flex","Clothesline"],"picked":"Demon Form","floor":7.0},{"not_picked":["True Grit","Perfected Strike"],"picked":"Berserk","floor":11.0},{"not_picked":["Pommel Strike","Searing Blow"],"picked":"Heavy Blade","floor":13.0},{"not_picked":["Bludgeon","Twin Strike","Blood for Blood"],"picked":"SKIP","floor":14.0},{"not_picked":["Limit Break","Exhume"],"picked":"Impervious","floor":16.0},{"not_picked":["Shrug It Off+1","Infernal Blade"],"picked":"Heavy Blade","floor":18.0},{"not_picked":["True Grit","Rage"],"picked":"Shrug It Off","floor":20.0},{"not_picked":["Pummel","Body Slam"],"picked":"Shockwave","floor":21.0},{"not_picked":["Spot Weakness","Headbutt+1","Thunderclap+1"],"picked":"SKIP","floor":24.0},{"not_picked":["Twin Strike","Thunderclap"],"picked":"Heavy Blade","floor":30.0},{"not_picked":["Brutality+1","Berserk+1"],"picked":"Offering","floor":33},{"not_picked":["Twin Strike","Rage"],"picked":"Clothesline+1","floor":35},{"not_picked":["Pommel Strike","Armaments"],"picked":"Dual Wield","floor":36},{"not_picked":["Sever Soul","Cleave","Warcry"],"picked":"SKIP","floor":41},{"not_picked":["Pommel Strike","Flex","Headbutt"],"picked":"SKIP","floor":44},{"not_picked":["Iron Wave","Dropkick","Inflame+1"],"picked":"SKIP","floor":46}],"player_experience":1119445,"relics_obtained":[{"floor":7.0,"key":"Bag of Preparation"},{"floor":9.0,"key":"Whetstone"},{"floor":11.0,"key":"Frozen Egg 2"},{"floor":14.0,"key":"Vajra"},{"floor":21.0,"key":"Red Mask"},{"floor":24.0,"key":"Pen Nib"},{"floor":26.0,"key":"White Beast Statue"},{"floor":28.0,"key":"Centennial Puzzle"},{"floor":41,"key":"PreservedInsect"},{"floor":43,"key":"Orichalcum"},{"floor":46,"key":"Paper Frog"},{"floor":48,"key":"Incense Burner"}],"event_choices":[{"damage_healed":0.0,"max_hp_gain":0.0,"max_hp_loss":0.0,"gold_gain":0.0,"event_name":"Scrap Ooze","player_choice":"Success","floor":8.0,"gold_loss":0.0,"damage_taken":5.0,"relics_obtained":["Red Skull"]},{"damage_healed":0.0,"max_hp_gain":0.0,"max_hp_loss":0.0,"gold_gain":0.0,"event_name":"Living Wall","player_choice":"Grow","floor":12.0,"gold_loss":0.0,"damage_taken":0.0,"cards_upgraded":["Demon Form"]},{"damage_healed":0.0,"max_hp_gain":0.0,"max_hp_loss":0.0,"gold_gain":0.0,"event_name":"Designer","player_choice":"Upgraded Two","floor":19.0,"gold_loss":50.0,"damage_taken":0.0,"cards_upgraded":["Defend_R","Defend_R"]},{"damage_healed":0.0,"max_hp_gain":0.0,"max_hp_loss":0.0,"gold_gain":0.0,"event_name":"Masked Bandits","player_choice":"Fought Bandits","floor":21.0,"gold_loss":0.0,"damage_taken":0.0},{"damage_healed":0.0,"max_hp_gain":0.0,"max_hp_loss":0.0,"gold_gain":0.0,"event_name":"Back to Basics","player_choice":"Simplicity","floor":22.0,"gold_loss":0.0,"damage_taken":0.0,"cards_upgraded":["Strike_R","Strike_R","Defend_R","Defend_R"]},{"damage_healed":0.0,"max_hp_gain":0.0,"max_hp_loss":0.0,"gold_gain":0.0,"event_name":"Drug Dealer","player_choice":"Inject Mutagens","floor":29.0,"gold_loss":0.0,"damage_taken":0.0,"relics_obtained":["MutagenicStrength"]},{"damage_healed":0,"gold_gain":0,"player_choice":"Ignored","damage_taken":0,"max_hp_gain":0,"max_hp_loss":0,"event_name":"Tomb of Lord Red Mask","floor":38,"gold_loss":0},{"cards_removed":["Strike_R"],"damage_healed":0,"gold_gain":0,"player_choice":"Removed Attack","damage_taken":0,"max_hp_gain":0,"max_hp_loss":0,"event_name":"Falling","floor":39,"gold_loss":0},{"damage_healed":0,"gold_gain":0,"player_choice":"Fight","damage_taken":0,"max_hp_gain":0,"max_hp_loss":0,"event_name":"MindBloom","floor":48,"gold_loss":0}],"is_beta":true,"boss_relics":[{"not_picked":["Ectoplasm","Runic Dome"],"picked":"Snecko Eye"},{"not_picked":["Tiny House","SacredBark"],"picked":"Sozu"}],"items_purged_floors":[4,31,37,42],"is_endless":false,"potions_floor_spawned":[3,7,16,21,30,33,35,36,41,44,46,48],"ascension_level":20}