{"gold_per_floor":[112,128,143,173,250,279,291,291,291,291,0,13,13,27,27,127,127,147,147,160,75,75,75,92,124,206,206,53,64,84,136,136,239,239,258,336,336,336,355,388,288,288,313,26,44,58,70,82,82,82],"floor_reached":51,"playtime":5240,"items_purged":["Strike_P","Defend_P","Strike_P+1"],"score":699,"play_id":"040a5d2f-2a70-4c88-b498-c0446876a61a","local_time":"20190920003048","is_ascension_mode":false,"campfire_choices":[{"data":"Eruption","floor":8,"key":"SMITH"},{"data":"Adaptation","floor":10,"key":"SMITH"},{"data":"1","floor":15,"key":"LIFT"},{"data":"2","floor":23,"key":"LIFT"},{"data":"Alpha","floor":32,"key":"SMITH"},{"data":"3","floor":49,"key":"LIFT"}],"neow_cost":"NONE","seed_source_timestamp":42660090637400,"circlet_count":0,"master_deck":["Strike_P+1","Strike_P+1","Eruption+1","Vigilance+1","Adaptation+1","FearNoEvil+1","EmptyMind+1","InnerPeace+1","StepAndStrike+1","Protect+1","EmptyBody+1","Pray+1","StepAndStrike+1","MentalFortress+1","Prostrate+1","TalkToTheHand+1","Consecrate+1","Alpha+1","MentalFortress+1","Halt+1","Adaptation+1","Adaptation+1","DevaForm","Crescendo","Crescendo"],"relics":["PureWater","Tiny Chest","Sundial","Du-Vu Doll","Mango","Girya","Coffee Dripper","Centennial Puzzle","Pocketwatch","Mummified Hand","Dream Catcher","Busted Crown","Singing Bowl","Shuriken","Mark of the Bloom","Vajra"],"potions_floor_usage":[6,16,25,29,30,50,50],"damage_taken":[{"damage":2,"enemies":"Cultist","floor":1,"turns":3},{"damage":6,"enemies":"Jaw Worm","floor":2,"turns":4},{"damage":0,"enemies":"Small Slimes","floor":3,"turns":2},{"damage":12,"enemies":"3 Sentries","floor":6,"turns":8},{"damage":0,"enemies":"Looter","floor":7,"turns":2},{"damage":5,"enemies":"2 Fungi Beasts","floor":12,"turns":3},{"damage":0,"enemies":"Large Slime","floor":14,"turns":3},{"damage":3,"enemies":"Hexaghost","floor":16,"turns":6},{"damage":0,"enemies":"Chosen","floor":18,"turns":3},{"damage":13,"enemies":"Shell Parasite","floor":20,"turns":5},{"damage":8,"enemies":"Snake Plant","floor":24,"turns":5},{"damage":23,"enemies":"Book of Stabbing","floor":25,"turns":7},{"damage":2,"enemies":"Cultist and Chosen","floor":29,"turns":3},{"damage":7,"enemies":"Shelled Parasite and Fungi","floor":30,"turns":5},{"damage":15,"enemies":"Automaton","floor":33,"turns":6},{"damage":0,"enemies":"3 Shapes","floor":35,"turns":6},{"damage":10,"enemies":"3 Darklings","floor":39,"turns":5},{"damage":6,"enemies":"Reptomancer","floor":40,"turns":4},{"damage":8,"enemies":"4 Shapes","floor":45,"turns":4},{"damage":16,"enemies":"Spire Growth","floor":46,"turns":2},{"damage":0,"enemies":"Transient","floor":47,"turns":3},{"damage":8,"enemies":"3 Darklings","floor":48,"turns":2},{"damage":5,"enemies":"Donu and Deca","floor":50,"turns":3}],"seed_played":"-3182994069311887661","potions_obtained":[{"floor":1,"key":"Explosive Potion"},{"floor":3,"key":"Fire Potion"},{"floor":6,"key":"EssenceOfSteel"},{"floor":12,"key":"FearPotion"},{"floor":18,"key":"FairyPotion"},{"floor":29,"key":"Energy Potion"},{"floor":35,"key":"DuplicationPotion"},{"floor":39,"key":"PowerPotion"}],"is_trial":false,"path_per_floor":["M","M","M","?","T","E","M","R","T","R","$","M","?","M","R","B",null,"M","?","M","?","$","R","M","E","T","?","$","M","M","T","R","B",null,"M","T","?","?","M","E","$","?","T","$","M","M","M","M","R","B",null],"character_chosen":"WATCHER","items_purchased":["Girya","Alpha","DevaForm","Crescendo"],"campfire_rested":0,"item_purchase_floors":[11,28,44,44],"current_hp_per_floor":[63,57,57,39,39,27,27,27,41,41,41,36,29,29,29,26,79,79,79,66,66,66,66,58,35,35,35,35,33,26,26,26,11,79,79,79,79,79,71,65,65,65,65,65,57,41,41,33,33,28],"gold":82,"neow_bonus":"ONE_RANDOM_RARE_CARD","is_prod":false,"is_daily":false,"chose_seed":false,"campfire_upgraded":3,"win_rate":0,"timestamp":1568964648,"path_taken":["M","M","M","?","?","E","?","R","T","R","?","M","?","M","R","BOSS","M","?","M","?","$","R","M","E","T","?","$","M","M","?","R","BOSS","M","?","?","?","M","E","$","?","T","$","M","?","M","M","R","BOSS"],"build_version":"2019-09-19","purchased_purges":3,"victory":true,"max_hp_per_floor":[65,65,65,65,65,65,65,65,79,79,79,79,79,79,79,79,79,79,79,79,79,79,79,79,79,79,79,79,79,79,79,79,79,79,79,79,79,79,81,81,81,81,81,81,81,83,83,85,85,85],"card_choices":[{"not_picked":["Conclude","Worship"],"picked":"FearNoEvil","floor":1},{"not_picked":["Crescendo","SashWhip"],"picked":"EmptyMind","floor":2},{"not_picked":["Collect","SashWhip"],"picked":"InnerPeace","floor":3},{"not_picked":["Evaluate","JustLucky"],"picked":"StepAndStrike","floor":6},{"not_picked":["Metaphysics","ThirdEye","ClearTheMind"],"picked":"SKIP","floor":7},{"not_picked":["ThirdEye","ClearTheMind"],"picked":"Protect","floor":12},{"not_picked":["ThirdEye","SpiritShield"],"picked":"EmptyBody","floor":14},{"not_picked":["Blasphemy","SignatureMove"],"picked":"Pray","floor":16},{"not_picked":["Scrawl+1","Weave"],"picked":"StepAndStrike+1","floor":18},{"not_picked":["Weave+1","Protect"],"picked":"Prostrate","floor":20},{"not_picked":["FollowUp+1","ClearTheMind","FlyingSleeves"],"picked":"SKIP","floor":24},{"not_picked":["FlyingSleeves+1","CrushJoints+1","DeceiveReality+1"],"picked":"SKIP","floor":25},{"not_picked":["WindmillStrike","ThirdEye+1"],"picked":"MentalFortress","floor":29},{"not_picked":["InnerPeace","PathToVictory+1"],"picked":"Halt","floor":30},{"not_picked":["Omniscience","ReachHeaven"],"picked":"Adaptation","floor":33},{"not_picked":["CutThroughFate"],"picked":"SKIP","floor":35},{"not_picked":["Conclude"],"picked":"Singing Bowl","floor":39},{"not_picked":[],"picked":"Adaptation","floor":40},{"not_picked":["Protect+1"],"picked":"SKIP","floor":45},{"not_picked":["Protect+1"],"picked":"SKIP","floor":45},{"not_picked":["Consecrate+1"],"picked":"Singing Bowl","floor":46},{"not_picked":[],"picked":"Crescendo","floor":47},{"not_picked":["Meditate"],"picked":"Singing Bowl","floor":48}],"player_experience":724483,"relics_obtained":[{"floor":5,"key":"Sundial"},{"floor":6,"key":"Du-Vu Doll"},{"floor":9,"key":"Mango"},{"floor":25,"key":"Pocketwatch"},{"floor":26,"key":"Mummified Hand"},{"floor":31,"key":"Dream Catcher"},{"floor":36,"key":"Singing Bowl"},{"floor":40,"key":"Shuriken"},{"floor":43,"key":"Vajra"}],"event_choices":[{"damage_healed":0,"gold_gain":0,"player_choice":"Success","damage_taken":18,"relics_obtained":["Tiny Chest"],"max_hp_gain":0,"max_hp_loss":0,"event_name":"Scrap Ooze","floor":4,"gold_loss":0},{"cards_removed":["Defend_P"],"damage_healed":0,"gold_gain":0,"player_choice":"Card Removal","damage_taken":7,"max_hp_gain":0,"max_hp_loss":0,"event_name":"Golden Wing","floor":13,"gold_loss":0},{"damage_healed":0,"gold_gain":0,"player_choice":"Read","damage_taken":0,"max_hp_gain":0,"max_hp_loss":0,"event_name":"The Library","floor":19,"gold_loss":0,"cards_obtained":["MentalFortress"]},{"damage_healed":0,"gold_gain":0,"player_choice":"Obtained Relic","damage_taken":0,"relics_obtained":["Centennial Puzzle"],"max_hp_gain":0,"max_hp_loss":0,"event_name":"Addict","floor":21,"gold_loss":85},{"damage_healed":0,"gold_gain":0,"cards_transformed":["Defend_P","Defend_P"],"player_choice":"Became Test Subject","damage_taken":0,"max_hp_gain":0,"max_hp_loss":0,"event_name":"Drug Dealer","floor":27,"gold_loss":0,"cards_obtained":["TalkToTheHand","Consecrate"]},{"damage_healed":0,"gold_gain":0,"player_choice":"Ignored","damage_taken":0,"max_hp_gain":0,"max_hp_loss":0,"event_name":"Mysterious Sphere","floor":37,"gold_loss":0},{"damage_healed":0,"gold_gain":0,"player_choice":"Ignored","damage_taken":0,"max_hp_gain":0,"max_hp_loss":0,"event_name":"Tomb of Lord Red Mask","floor":38,"gold_loss":0},{"damage_healed":0,"gold_gain":0,"player_choice":"Upgrade","damage_taken":0,"relics_obtained":["Mark of the Bloom"],"max_hp_gain":0,"max_hp_loss":0,"event_name":"MindBloom","floor":42,"gold_loss":0,"cards_upgraded":["Strike_P","Strike_P","Strike_P","Vigilance","FearNoEvil","EmptyMind","InnerPeace","StepAndStrike","Protect","EmptyBody","Pray","MentalFortress","Prostrate","TalkToTheHand","Consecrate","MentalFortress","Halt","Adaptation","Adaptation"]}],"is_beta":true,"boss_relics":[{"not_picked":["Philosopher\u0027s Stone","Runic Pyramid"],"picked":"Coffee Dripper"},{"not_picked":["Pandora\u0027s Box","Snecko Eye"],"picked":"Busted Crown"}],"items_purged_floors":[28,41,44],"is_endless":false,"potions_floor_spawned":[1,3,6,12,18,29,35,39,47,48],"ascension_level":0}