{"gold_per_floor":[115,115,130,130,149,149,178,178,204,215,243,243,270,284,284,284],"floor_reached":16,"playtime":726,"items_purged":[],"score":132,"play_id":"b17270bd-e723-4156-9ec5-80b8cecfaff5","local_time":"20190908132950","is_ascension_mode":true,"campfire_choices":[{"floor":6,"key":"RECALL"},{"floor":8,"key":"REST"},{"floor":15,"key":"REST"}],"neow_cost":"CURSE","seed_source_timestamp":90027156800295,"circlet_count":0,"master_deck":["Strike_R","Strike_R","Strike_R","Strike_R","Strike_R","Defend_R","Defend_R","Defend_R","Defend_R","Bash","Pummel+1","Dropkick","Pummel","Spot Weakness","Corruption","Fire Breathing"],"special_seed":0,"relics":["Burning Blood","Turnip","Bag of Marbles","Red Skull","Dream Catcher","Kunai"],"potions_floor_usage":[7,7,16],"damage_taken":[{"damage":9,"enemies":"Jaw Worm","floor":1,"turns":3},{"damage":0,"enemies":"Cultist","floor":3,"turns":2},{"damage":2,"enemies":"2 Louse","floor":5,"turns":2},{"damage":32,"enemies":"3 Sentries","floor":7,"turns":7},{"damage":8,"enemies":"Lots of Slimes","floor":10,"turns":4},{"damage":16,"enemies":"Gremlin Nob","floor":11,"turns":3},{"damage":16,"enemies":"Lagavulin","floor":13,"turns":7},{"damage":0,"enemies":"Exordium Wildlife","floor":14,"turns":3},{"damage":78,"enemies":"The Guardian","floor":16,"turns":10}],"seed_played":"1010073963513381236","potions_obtained":[{"floor":1,"key":"AttackPotion"},{"floor":5,"key":"SkillPotion"},{"floor":13,"key":"SkillPotion"},{"floor":14,"key":"Poison Potion"}],"is_trial":false,"path_per_floor":["M","?","M","?","M","R","E","R","T","M","E","?","E","M","R","B"],"character_chosen":"IRONCLAD","items_purchased":[],"campfire_rested":2,"item_purchase_floors":[],"current_hp_per_floor":[77,77,80,62,66,66,40,64,64,62,52,52,42,48,72,0],"gold":284,"neow_bonus":"ONE_RARE_RELIC","is_prod":false,"is_daily":false,"chose_seed":false,"campfire_upgraded":0,"win_rate":0,"timestamp":1567963790,"path_taken":["M","?","M","?","M","R","E","R","T","M","E","?","E","M","R","BOSS"],"build_version":"2019-07-17","purchased_purges":0,"victory":false,"max_hp_per_floor":[80,80,80,80,80,80,80,80,80,80,80,80,80,80,80,80],"card_choices":[{"not_picked":["True Grit","Warcry"],"picked":"Pummel","floor":1},{"not_picked":["Thunderclap","Perfected Strike"],"picked":"Dropkick","floor":3},{"not_picked":["Power Through","Sword Boomerang"],"picked":"Pummel","floor":5},{"not_picked":["Body Slam","Clothesline","True Grit"],"picked":"SKIP","floor":7},{"not_picked":["Cleave","Twin Strike","Clash"],"picked":"SKIP","floor":10},{"not_picked":["Hemokinesis","Blood for Blood"],"picked":"Spot Weakness","floor":11},{"not_picked":["Hemokinesis","True Grit"],"picked":"Corruption","floor":13},{"not_picked":["Cleave","Entrench","Perfected Strike"],"picked":"SKIP","floor":14},{"not_picked":["Seeing Red","Reckless Charge"],"picked":"Fire Breathing","floor":15}],"player_experience":180695,"relics_obtained":[{"floor":7,"key":"Red Skull"},{"floor":11,"key":"Dream Catcher"},{"floor":13,"key":"Kunai"}],"event_choices":[{"damage_healed":0,"gold_gain":0,"player_choice":"Grow","damage_taken":0,"max_hp_gain":0,"max_hp_loss":0,"event_name":"Living Wall","floor":2,"gold_loss":0,"cards_upgraded":["Pummel"]},{"damage_healed":0,"gold_gain":0,"player_choice":"Success","damage_taken":18,"relics_obtained":["Bag of Marbles"],"max_hp_gain":0,"max_hp_loss":0,"event_name":"Scrap Ooze","floor":4,"gold_loss":0},{"cards_removed":["Regret"],"damage_healed":0,"gold_gain":0,"player_choice":"Purged","damage_taken":0,"max_hp_gain":0,"max_hp_loss":0,"event_name":"Purifier","floor":12,"gold_loss":0}],"is_beta":false,"boss_relics":[],"items_purged_floors":[],"is_endless":false,"potions_floor_spawned":[1,5,13,14],"killed_by":"The Guardian","ascension_level":2}