{"gold_per_floor":[111,111,111,129,3,38,38,50,50,78,90,123,143,143,143,143],"floor_reached":16,"playtime":628,"items_purged":["Strike_G"],"score":276,"play_id":"fc27f250-7fc9-43d0-a632-b006639285e7","local_time":"20190709132349","is_ascension_mode":true,"campfire_choices":[{"data":"Deadly Poison","floor":7,"key":"SMITH"},{"floor":15,"key":"REST"}],"neow_cost":"NONE","seed_source_timestamp":8565006361005373,"circlet_count":0,"master_deck":["AscendersBane","Strike_G","Strike_G","Strike_G","Strike_G","Defend_G","Defend_G","Defend_G","Defend_G","Survivor","Neutralize","Dagger Throw","PiercingWail","Deadly Poison+1","Adrenaline","Backflip"],"relics":["Ring of the Snake","NeowsBlessing","Pear","Singing Bowl","The Courier","Nunchaku"],"potions_floor_usage":[10,12,12,16,16],"damage_taken":[{"damage":0,"enemies":"2 Louse","floor":1,"turns":1},{"damage":0,"enemies":"Small Slimes","floor":4,"turns":1},{"damage":0,"enemies":"Lagavulin","floor":6,"turns":1},{"damage":0,"enemies":"Cultist","floor":8,"turns":3},{"damage":33,"enemies":"3 Sentries","floor":10,"turns":9},{"damage":3,"enemies":"Red Slaver","floor":11,"turns":3},{"damage":19,"enemies":"Gremlin Nob","floor":12,"turns":4},{"damage":0,"enemies":"Looter","floor":13,"turns":3},{"damage":39,"enemies":"Slime Boss","floor":16,"turns":10}],"seed_played":"-2145893563825247822","potions_obtained":[{"floor":1,"key":"LiquidBronze"},{"floor":8,"key":"Ancient Potion"},{"floor":11,"key":"Swift Potion"},{"floor":12,"key":"Weak Potion"},{"floor":13,"key":"GhostInAJar"}],"is_trial":false,"path_per_floor":["M","?","?","M","$","E","R","M","T","E","M","E","M","?","R","B"],"character_chosen":"THE_SILENT","items_purchased":["Deadly Poison"],"campfire_rested":1,"item_purchase_floors":[5],"current_hp_per_floor":[59,52,52,52,52,62,62,62,62,31,30,13,13,13,37,0],"gold":143,"neow_bonus":"THREE_ENEMY_KILL","is_prod":false,"is_daily":false,"chose_seed":false,"campfire_upgraded":1,"win_rate":0,"timestamp":1562657029,"path_taken":["M","?","?","?","?","E","R","?","T","E","M","E","M","?","R","BOSS"],"build_version":"2019-07-05","purchased_purges":1,"victory":false,"max_hp_per_floor":[66,66,66,66,66,76,76,76,76,78,80,82,82,82,82,82],"card_choices":[{"not_picked":["Distraction","Cloak And Dagger"],"picked":"Dagger Throw","floor":1},{"not_picked":["Underhanded Strike","Outmaneuver","Deflect"],"picked":"SKIP","floor":4},{"not_picked":["Outmaneuver","Dash"],"picked":"Adrenaline","floor":6},{"not_picked":["Blade Dance","Accuracy","Finisher"],"picked":"SKIP","floor":8},{"not_picked":["Underhanded Strike","Eviscerate","Concentrate"],"picked":"Singing Bowl","floor":10},{"not_picked":["Dagger Throw","Skewer","Slice"],"picked":"Singing Bowl","floor":11},{"not_picked":["Acrobatics","Dagger Spray","Infinite Blades"],"picked":"Singing Bowl","floor":12},{"not_picked":["Sucker Punch","Cloak And Dagger"],"picked":"Backflip","floor":13}],"player_experience":1507253,"relics_obtained":[{"floor":6,"key":"Pear"},{"floor":9,"key":"Singing Bowl"},{"floor":10,"key":"The Courier"},{"floor":12,"key":"Nunchaku"}],"event_choices":[{"cards_removed":["Defend_G"],"damage_healed":0,"gold_gain":0,"player_choice":"Card Removal","damage_taken":7,"max_hp_gain":0,"max_hp_loss":0,"event_name":"Golden Wing","floor":2,"gold_loss":0},{"damage_healed":0,"gold_gain":0,"player_choice":"1 cards matched","damage_taken":0,"max_hp_gain":0,"max_hp_loss":0,"event_name":"Match and Keep!","floor":3,"gold_loss":0,"cards_obtained":["PiercingWail"]},{"damage_healed":0,"gold_gain":0,"player_choice":"Ignored","damage_taken":0,"max_hp_gain":0,"max_hp_loss":0,"event_name":"Liars Game","floor":14,"gold_loss":0}],"is_beta":false,"boss_relics":[],"items_purged_floors":[5],"is_endless":false,"potions_floor_spawned":[1,8,11,12,13],"killed_by":"Slime Boss","ascension_level":18}