{"gold_per_floor":[119,131,144,154,134,134,168,186,237,249,263,277,292,304,304,378,378,390,369,369,369,0,0,18,18,102,134,134,160,170,223,223,296,296,316,70,0,13,13,13,29,29,29,29,102,116,142,142,142,142],"floor_reached":51,"playtime":2874,"items_purged":["Strike_G"],"score":1431,"play_id":"e11dc394-39e2-4676-a49c-d83cea43e431","local_time":"20190717151324","is_ascension_mode":true,"campfire_choices":[{"data":"Footwork","floor":6.0,"key":"SMITH"},{"floor":15.0,"key":"REST"},{"data":"Noxious Fumes","floor":23.0,"key":"SMITH"},{"floor":25.0,"key":"REST"},{"floor":28.0,"key":"REST"},{"floor":32,"key":"REST"},{"floor":40,"key":"REST"},{"data":"Apotheosis","floor":42,"key":"SMITH"},{"data":"After Image","floor":49,"key":"SMITH"}],"neow_cost":"NONE","seed_source_timestamp":9260362286510064,"circlet_count":0,"master_deck":["AscendersBane","Strike_G","Strike_G","Defend_G","Defend_G","Defend_G","Defend_G","Defend_G","Survivor","Dagger Throw","Deadly Poison","Noxious Fumes+1","Footwork+1","Dodge and Roll","Poisoned Stab","Catalyst","Dodge and Roll","Adrenaline","Calculated Gamble","Dagger Spray","PiercingWail","Apotheosis+1","Backflip","Noxious Fumes","Deflect","Leg Sweep","After Image+1","Prepared","Prepared+1"],"special_seed":0,"relics":["Ring of the Serpent","NeowsBlessing","Ancient Tea Set","Omamori","Busted Crown","Letter Opener","Tiny Chest","Potion Belt","Happy Flower","Regal Pillow","Art of War","Red Mask","Pear","Bottled Lightning","Paper Crane"],"potions_floor_usage":[33,35,41],"damage_taken":[{"damage":0.0,"enemies":"2 Louse","floor":1.0,"turns":1.0},{"damage":0.0,"enemies":"Cultist","floor":2.0,"turns":1.0},{"damage":0.0,"enemies":"Jaw Worm","floor":3.0,"turns":1.0},{"damage":9.0,"enemies":"Looter","floor":4.0,"turns":4.0},{"damage":15.0,"enemies":"Lagavulin","floor":7.0,"turns":6.0},{"damage":2.0,"enemies":"Blue Slaver","floor":8.0,"turns":5.0},{"damage":7.0,"enemies":"3 Louse","floor":10.0,"turns":5.0},{"damage":7.0,"enemies":"Large Slime","floor":11.0,"turns":8.0},{"damage":5.0,"enemies":"Looter","floor":12.0,"turns":4.0},{"damage":6.0,"enemies":"Gremlin Gang","floor":13.0,"turns":5.0},{"damage":0.0,"enemies":"3 Louse","floor":14.0,"turns":3.0},{"damage":10.0,"enemies":"Hexaghost","floor":16.0,"turns":9.0},{"damage":23.0,"enemies":"3 Byrds","floor":18.0,"turns":6.0},{"damage":20.0,"enemies":"2 Thieves","floor":19.0,"turns":4.0},{"damage":3.0,"enemies":"Snecko","floor":24.0,"turns":7.0},{"damage":0.0,"enemies":"Gremlin Leader","floor":27.0,"turns":6.0},{"damage":39,"enemies":"Slavers","floor":29,"turns":7},{"damage":4,"enemies":"Centurion and Healer","floor":30,"turns":8},{"damage":8,"enemies":"Champ","floor":33,"turns":16},{"damage":18,"enemies":"3 Darklings","floor":35,"turns":5},{"damage":2,"enemies":"Orb Walker","floor":38,"turns":4},{"damage":1,"enemies":"Jaw Worm Horde","floor":41,"turns":5},{"damage":3,"enemies":"Spire Growth","floor":46,"turns":7},{"damage":7,"enemies":"Nemesis","floor":47,"turns":9},{"damage":18,"enemies":"Donu and Deca","floor":50,"turns":12}],"seed_played":"-5907286977694601998","potions_obtained":[{"floor":2.0,"key":"Weak Potion"},{"floor":4.0,"key":"FearPotion"},{"floor":5.0,"key":"Poison Potion"},{"floor":8.0,"key":"LiquidBronze"},{"floor":12.0,"key":"Dexterity Potion"},{"floor":13.0,"key":"SteroidPotion"},{"floor":19.0,"key":"GhostInAJar"},{"floor":24.0,"key":"GhostInAJar"},{"floor":30,"key":"PowerPotion"},{"floor":33,"key":"Block Potion"},{"floor":38,"key":"FearPotion"}],"is_trial":false,"path_per_floor":["M","M","M","M","?","R","E","M","T","M","M","M","M","M","R","B",null,"M","M","?","?","$","R","M","R","T","E","R","E","M","T","R","B",null,"M","$","?","M","?","R","M","R","T","?","T","M","E","?","R","B",null],"character_chosen":"THE_SILENT","items_purchased":["GhostInAJar","Apotheosis","Art of War","GhostInAJar"],"campfire_rested":5,"item_purchase_floors":[22,22,36,36],"current_hp_per_floor":[59,59,59,50,50,50,35,33,33,26,19,14,8,8,27,17,54,31,11,11,11,11,11,8,27,27,27,46,7,3,3,37,29,57,39,39,39,37,37,63,62,62,72,72,72,69,62,62,62,44],"gold":142,"neow_bonus":"THREE_ENEMY_KILL","is_prod":false,"is_daily":false,"chose_seed":false,"campfire_upgraded":4,"win_rate":0,"timestamp":1563354804,"path_taken":["M","M","M","M","?","R","E","M","T","M","M","?","M","?","R","BOSS","M","M","?","?","$","R","M","R","T","E","R","E","M","?","R","BOSS","M","$","?","M","?","R","M","R","T","?","?","?","E","?","R","BOSS"],"build_version":"2019-07-05","purchased_purges":1,"victory":true,"max_hp_per_floor":[66,66,66,66,66,66,66,66,66,66,66,66,66,66,66,66,66,66,66,66,66,66,66,66,66,66,66,66,66,66,66,66,66,66,66,66,66,66,63,63,63,63,73,73,73,73,73,73,73,73],"card_choices":[{"not_picked":["Outmaneuver","Underhanded Strike"],"picked":"Dagger Throw","floor":1.0},{"not_picked":["Outmaneuver","Backflip"],"picked":"Deadly Poison","floor":2.0},{"not_picked":["Leg Sweep","Flying Knee"],"picked":"Noxious Fumes","floor":3.0},{"not_picked":["Heel Hook","Blade Dance"],"picked":"Footwork","floor":4.0},{"not_picked":["Poisoned Stab","Bullet Time"],"picked":"Dodge and Roll","floor":7.0},{"not_picked":["Acrobatics","Concentrate"],"picked":"Poisoned Stab","floor":8.0},{"not_picked":["Heel Hook","Flying Knee"],"picked":"Catalyst","floor":10.0},{"not_picked":["Accuracy","Sucker Punch","Dagger Spray"],"picked":"SKIP","floor":11.0},{"not_picked":["Underhanded Strike","Skewer","Outmaneuver"],"picked":"SKIP","floor":12.0},{"not_picked":["Sucker Punch","Tactician"],"picked":"Dodge and Roll","floor":13.0},{"not_picked":["Underhanded Strike","Skewer","Dagger Throw"],"picked":"SKIP","floor":14.0},{"not_picked":["Die Die Die","After Image"],"picked":"Adrenaline","floor":16.0},{"not_picked":["Bane"],"picked":"SKIP","floor":18.0},{"not_picked":[],"picked":"Calculated Gamble","floor":19.0},{"not_picked":[],"picked":"Backflip","floor":24.0},{"not_picked":[],"picked":"Noxious Fumes","floor":27.0},{"not_picked":[],"picked":"Deflect","floor":29},{"not_picked":[],"picked":"Leg Sweep","floor":30},{"not_picked":[],"picked":"After Image","floor":33},{"not_picked":[],"picked":"Prepared","floor":35},{"not_picked":["Dagger Spray"],"picked":"SKIP","floor":38},{"not_picked":[],"picked":"Prepared+1","floor":41},{"not_picked":["Flying Knee+1"],"picked":"SKIP","floor":46},{"not_picked":["Riddle With Holes"],"picked":"SKIP","floor":47}],"player_experience":1552390,"relics_obtained":[{"floor":7.0,"key":"Ancient Tea Set"},{"floor":9.0,"key":"Omamori"},{"floor":26.0,"key":"Tiny Chest"},{"floor":27.0,"key":"Potion Belt"},{"floor":29,"key":"Happy Flower"},{"floor":31,"key":"Regal Pillow"},{"floor":43,"key":"Pear"},{"floor":45,"key":"Bottled Lightning"},{"floor":47,"key":"Paper Crane"}],"event_choices":[{"damage_healed":0.0,"max_hp_gain":0.0,"max_hp_loss":0.0,"gold_gain":0.0,"event_name":"The Woman in Blue","player_choice":"Bought 1 Potion","floor":5.0,"gold_loss":0.0,"damage_taken":0.0},{"damage_healed":0.0,"max_hp_gain":0.0,"max_hp_loss":0.0,"gold_gain":0.0,"cards_transformed":["Strike_G","Strike_G"],"event_name":"Drug Dealer","player_choice":"Became Test Subject","floor":20.0,"gold_loss":0.0,"damage_taken":0.0,"cards_obtained":["Dagger Spray","PiercingWail"]},{"damage_healed":0.0,"max_hp_gain":0.0,"max_hp_loss":0.0,"gold_gain":0.0,"event_name":"The Mausoleum","player_choice":"Opened","floor":21.0,"gold_loss":0.0,"damage_taken":0.0,"relics_obtained":["Letter Opener"],"cards_obtained":["Writhe"]},{"damage_healed":0,"gold_gain":0,"player_choice":"Paid","damage_taken":0,"relics_obtained":["Red Mask"],"max_hp_gain":0,"max_hp_loss":0,"event_name":"Tomb of Lord Red Mask","floor":37,"gold_loss":70},{"damage_healed":0,"gold_gain":0,"player_choice":"Max HP","damage_taken":0,"max_hp_gain":0,"max_hp_loss":3,"event_name":"Winding Halls","floor":39,"gold_loss":0},{"damage_healed":0,"gold_gain":0,"player_choice":"Ignored","damage_taken":0,"max_hp_gain":0,"max_hp_loss":0,"event_name":"Mysterious Sphere","floor":44,"gold_loss":0},{"cards_removed":["Neutralize"],"damage_healed":0,"gold_gain":0,"player_choice":"Removed Attack","damage_taken":0,"max_hp_gain":0,"max_hp_loss":0,"event_name":"Falling","floor":48,"gold_loss":0}],"is_beta":false,"boss_relics":[{"not_picked":["Pandora\u0027s Box","Velvet Choker"],"picked":"Busted Crown"},{"not_picked":["Coffee Dripper","HoveringKite"],"picked":"Ring of the Serpent"}],"items_purged_floors":[22],"is_endless":false,"potions_floor_spawned":[2,4,8,12,13,19,24,30,33,38],"ascension_level":19}