{"gold_per_floor":[109,125,125,143,153,163,163,183,265,276,295,295,314,324,324,419,419,433,185,219,237,252,270,270,270,297,307,318,337,337,351,351,454,454,470,490,490,508,608,608,608,621,646,658,512,524,542,553,553,553],"floor_reached":51,"playtime":3865,"items_purged":[],"score":630,"play_id":"8281bfa7-c934-41c7-acef-926ea626164b","local_time":"20180803143758","daily_mods":["Draft"],"is_ascension_mode":false,"campfire_choices":[{"data":"Iron Wave","floor":7.0,"key":"SMITH"},{"data":"Whirlwind","floor":12.0,"key":"SMITH"},{"data":"Seeing Red","floor":15.0,"key":"SMITH"},{"data":"Seeing Red","floor":25.0,"key":"SMITH"},{"floor":30.0,"key":"REST"},{"floor":32.0,"key":"REST"},{"data":"Battle Trance","floor":40.0,"key":"SMITH"},{"floor":49,"key":"REST"}],"neow_cost":"","seed_source_timestamp":0,"circlet_count":0,"master_deck":["Iron Wave","Iron Wave","Iron Wave+1","Flex","Cleave","Combust","Warcry","Evolve","Disarm","Seeing Red+1","Rampage","Cleave","Seeing Red+1","Flame Barrier","Headbutt","Flex","Inflame","Burning Pact","Whirlwind+1","Spot Weakness","Offering+1","Anger","Iron Wave+1","Battle Trance+1","Pommel Strike+1","Offering","Anger+1","Finesse","Rage+1","Flex","Seeing Red+1"],"special_seed":17712,"relics":["Burning Blood","Odd Mushroom","Toolbox","Sozu","Shuriken","Red Mask","Lantern","Runic Pyramid","Blood Vial","Strawberry"],"potions_floor_usage":[50],"damage_taken":[{"damage":1.0,"enemies":"Cultist","floor":1.0,"turns":3.0},{"damage":7.0,"enemies":"2 Louse","floor":2.0,"turns":2.0},{"damage":6.0,"enemies":"Jaw Worm","floor":4.0,"turns":2.0},{"damage":15.0,"enemies":"Lots of Slimes","floor":5.0,"turns":2.0},{"damage":5.0,"enemies":"Red Slaver","floor":6.0,"turns":3.0},{"damage":6.0,"floor":8.0,"turns":4.0},{"damage":1.0,"enemies":"Gremlin Gang","floor":10.0,"turns":2.0},{"damage":0.0,"enemies":"3 Louse","floor":11.0,"turns":2.0},{"damage":0.0,"enemies":"2 Fungi Beasts","floor":13.0,"turns":1.0},{"damage":7.0,"enemies":"Exordium Thugs","floor":14.0,"turns":3.0},{"damage":41.0,"enemies":"The Guardian","floor":16.0,"turns":8.0},{"damage":0.0,"enemies":"3 Byrds","floor":18.0,"turns":2.0},{"damage":14.0,"floor":20.0,"turns":3.0},{"damage":15.0,"enemies":"Shell Parasite","floor":21.0,"turns":3.0},{"damage":10.0,"enemies":"Centurion and Healer","floor":22.0,"turns":2.0},{"damage":7.0,"enemies":"Slaver and Parasite","floor":23.0,"turns":3.0},{"damage":20.0,"enemies":"Snake Plant","floor":27.0,"turns":3.0},{"damage":11.0,"enemies":"Centurion and Healer","floor":28.0,"turns":3.0},{"damage":25.0,"enemies":"Slaver and Parasite","floor":29.0,"turns":4.0},{"damage":7.0,"enemies":"Snake Plant","floor":31.0,"turns":3.0},{"damage":48.0,"enemies":"Collector","floor":33.0,"turns":6.0},{"damage":1.0,"enemies":"Orb Walker","floor":35.0,"turns":2.0},{"damage":6.0,"enemies":"3 Shapes","floor":36.0,"turns":2.0},{"damage":0.0,"enemies":"3 Darklings","floor":38.0,"turns":1.0},{"damage":20.0,"enemies":"Maw","floor":42.0,"turns":5.0},{"damage":22,"enemies":"4 Shapes","floor":44,"turns":2},{"damage":9,"enemies":"3 Darklings","floor":46,"turns":3},{"damage":13,"enemies":"Maw","floor":47,"turns":4},{"damage":11,"enemies":"4 Shapes","floor":48,"turns":2},{"damage":61,"enemies":"Donu and Deca","floor":50,"turns":5}],"seed_played":"-1755974802296634168","potions_obtained":[{"floor":2.0,"key":"GamblersBrew"},{"floor":10.0,"key":"Poison Potion"},{"floor":11.0,"key":"SpeedPotion"},{"floor":13.0,"key":"BloodPotion"}],"is_trial":true,"path_per_floor":["M","M","$","M","M","M","R","?","T","M","M","R","M","M","R","B",null,"M","$","?","M","M","M","?","R","T","M","M","M","R","M","R","B",null,"M","M","?","M","?","R","?","M","T","M","$","M","M","M","R","B"],"character_chosen":"IRONCLAD","items_purchased":["Shuriken","Strawberry"],"campfire_rested":3,"item_purchase_floors":[],"current_hp_per_floor":[80,79,79,79,70,71,71,71,71,76,80,80,80,79,79,44,80,80,80,72,63,59,58,58,58,58,44,43,24,48,47,71,29,80,80,80,80,80,80,80,80,66,66,52,59,58,53,50,76,23],"gold":553,"neow_bonus":"","is_prod":false,"is_daily":false,"chose_seed":false,"campfire_upgraded":5,"win_rate":0.0,"timestamp":1533274678,"path_taken":["M","M","$","M","M","M","R","?","T","?","?","R","M","M","R","BOSS","M","$","?","M","M","M","?","R","T","M","M","M","R","M","R","BOSS","M","M","?","M","?","R","?","M","T","M","$","M","?","M","R","BOSS"],"build_version":"2018-08-02","purchased_purges":0,"victory":true,"max_hp_per_floor":[80,80,80,80,80,80,80,80,80,80,80,80,80,80,80,80,80,80,80,80,80,80,80,80,80,80,80,80,80,80,80,80,80,80,80,80,80,80,80,80,80,80,80,80,87,87,87,87,87,87],"card_choices":[{"not_picked":["Intimidate","Pommel Strike"],"picked":"Iron Wave","floor":0.0},{"not_picked":["Fire Breathing","Wild Strike"],"picked":"Iron Wave","floor":0.0},{"not_picked":["Pummel","Twin Strike"],"picked":"Iron Wave","floor":0.0},{"not_picked":["Heavy Blade","Clash"],"picked":"Flex","floor":0.0},{"not_picked":["Twin Strike","Thunderclap"],"picked":"Cleave","floor":0.0},{"not_picked":["Infernal Blade","Disarm"],"picked":"Combust","floor":0.0},{"not_picked":["Carnage","True Grit"],"picked":"Warcry","floor":0.0},{"not_picked":["Clash","Dual Wield"],"picked":"Evolve","floor":0.0},{"not_picked":["Dropkick","Intimidate"],"picked":"Disarm","floor":0.0},{"not_picked":["Entrench","Perfected Strike"],"picked":"Seeing Red","floor":0.0},{"not_picked":["Havoc","Heavy Blade"],"picked":"Rampage","floor":0.0},{"not_picked":["Sever Soul","Dual Wield"],"picked":"Cleave","floor":0.0},{"not_picked":["Clothesline","Perfected Strike"],"picked":"Seeing Red","floor":0.0},{"not_picked":["Evolve","Infernal Blade"],"picked":"Flame Barrier","floor":0.0},{"not_picked":["Flex","Uppercut"],"picked":"Headbutt","floor":0.0},{"not_picked":["Cleave","Anger"],"picked":"Flex","floor":1.0},{"not_picked":["Uppercut","Reckless Charge"],"picked":"Inflame","floor":2.0},{"not_picked":["Bloodletting","Shockwave","Flame Barrier"],"picked":"SKIP","floor":4.0},{"not_picked":["Clothesline","Hemokinesis","Uppercut"],"picked":"SKIP","floor":5.0},{"not_picked":["Second Wind","Twin Strike"],"picked":"Burning Pact","floor":6.0},{"not_picked":["Searing Blow","Perfected Strike"],"picked":"Whirlwind","floor":10.0},{"not_picked":["Twin Strike","Clothesline","Perfected Strike"],"picked":"SKIP","floor":11.0},{"not_picked":["Heavy Blade","Sentinel"],"picked":"Spot Weakness","floor":13.0},{"not_picked":["Wild Strike","Twin Strike","Heavy Blade"],"picked":"SKIP","floor":14.0},{"not_picked":["Barricade","Berserk"],"picked":"Offering","floor":16.0},{"not_picked":["Whirlwind","Dual Wield"],"picked":"Anger","floor":18.0},{"not_picked":["Perfected Strike","Warcry","Body Slam"],"picked":"SKIP","floor":21.0},{"not_picked":["Heavy Blade","Twin Strike","Ghostly Armor+1"],"picked":"SKIP","floor":22.0},{"not_picked":["Havoc","Fiend Fire"],"picked":"Iron Wave+1","floor":23.0},{"not_picked":["Sword Boomerang+1","Perfected Strike","Iron Wave"],"picked":"SKIP","floor":27.0},{"not_picked":["Whirlwind","Bloodletting"],"picked":"Battle Trance","floor":28.0},{"not_picked":["Clothesline","Wild Strike"],"picked":"Pommel Strike+1","floor":29.0},{"not_picked":["Disarm","Sever Soul","Cleave"],"picked":"SKIP","floor":31.0},{"not_picked":["Exhume","Limit Break"],"picked":"Offering","floor":33.0},{"not_picked":["Blood for Blood","Thunderclap","Rupture"],"picked":"SKIP","floor":35.0},{"not_picked":["Warcry+1","Clothesline","Heavy Blade+1"],"picked":"SKIP","floor":36.0},{"not_picked":["Headbutt","Entrench+1"],"picked":"Anger+1","floor":38.0},{"not_picked":["Good Instincts","Thinking Ahead"],"picked":"Finesse","floor":41.0},{"not_picked":["Perfected Strike","Shrug It Off+1","Warcry+1"],"picked":"SKIP","floor":42.0},{"not_picked":["Shrug It Off","Entrench"],"picked":"Rage+1","floor":44},{"not_picked":["Cleave+1","Twin Strike","Reckless Charge+1"],"picked":"SKIP","floor":46},{"not_picked":["Uppercut+1","Twin Strike+1"],"picked":"Flex","floor":47},{"not_picked":["Exhume","Sword Boomerang"],"picked":"Seeing Red+1","floor":48}],"player_experience":79529,"relics_obtained":[{"floor":8.0,"key":"Odd Mushroom"},{"floor":9.0,"key":"Toolbox"},{"floor":20.0,"key":"Red Mask"},{"floor":26.0,"key":"Lantern"},{"floor":43,"key":"Blood Vial"}],"event_choices":[{"event_name":"Mushrooms","player_choice":"Fought Mushrooms","floor":8.0,"damage_taken":0.0},{"event_name":"Masked Bandits","player_choice":"Fought over 185 gold","floor":20.0,"damage_taken":0.0},{"event_name":"Drug Dealer","player_choice":"Ignored","floor":24.0,"damage_taken":0.0},{"event_name":"Accursed Blacksmith","player_choice":"Forge","floor":37.0,"damage_taken":0.0},{"event_name":"Golden Shrine","player_choice":"Pray","floor":39.0,"damage_taken":0.0},{"event_name":"SensoryStone","player_choice":"Memory 1","floor":41.0,"damage_taken":0.0}],"is_beta":false,"boss_relics":[{"not_picked":["Philosopher\u0027s Stone","Calling Bell"],"picked":"Sozu"},{"not_picked":["Eternal Feather","Velvet Choker"],"picked":"Runic Pyramid"}],"items_purged_floors":[],"is_endless":false,"potions_floor_spawned":[2,10,11,13,14,18,21,29,31,33,36,44,46,47],"ascension_level":0}