{"gold_per_floor":[144,189,189,189,234,324,324,414,414,459,504,549,624,669,669,969,969,1014,364,289,289,89,179,179,224,224,269,314,359,449,449,449,749,749,794,839,884,929,974,1064,1109,1109,1109,1109,29,29,74,119,119,119],"floor_reached":51,"playtime":4309,"items_purged":[],"score":960,"play_id":"0ded677e-e948-4915-8435-b045007c9f40","local_time":"20190512214054","daily_mods":["SealedDeck","Hoarder","Midas"],"is_ascension_mode":false,"campfire_choices":[{"floor":7,"key":"REST"},{"floor":15,"key":"REST"},{"floor":24,"key":"REST"},{"floor":32,"key":"REST"},{"floor":44,"key":"REST"},{"floor":49,"key":"REST"}],"neow_cost":"","seed_source_timestamp":0,"circlet_count":0,"master_deck":["FTL+1","FTL","FTL","Cold Snap","Cold Snap","Cold Snap","FTL","FTL","FTL","Hologram","Hologram+1","Cold Snap+1","Cold Snap","Cold Snap","Conserve Battery","Conserve Battery","Conserve Battery","Ball Lightning","Ball Lightning","Ball Lightning","Go for the Eyes+1","Go for the Eyes","Go for the Eyes","Self Repair","Self Repair+1","Self Repair","White Noise","White Noise","White Noise","Gash","Gash","Gash","Machine Learning","Machine Learning","Machine Learning","Defragment","Defragment","Defragment","Capacitor","Capacitor","Capacitor","Ball Lightning+1","Ball Lightning+1","Ball Lightning+1","Skim+1","Skim+1","Skim+1","Seek","Seek","Seek","Barrage+1","Barrage+1","Barrage+1","Leap+1","Leap+1","Leap+1","Blizzard+1","Blizzard+1","Blizzard+1","Aggregate+1","Aggregate+1","Aggregate+1","Parasite","Parasite","Bandage Up","Bandage Up","Bandage Up+1"],"special_seed":18029,"relics":["Cracked Core","Pear","Gambling Chip","Dream Catcher","Kunai","MealTicket","Potion Belt","Dead Branch","Membership Card","FossilizedHelix","The Courier","Boot","Astrolabe","Omamori","Whetstone","Sling","Happy Flower","Strawberry","Bag of Preparation","War Paint","Bottled Tornado","Incense Burner","Singing Bowl","Emotion Chip","Bottled Lightning","Pen Nib","Molten Egg 2","Centennial Puzzle"],"potions_floor_usage":[23,33,38,40,50,50,50,50],"damage_taken":[{"damage":4,"enemies":"2 Louse","floor":1,"turns":2},{"damage":0,"enemies":"Small Slimes","floor":2,"turns":2},{"damage":4,"enemies":"Jaw Worm","floor":5,"turns":2},{"damage":5,"enemies":"3 Sentries","floor":6,"turns":5},{"damage":4,"enemies":"Gremlin Nob","floor":8,"turns":3},{"damage":0,"enemies":"Exordium Wildlife","floor":10,"turns":2},{"damage":11,"enemies":"Red Slaver","floor":11,"turns":3},{"damage":9,"enemies":"Large Slime","floor":12,"turns":2},{"damage":0,"enemies":"3 Louse","floor":14,"turns":2},{"damage":38,"enemies":"The Guardian","floor":16,"turns":8},{"damage":5,"enemies":"Spheric Guardian","floor":18,"turns":3},{"damage":27,"enemies":"Gremlin Leader","floor":23,"turns":7},{"damage":12,"enemies":"2 Thieves","floor":25,"turns":5},{"damage":3,"enemies":"Centurion and Healer","floor":27,"turns":6},{"damage":27,"enemies":"Cultist and Chosen","floor":28,"turns":5},{"damage":26,"enemies":"Snake Plant","floor":29,"turns":5},{"damage":27,"enemies":"Book of Stabbing","floor":30,"turns":5},{"damage":20,"enemies":"Champ","floor":33,"turns":8},{"damage":1,"enemies":"Orb Walker","floor":35,"turns":5},{"damage":21,"enemies":"3 Darklings","floor":36,"turns":6},{"damage":0,"enemies":"Maw","floor":37,"turns":6},{"damage":12,"enemies":"Writhing Mass","floor":38,"turns":6},{"damage":13,"enemies":"4 Shapes","floor":39,"turns":5},{"damage":69,"enemies":"Giant Head","floor":40,"turns":8},{"damage":0,"enemies":"Jaw Worm Horde","floor":41,"turns":3},{"damage":0,"enemies":"Transient","floor":47,"turns":5},{"damage":0,"enemies":"4 Shapes","floor":48,"turns":2},{"damage":34,"enemies":"Time Eater","floor":50,"turns":7}],"seed_played":"7421306700894987377","potions_obtained":[{"floor":6,"key":"SpeedPotion"},{"floor":10,"key":"FocusPotion"},{"floor":12,"key":"Dexterity Potion"},{"floor":16,"key":"FearPotion"},{"floor":18,"key":"AttackPotion"},{"floor":29,"key":"LiquidBronze"},{"floor":33,"key":"LiquidBronze"},{"floor":35,"key":"Fire Potion"},{"floor":38,"key":"SpeedPotion"},{"floor":39,"key":"Strength Potion"},{"floor":40,"key":"AttackPotion"},{"floor":47,"key":"Regen Potion"}],"is_trial":false,"path_per_floor":["M","M","?","?","M","E","R","E","T","M","M","M","?","M","R","B",null,"M","$","?","?","$","E","R","M","T","M","M","M","E","?","R","B",null,"M","M","M","M","M","E","M","?","T","R","$","?","M","M","R","B",null],"character_chosen":"DEFECT","items_purchased":["MealTicket","Potion Belt","Dead Branch","Membership Card","Sling","Happy Flower","Strawberry","Bag of Preparation","War Paint","Bottled Tornado","Incense Burner","Singing Bowl","Emotion Chip","Bottled Lightning","Pen Nib","Molten Egg 2","Centennial Puzzle"],"campfire_rested":6,"item_purchase_floors":[19,19,19,22,45,45,45,45,45,45,45,45,45,45,45,45,45],"current_hp_per_floor":[75,75,60,45,58,67,85,85,85,85,85,83,72,79,85,71,85,85,85,85,85,85,82,85,80,80,85,75,73,63,63,85,72,85,85,71,81,85,85,50,74,74,74,85,92,89,91,93,95,77],"gold":119,"neow_bonus":"","is_prod":false,"is_daily":true,"chose_seed":false,"campfire_upgraded":0,"win_rate":0,"timestamp":1557711654,"path_taken":["M","M","?","?","M","E","R","E","T","M","M","M","?","M","R","BOSS","M","$","?","?","?","E","R","M","T","M","?","M","E","?","R","BOSS","M","M","M","M","M","E","M","?","T","R","$","?","M","?","R","BOSS"],"build_version":"2019-01-23","purchased_purges":0,"victory":true,"max_hp_per_floor":[75,75,75,85,85,85,85,85,85,85,85,85,85,85,85,85,85,85,85,85,85,85,85,85,85,85,85,85,85,85,85,85,85,85,85,85,85,85,85,85,85,85,85,85,92,89,91,93,95,95],"card_choices":[{"not_picked":["Cold Snap","Steam","Sweeping Beam"],"picked":"SKIP","floor":1},{"not_picked":["Compile Driver","Hello World","Static Discharge"],"picked":"SKIP","floor":2},{"not_picked":["BootSequence","Darkness"],"picked":"White Noise","floor":5},{"not_picked":["Consume","Aggregate","Chill"],"picked":"SKIP","floor":6},{"not_picked":["Storm","Lockon"],"picked":"Gash","floor":8},{"not_picked":["Scrape","Echo Form","Redo"],"picked":"SKIP","floor":10},{"not_picked":["Double Energy","Stack","Leap"],"picked":"SKIP","floor":11},{"not_picked":["Double Energy","Conserve Battery","Beam Cell"],"picked":"SKIP","floor":12},{"not_picked":["Hello World","Redo","Aggregate"],"picked":"SKIP","floor":14},{"not_picked":["Fission","All For One"],"picked":"Machine Learning","floor":16},{"not_picked":["Conserve Battery","Hello World"],"picked":"Defragment","floor":18},{"not_picked":["Force Field","Hologram"],"picked":"Ball Lightning+1","floor":23},{"not_picked":["Redo","Auto Shields+1"],"picked":"Skim+1","floor":24},{"not_picked":["Glacier","Ball Lightning","Skim"],"picked":"SKIP","floor":25},{"not_picked":["Coolheaded","Cold Snap","Sweeping Beam+1"],"picked":"SKIP","floor":27},{"not_picked":["Ball Lightning","Rebound","Go for the Eyes+1"],"picked":"SKIP","floor":28},{"not_picked":["Redo","Coolheaded","Compile Driver+1"],"picked":"SKIP","floor":29},{"not_picked":["Ball Lightning","Coolheaded"],"picked":"Seek","floor":30},{"not_picked":["Leap+1","BootSequence+1"],"picked":"Aggregate+1","floor":35},{"not_picked":["Double Energy","Rebound","Hologram+1"],"picked":"SKIP","floor":36},{"not_picked":["Streamline+1","Loop+1","Beam Cell+1"],"picked":"SKIP","floor":37},{"not_picked":["Cold Snap","Turbo+1","Recycle"],"picked":"SKIP","floor":38},{"not_picked":["Hologram","Sweeping Beam+1","Streamline"],"picked":"SKIP","floor":39},{"not_picked":["Lockon+1","Hologram","Redo"],"picked":"SKIP","floor":40},{"not_picked":["Cold Snap","Leap","Gash+1"],"picked":"SKIP","floor":41},{"not_picked":["Violence","Good Instincts"],"picked":"Bandage Up","floor":42},{"not_picked":["Fusion","Compile Driver+1","Leap+1"],"picked":"Singing Bowl","floor":47},{"not_picked":["Stack+1","Compile Driver+1","Coolheaded+1"],"picked":"Singing Bowl","floor":48},{"not_picked":["Cold Snap+1","Fusion+1","Beam Cell+1"],"picked":"Singing Bowl","floor":49}],"player_experience":117792,"relics_obtained":[{"floor":6,"key":"Gambling Chip"},{"floor":8,"key":"Dream Catcher"},{"floor":9,"key":"Kunai"},{"floor":23,"key":"FossilizedHelix"},{"floor":26,"key":"The Courier"},{"floor":30,"key":"Boot"},{"floor":40,"key":"Omamori"},{"floor":43,"key":"Whetstone"}],"event_choices":[{"damage_healed":0,"gold_gain":0,"player_choice":"Entered Light","damage_taken":15,"max_hp_gain":0,"max_hp_loss":0,"event_name":"Shining Light","floor":3,"gold_loss":0,"cards_upgraded":["Self Repair","Cold Snap"]},{"damage_healed":0,"gold_gain":0,"player_choice":"Success","damage_taken":25,"relics_obtained":["Pear"],"max_hp_gain":0,"max_hp_loss":0,"event_name":"Scrap Ooze","floor":4,"gold_loss":0},{"damage_healed":0,"gold_gain":75,"player_choice":"Gather Gold","damage_taken":11,"max_hp_gain":0,"max_hp_loss":0,"event_name":"World of Goop","floor":13,"gold_loss":0},{"cards_removed":["Hologram"],"damage_healed":0,"gold_gain":0,"player_choice":"Gave Gold","damage_taken":0,"max_hp_gain":0,"max_hp_loss":0,"event_name":"Beggar","floor":20,"gold_loss":75},{"damage_healed":0,"gold_gain":0,"player_choice":"Read","damage_taken":0,"max_hp_gain":0,"max_hp_loss":0,"event_name":"The Library","floor":21,"gold_loss":0,"cards_obtained":["Capacitor"]},{"damage_healed":0,"gold_gain":0,"player_choice":"Ignored","damage_taken":0,"max_hp_gain":0,"max_hp_loss":0,"event_name":"Vampires","floor":31,"gold_loss":0},{"damage_healed":0,"gold_gain":0,"player_choice":"Memory 1","damage_taken":0,"max_hp_gain":0,"max_hp_loss":0,"event_name":"SensoryStone","floor":42,"gold_loss":0},{"cards_removed":["Parasite"],"damage_healed":0,"gold_gain":0,"player_choice":"Card Removal","damage_taken":0,"max_hp_gain":0,"max_hp_loss":0,"event_name":"Wheel of Change","floor":46,"gold_loss":0}],"is_beta":false,"boss_relics":[{"not_picked":["Coffee Dripper","Runic Dome","Velvet Choker"]},{"not_picked":["White Beast Statue","FrozenCore"],"picked":"Astrolabe"}],"items_purged_floors":[],"is_endless":false,"potions_floor_spawned":[6,10,12,16,18,29,33,35,38,39,40,47],"ascension_level":0}