{"path_per_floor":["M","?","?","?","M","E","M","E","T","R","M","M","R","M","R","B",null,"M","?","?","M","?","R","M","$","T","?","M","T","M","E","R","B",null,"M","?","$","?","M","R","?","R","T","M","M","M","?","?","R"],"character_chosen":"DEFECT","items_purchased":["Echo Form","Bottled Lightning","Streamline","Echo Form"],"gold_per_floor":[14,14,14,14,33,63,83,112,112,112,125,141,141,161,161,261,261,278,278,278,294,294,294,311,243,243,243,261,261,276,337,337,432,462,482,482,102,102,114,114,114,114,196,209,222,237,0,0,0,0],"floor_reached":50,"campfire_rested":2,"playtime":4128,"current_hp_per_floor":[74,77,77,77,78,40,41,14,14,14,21,28,53,62,62,54,85,85,59,59,59,59,59,57,57,57,57,59,59,59,33,50,37,64,44,44,44,36,64,64,64,64,64,61,64,64,64,64,64,0],"items_purged":[],"gold":0,"score":522,"play_id":"7e2cbe55-c8fb-46bd-98d5-6356df68a44b","local_time":"20180428002724","is_prod":false,"is_daily":false,"chose_seed":false,"is_ascension_mode":false,"campfire_upgraded":6,"timestamp":1524900444,"path_taken":["M","?","?","?","M","E","M","E","T","R","M","M","R","M","R","BOSS","M","?","?","?","?","R","M","$","T","?","?","?","M","E","R","BOSS","M","?","$","?","M","R","?","R","T","M","?","M","?","?","R","BOSS"],"build_version":"2018-04-27","seed_source_timestamp":0,"purchased_purges":0,"victory":false,"master_deck":["Defend_B","Defend_B","Zap+1","Self Repair","Sweeping Beam","Coolheaded+1","Genetic Algorithm+1","Cold Snap+1","Leap","FTL+1","Rip and Tear+1","Machine Learning","Go for the Eyes+1","Bite+1","Bite+1","Bite+1","Bite+1","Skim+1","Echo Form","Aggregate","Ball Lightning+1","Fission+1","Capacitor+1","Streamline+1","Echo Form","Madness","Madness","Double Energy+1","Undo","Biased Cognition","Aggregate+1","Glacier+1","Good Instincts"],"max_hp_per_floor":[75,85,85,85,85,85,85,85,85,85,85,85,85,85,85,85,85,85,59,59,59,59,59,59,59,59,59,59,59,59,59,59,59,64,64,64,64,64,64,64,64,64,64,64,64,64,64,64,64,64],"relics":["Cracked Core","Pear","Ice Cream","Molten Egg 2","Bird Faced Urn","Black Star","Question Card","Art of War","Happy Flower","Tiny Chest","Tiny House","Bottled Lightning","Centennial Puzzle","Red Mask"],"card_choices":[{"not_picked":["Melter","Buffer"],"picked":"Self Repair","floor":1.0},{"not_picked":["Heatsinks","Skim"],"picked":"Sweeping Beam","floor":5.0},{"not_picked":["Capacitor","Hello World"],"picked":"Coolheaded","floor":6.0},{"not_picked":["Amplify","Skim"],"picked":"Genetic Algorithm","floor":7.0},{"not_picked":["Force Field","Biased Cognition"],"picked":"Cold Snap","floor":8.0},{"not_picked":["Hologram","Stack"],"picked":"Leap","floor":11.0},{"not_picked":["Blaster","Tempest"],"picked":"FTL","floor":12.0},{"not_picked":["Rebound","Loop"],"picked":"Rip and Tear","floor":14.0},{"not_picked":["Reboot","Redo"],"picked":"Machine Learning","floor":16.0},{"not_picked":["Stack","Coolheaded"],"picked":"Go for the Eyes","floor":18},{"not_picked":["Leap","Conserve Battery"],"picked":"Skim","floor":24},{"not_picked":["Impulse","Blizzard","Thunder Strike"],"picked":"Aggregate","floor":28},{"not_picked":["Loop","Hello World","Cold Snap"],"picked":"Ball Lightning","floor":30},{"not_picked":["Creative AI","Fusion","Echo Form"],"picked":"Fission","floor":33},{"not_picked":["Melter","Cold Snap","Undo"],"picked":"Capacitor","floor":34},{"not_picked":["Machine Learning","Beam Cell","Self Repair"],"picked":"Double Energy","floor":39},{"not_picked":["Sweeping Beam","Rip and Tear","Conserve Battery"],"picked":"Aggregate","floor":44},{"not_picked":["Impulse","Leap","Cold Snap"],"picked":"Glacier","floor":46},{"not_picked":["Master of Strategy","Thinking Ahead","Dramatic Entrance"],"picked":"Good Instincts","floor":48}],"player_experience":476664,"potions_floor_usage":[21,31,33,50,50,50],"damage_taken":[{"damage":1.0,"enemies":"Jaw Worm","floor":1.0,"turns":4.0},{"damage":6.0,"enemies":"Cultist","floor":5.0,"turns":3.0},{"damage":45.0,"enemies":"Lagavulin","floor":6.0,"turns":7.0},{"damage":6.0,"enemies":"2 Louse","floor":7.0,"turns":3.0},{"damage":34.0,"enemies":"Gremlin Nob","floor":8.0,"turns":5.0},{"damage":2.0,"enemies":"Gremlin Gang","floor":11.0,"turns":2.0},{"damage":2.0,"enemies":"2 Fungi Beasts","floor":12.0,"turns":4.0},{"damage":0.0,"enemies":"Large Slime","floor":14.0,"turns":5.0},{"damage":17.0,"enemies":"Hexaghost","floor":16.0,"turns":8.0},{"damage":8,"enemies":"Shell Parasite","floor":18,"turns":9},{"damage":8,"enemies":"2 Thieves","floor":21,"turns":3},{"damage":29,"enemies":"Slaver and Parasite","floor":24,"turns":7},{"damage":12,"enemies":"Centurion and Healer","floor":28,"turns":8},{"damage":14,"enemies":"Cultist and Chosen","floor":30,"turns":8},{"damage":36,"enemies":"Slavers","floor":31,"turns":5},{"damage":35,"enemies":"Collector","floor":33,"turns":10},{"damage":55,"enemies":"3 Darklings","floor":35,"turns":6},{"damage":3,"enemies":"3 Shapes","floor":39,"turns":6},{"damage":14,"enemies":"Spire Growth","floor":44,"turns":4},{"damage":27,"enemies":"Flame Bruiser 2 Orb","floor":45,"turns":7},{"damage":39,"enemies":"4 Shapes","floor":46,"turns":6},{"damage":97,"enemies":"Awakened One","floor":50,"turns":5}],"event_choices":[{"event_name":"Scrap Ooze","player_choice":"success","floor":2.0,"damage_taken":7.0},{"event_name":"Purifier","player_choice":"One Purge","floor":3.0,"damage_taken":0.0},{"event_name":"The Cleric","player_choice":"Leave","floor":4.0,"damage_taken":0.0},{"event_name":"Vampires","player_choice":"Became a vampire","floor":19,"damage_taken":0},{"event_name":"Purifier","player_choice":"One Purge","floor":20,"damage_taken":0},{"event_name":"Transmorgrifier","player_choice":"Skipped","floor":22,"damage_taken":0},{"event_name":"Back to Basics","player_choice":"Elegance","floor":27,"damage_taken":0},{"event_name":"Mysterious Sphere","player_choice":"Ignore","floor":36,"damage_taken":0},{"event_name":"Winding Halls","player_choice":"Embrace Madness","floor":38,"damage_taken":0},{"event_name":"Match and Keep!","player_choice":"2 cards matched","floor":41,"damage_taken":0},{"event_name":"Tomb of Lord Red Mask","player_choice":"Paid","floor":47,"damage_taken":0},{"event_name":"SensoryStone","player_choice":"Memory 1","floor":48,"damage_taken":0}],"boss_relics":[{"not_picked":["Calling Bell","Runic Pyramid"],"picked":"Black Star"},{"not_picked":["White Beast Statue","Pandora\u0027s Box"],"picked":"Tiny House"}],"potions_floor_spawned":[1,6,12,14,16,18,24,39,44,45],"seed_played":"3608309278267305870","killed_by":"Awakened One","ascension_level":0,"is_trial":false}