{"path_per_floor":["M","?","?","$","M","E","M","E","T","M","?","E","R","M","R","B",null,"M","M","?","M","M","E","?","R","T","M","M","?","?","M","R","B",null,"M","?","?","?","?","E","R","M","T","E","$","M","M","M","R"],"character_chosen":"IRONCLAD","items_purchased":["Pummel","Seeing Red","Shrug It Off","Anchor","Fire Breathing"],"gold_per_floor":[114,114,114,3,22,60,79,117,117,136,136,174,174,193,193,318,318,303,303,303,303,303,303,303,303,303,303,303,303,253,253,253,253,253,253,253,253,253,253,253,253,253,253,253,6,6,6,6,6,6],"floor_reached":50,"campfire_rested":4,"playtime":2411,"current_hp_per_floor":[80,85,64,64,70,67,73,59,59,61,44,41,66,72,72,69,85,81,87,87,91,67,49,49,76,76,85,91,75,75,74,74,16,94,86,86,86,74,64,21,49,55,55,32,32,38,48,43,72,0],"items_purged":["Strike_R"],"gold":6,"score":644,"play_id":"f1820006-c4d5-4ab8-8d58-ec2aa8b40ae1","local_time":"20180430191345","daily_mods":["Diverse","Time Dilation","Lethality"],"is_prod":false,"is_daily":true,"chose_seed":false,"is_ascension_mode":false,"campfire_upgraded":2,"timestamp":1525140825,"path_taken":["M","?","?","?","M","E","M","E","T","?","?","E","R","?","R","BOSS","M","M","?","M","M","E","?","R","T","M","M","?","?","?","R","BOSS","M","?","?","?","?","E","R","M","T","E","$","M","M","?","R","BOSS"],"build_version":"2018-04-27v3","seed_source_timestamp":0,"purchased_purges":1,"victory":false,"master_deck":["Strike_R","Strike_R","Strike_R","Defend_R+1","Defend_R","Defend_R+1","Defend_R","Bash","Ghostly Armor","Pummel","Seeing Red","Reckless Charge","Sword Boomerang","Twin Strike","Anger","Armaments+1","Flex+1","Body Slam+1","Feed+1","Flex+1","Shrug It Off+1","Anger","Disarm+1","Flex+1","Pummel+1","Pummel+1","Reckless Charge","Finesse+1","Heavy Blade+1","Demon Form","Madness+1","Madness+1","Madness+1","Transmutation+1","Dramatic Entrance","Shockwave+1","Evolve","Shrug It Off+1","Fire Breathing","Iron Wave","Rage+1","Heavy Blade"],"max_hp_per_floor":[80,85,85,85,85,85,85,85,85,85,85,85,85,85,85,85,85,88,88,88,91,91,91,91,91,91,94,94,94,94,94,94,94,94,94,94,94,94,94,94,94,94,94,94,94,94,98,98,98,98],"relics":["Burning Blood","Golden Idol","Prayer Wheel","Mummified Hand","Toxic Egg 2","Lantern","Ectoplasm","Orichalcum","Self Forming Clay","Sozu","The Courier","Bottled Flame","Bag of Preparation","Anchor"],"card_choices":[{"not_picked":["Armaments","Cleave"],"picked":"Ghostly Armor","floor":1},{"not_picked":["Searing Blow","Rampage"],"picked":"Thunderclap","floor":5},{"not_picked":["Sword Boomerang","Hemokinesis"],"picked":"Reckless Charge","floor":6},{"not_picked":["Clothesline","Twin Strike"],"picked":"Sword Boomerang","floor":7},{"not_picked":["Havoc","Shrug It Off"],"picked":"Twin Strike","floor":8},{"not_picked":["Clothesline","Rampage"],"picked":"Anger","floor":9},{"not_picked":["Twin Strike","Thunderclap"],"picked":"Armaments","floor":10},{"not_picked":["Shrug It Off","Entrench"],"picked":"Flex","floor":12},{"not_picked":["Flex","Fire Breathing"],"picked":"Body Slam","floor":14},{"not_picked":["Exhume","Berserk"],"picked":"Feed","floor":16},{"not_picked":["Hemokinesis","Sentinel"],"picked":"Flex","floor":18},{"not_picked":["Entrench","Perfected Strike"],"picked":"Shrug It Off","floor":19},{"not_picked":["Bloodletting","Pommel Strike"],"picked":"Anger","floor":21},{"not_picked":["Headbutt","Cleave"],"picked":"Disarm","floor":22},{"not_picked":["Shrug It Off","Armaments"],"picked":"Flex","floor":23},{"not_picked":["Intimidate","Sword Boomerang"],"picked":"Pummel","floor":26},{"not_picked":["Havoc","Burning Pact"],"picked":"Pummel","floor":27},{"not_picked":["Flame Barrier","Body Slam"],"picked":"Reckless Charge","floor":28},{"not_picked":["Armaments","Flex"],"picked":"Heavy Blade","floor":31},{"not_picked":["Feed","Immolate"],"picked":"Demon Form","floor":33},{"not_picked":["Thinking Ahead","Purity"],"picked":"Madness","floor":39},{"not_picked":["Thinking Ahead","Apotheosis"],"picked":"Transmutation","floor":39},{"not_picked":["Secret Technique","Enlightenment"],"picked":"Dramatic Entrance","floor":39},{"not_picked":["Dropkick","Intimidate"],"picked":"Shockwave","floor":42},{"not_picked":["Sword Boomerang","True Grit"],"picked":"Evolve","floor":43},{"not_picked":["Combust","Clothesline"],"picked":"Iron Wave","floor":46},{"not_picked":["Perfected Strike","Sentinel"],"picked":"Rage","floor":47},{"not_picked":["Warcry","Anger"],"picked":"Heavy Blade","floor":48}],"player_experience":485174,"potions_floor_usage":[8,10,16,23,27,33,33,44],"damage_taken":[{"damage":0,"enemies":"2 Louse","floor":1,"turns":2},{"damage":0,"enemies":"Jaw Worm","floor":5,"turns":2},{"damage":9,"enemies":"Gremlin Nob","floor":6,"turns":3},{"damage":0,"enemies":"Small Slimes","floor":7,"turns":1},{"damage":20,"enemies":"Lagavulin","floor":8,"turns":4},{"damage":4,"enemies":"Exordium Wildlife","floor":10,"turns":3},{"damage":9,"enemies":"Gremlin Nob","floor":12,"turns":3},{"damage":0,"enemies":"Blue Slaver","floor":14,"turns":1},{"damage":9,"enemies":"Slime Boss","floor":16,"turns":4},{"damage":13,"enemies":"2 Thieves","floor":18,"turns":2},{"damage":0,"enemies":"Spheric Guardian","floor":19,"turns":3},{"damage":0,"enemies":"Centurion and Healer","floor":21,"turns":3},{"damage":30,"enemies":"Snake Plant","floor":22,"turns":3},{"damage":24,"enemies":"Book of Stabbing","floor":23,"turns":3},{"damage":0,"enemies":"Slaver and Parasite","floor":27,"turns":2},{"damage":0,"enemies":"Sentry and Sphere","floor":28,"turns":2},{"damage":7,"enemies":"Cultist and Chosen","floor":31,"turns":4},{"damage":64,"enemies":"Champ","floor":33,"turns":9},{"damage":14,"enemies":"Orb Walker","floor":35,"turns":2},{"damage":49,"enemies":"Nemesis","floor":40,"turns":5},{"damage":0,"enemies":"3 Darklings","floor":42,"turns":4},{"damage":29,"enemies":"2 Orb Walkers","floor":44,"turns":3},{"damage":0,"enemies":"4 Shapes","floor":46,"turns":3},{"damage":0,"enemies":"Spire Growth","floor":47,"turns":3},{"damage":11,"enemies":"Maw","floor":48,"turns":5},{"damage":95,"enemies":"Donu and Deca","floor":50,"turns":5}],"event_choices":[{"event_name":"Big Fish","player_choice":"Donut","floor":2,"damage_taken":0},{"event_name":"Golden Idol","player_choice":"Take Damage","floor":3,"damage_taken":0},{"event_name":"Shining Light","player_choice":"Entered Light","floor":11,"damage_taken":0},{"event_name":"Golden Shrine","player_choice":"Skipped","floor":20,"damage_taken":0},{"event_name":"Bonfire Elementals","player_choice":"BASIC","floor":24,"damage_taken":0},{"event_name":"Knowing Skull","player_choice":"CARD ","floor":29,"damage_taken":0},{"event_name":"The Joust","player_choice":"Bet on Murderer","floor":30,"damage_taken":0},{"event_name":"Wheel of Change","player_choice":"Gold","floor":36,"damage_taken":0},{"event_name":"Winding Halls","player_choice":"Embrace Madness","floor":38,"damage_taken":0},{"event_name":"SensoryStone","player_choice":"Memory 3","floor":39,"damage_taken":0}],"boss_relics":[{"not_picked":["Lizard Tail","Black Star"],"picked":"Ectoplasm"},{"not_picked":["Snecko Eye","Astrolabe"],"picked":"Sozu"}],"potions_floor_spawned":[6,7,10,12,16,22,23,28,42,46],"seed_played":"5608395613026536580","killed_by":"Donu and Deca","ascension_level":0,"is_trial":false}