{"gold_per_floor":[113,131,131,145,156,156,187,187,187,212,212,229,259,259,259,331,331,347,55,105,122,136,136,78,78,78,93,108,125,154,154,154,226,226,239,23,123,138,138,468,468,500,526,558,569,569],"floor_reached":46,"playtime":2791,"items_purged":["Strike_R","Strike_R"],"score":1200,"play_id":"a5301a86-f3fb-4b8c-823c-990012184d9e","local_time":"20190930204818","is_ascension_mode":true,"campfire_choices":[{"data":"Combust","floor":6.0,"key":"SMITH"},{"data":"Demon Form","floor":8.0,"key":"SMITH"},{"floor":11.0,"key":"REST"},{"data":"Offering","floor":15.0,"key":"SMITH"},{"floor":23.0,"key":"REST"},{"data":"Heavy Blade","floor":25.0,"key":"SMITH"},{"floor":32.0,"key":"REST"},{"data":"Apotheosis","floor":41.0,"key":"SMITH"}],"neow_cost":"NONE","seed_source_timestamp":1194820131941000,"circlet_count":0,"master_deck":["AscendersBane","Strike_R","Strike_R","Defend_R","Defend_R","Defend_R","Defend_R","Bash","Finesse","Clothesline","Headbutt","Inflame","Combust+1","Demon Form+1","Battle Trance","Offering+1","Feed","Shrug It Off","Heavy Blade+1","Offering","Ghostly Armor+1","Heavy Blade","Heavy Blade","Reaper","Bloodletting+1","Apotheosis+1","Ghostly Armor","Shrug It Off+1"],"special_seed":0,"relics":["Burning Blood","Anchor","Dodecahedron","Orichalcum","Pen Nib","Sozu","PreservedInsect","The Courier","Smiling Mask","Runic Cube","Gambling Chip","Old Coin","Bronze Scales","Juzu Bracelet","InkBottle"],"potions_floor_usage":[],"damage_taken":[{"damage":1.0,"enemies":"Cultist","floor":1.0,"turns":3.0},{"damage":11.0,"enemies":"Jaw Worm","floor":2.0,"turns":4.0},{"damage":9.0,"enemies":"Small Slimes","floor":4.0,"turns":4.0},{"damage":9.0,"enemies":"Looter","floor":5.0,"turns":4.0},{"damage":33.0,"enemies":"Lagavulin","floor":7.0,"turns":7.0},{"damage":24.0,"enemies":"Gremlin Nob","floor":10.0,"turns":4.0},{"damage":0.0,"enemies":"2 Fungi Beasts","floor":12.0,"turns":4.0},{"damage":13.0,"enemies":"Lagavulin","floor":13.0,"turns":5.0},{"damage":32.0,"enemies":"Hexaghost","floor":16.0,"turns":8.0},{"damage":26.0,"enemies":"Spheric Guardian","floor":18.0,"turns":4.0},{"damage":9.0,"enemies":"Chosen","floor":21.0,"turns":4.0},{"damage":23.0,"enemies":"3 Cultists","floor":22.0,"turns":4.0},{"damage":6.0,"enemies":"Centurion and Healer","floor":27.0,"turns":4.0},{"damage":14.0,"enemies":"Snake Plant","floor":28.0,"turns":3.0},{"damage":18.0,"enemies":"Snecko","floor":29.0,"turns":4.0},{"damage":12.0,"enemies":"Slavers","floor":30.0,"turns":3.0},{"damage":51.0,"enemies":"Collector","floor":33.0,"turns":6.0},{"damage":27.0,"enemies":"Orb Walker","floor":35.0,"turns":4.0},{"damage":18.0,"enemies":"Mind Bloom Boss Battle","floor":37.0,"turns":8.0},{"damage":27.0,"enemies":"3 Shapes","floor":38.0,"turns":19.0},{"damage":22.0,"enemies":"Maw","floor":39.0,"turns":5.0},{"damage":28.0,"enemies":"Giant Head","floor":40.0,"turns":5.0},{"damage":28.0,"enemies":"Reptomancer","floor":42.0,"turns":4.0},{"damage":59.0,"enemies":"Giant Head","floor":44.0,"turns":6.0},{"damage":11.0,"enemies":"Transient","floor":45.0,"turns":6.0},{"damage":39,"enemies":"3 Darklings","floor":46,"turns":2}],"seed_played":"-8986171520792530795","potions_obtained":[{"floor":1.0,"key":"Block Potion"},{"floor":5.0,"key":"EntropicBrew"},{"floor":12.0,"key":"SkillPotion"},{"floor":13.0,"key":"Strength Potion"}],"is_trial":false,"path_per_floor":["M","M","?","M","M","R","E","R","T","E","R","M","E","?","R","B",null,"M","$","?","M","M","R","$","R","T","M","M","M","E","?","R","B",null,"M","$","?","M","M","E","R","E","T","E","M","M"],"character_chosen":"IRONCLAD","items_purchased":["PreservedInsect","Shrug It Off","Heavy Blade","Apotheosis"],"campfire_rested":3,"item_purchase_floors":[19,19,24,36],"current_hp_per_floor":[73,68,68,65,62,62,35,35,35,17,39,45,38,38,38,12,59,42,42,42,42,28,53,53,53,53,56,48,36,33,33,60,15,71,59,59,81,96,95,96,96,74,74,21,38,0],"gold":569,"neow_bonus":"RANDOM_COLORLESS","is_prod":false,"is_daily":false,"chose_seed":false,"campfire_upgraded":5,"win_rate":0,"timestamp":1569901698,"path_taken":["M","M","?","?","M","R","E","R","T","E","R","M","E","?","R","BOSS","M","$","?","M","M","R","$","R","T","M","M","M","E","?","R","BOSS","M","$","?","M","M","E","R","E","T","E","M","M"],"build_version":"2019-09-27","purchased_purges":2,"victory":false,"max_hp_per_floor":[75,75,75,75,75,75,75,75,75,75,75,75,75,75,75,75,75,78,78,78,81,84,84,84,84,84,87,87,87,90,90,90,90,90,93,93,93,96,96,96,96,96,96,96,96,96],"card_choices":[{"not_picked":["Dramatic Entrance","Forethought"],"picked":"Finesse","floor":0.0},{"not_picked":["Thunderclap","Rupture"],"picked":"Clothesline","floor":1.0},{"not_picked":["Clash","Perfected Strike"],"picked":"Headbutt","floor":2.0},{"not_picked":["Shrug It Off","Corruption"],"picked":"Inflame","floor":4.0},{"not_picked":["Rampage","Havoc"],"picked":"Combust","floor":5.0},{"not_picked":["Bloodletting","Evolve"],"picked":"Demon Form","floor":7.0},{"not_picked":["Pommel Strike","Clothesline"],"picked":"Battle Trance","floor":10.0},{"not_picked":["Flex","Clash","Bloodletting"],"picked":"SKIP","floor":12.0},{"not_picked":["Shockwave","Perfected Strike"],"picked":"Offering","floor":13.0},{"not_picked":["Fiend Fire","Berserk"],"picked":"Feed","floor":16.0},{"not_picked":["Thunderclap","Clash","Cleave"],"picked":"SKIP","floor":18.0},{"not_picked":["Havoc","Pommel Strike","Sever Soul"],"picked":"SKIP","floor":21.0},{"not_picked":["Combust","Entrench","Pommel Strike"],"picked":"SKIP","floor":22.0},{"not_picked":["Clothesline","True Grit"],"picked":"Offering","floor":27.0},{"not_picked":["Power Through","Warcry"],"picked":"Ghostly Armor+1","floor":28.0},{"not_picked":["Uppercut","Pommel Strike"],"picked":"Heavy Blade","floor":29.0},{"not_picked":["Twin Strike","Havoc+1"],"picked":"Heavy Blade","floor":30.0},{"not_picked":["Offering","Exhume"],"picked":"Reaper","floor":33.0},{"not_picked":["Carnage","Warcry"],"picked":"Bloodletting+1","floor":35.0},{"not_picked":["Body Slam","Twin Strike"],"picked":"Ghostly Armor","floor":37.0},{"not_picked":["Armaments+1","Clothesline+1","Havoc"],"picked":"SKIP","floor":38.0},{"not_picked":["Havoc+1","Anger","Thunderclap"],"picked":"SKIP","floor":40.0},{"not_picked":["Carnage","Anger+1"],"picked":"Shrug It Off+1","floor":42.0},{"not_picked":["Thunderclap","Fire Breathing","Hemokinesis+1"],"picked":"SKIP","floor":44.0},{"not_picked":["Carnage","Clash","Blood for Blood"],"picked":"SKIP","floor":45.0}],"player_experience":1161618,"relics_obtained":[{"floor":7.0,"key":"Anchor"},{"floor":9.0,"key":"Dodecahedron"},{"floor":10.0,"key":"Orichalcum"},{"floor":13.0,"key":"Pen Nib"},{"floor":26.0,"key":"The Courier"},{"floor":30.0,"key":"Smiling Mask"},{"floor":37.0,"key":"Gambling Chip"},{"floor":40.0,"key":"Old Coin"},{"floor":42.0,"key":"Bronze Scales"},{"floor":43.0,"key":"Juzu Bracelet"},{"floor":44.0,"key":"InkBottle"}],"event_choices":[{"cards_removed":["Strike_R"],"damage_healed":0.0,"max_hp_gain":0.0,"max_hp_loss":0.0,"gold_gain":0.0,"event_name":"Purifier","player_choice":"Purged","floor":3.0,"gold_loss":0.0,"damage_taken":0.0},{"damage_healed":0.0,"max_hp_gain":0.0,"max_hp_loss":0.0,"gold_gain":0.0,"event_name":"Liars Game","player_choice":"Ignored","floor":14.0,"gold_loss":0.0,"damage_taken":0.0},{"damage_healed":0.0,"max_hp_gain":0.0,"max_hp_loss":0.0,"gold_gain":50.0,"event_name":"Nest","player_choice":"Stole From Cult","floor":20.0,"gold_loss":0.0,"damage_taken":0.0},{"damage_healed":0.0,"max_hp_gain":0.0,"max_hp_loss":0.0,"gold_gain":0.0,"event_name":"Ghosts","player_choice":"Ignored","floor":31.0,"gold_loss":0.0,"damage_taken":0.0},{"damage_healed":0.0,"max_hp_gain":0.0,"max_hp_loss":0.0,"gold_gain":0.0,"event_name":"MindBloom","player_choice":"Fight","floor":37.0,"gold_loss":0.0,"damage_taken":0.0}],"is_beta":true,"boss_relics":[{"not_picked":["Fusion Hammer","Pandora\u0027s Box"],"picked":"Sozu"},{"not_picked":["Philosopher\u0027s Stone","Astrolabe"],"picked":"Runic Cube"}],"items_purged_floors":[19,36],"is_endless":false,"potions_floor_spawned":[1,5,12,13,16,18,21,27,29,38,40,45],"killed_by":"3 Darklings","ascension_level":20}