{"gold_per_floor":[119,136,149,149,168,168,201,201,201,45,75,94,104,136,136,232,232,252,252,270,270],"floor_reached":21,"playtime":1335,"items_purged":[],"score":294,"play_id":"d21e1f85-c2e9-4af5-8dad-be55cac9a89f","local_time":"20191002072327","is_ascension_mode":true,"campfire_choices":[{"data":"Armaments","floor":6,"key":"SMITH"},{"data":"Demon Form","floor":8,"key":"SMITH"},{"floor":15,"key":"DIG"}],"neow_cost":"NONE","seed_source_timestamp":442230540889609,"circlet_count":0,"master_deck":["Strike_R","Strike_R","Defend_R","Defend_R","Defend_R","Defend_R","Bash","Pommel Strike","Demon Form+1","Armaments+1","Second Wind","Uppercut","Offering","Entrench","Dropkick","Double Tap","Iron Wave","Brutality","Anger","Rupture"],"relics":["Burning Blood","Mercury Hourglass","Mummified Hand","PreservedInsect","Kunai","Shovel","Ancient Tea Set","Black Star"],"potions_floor_usage":[1,5,7,14,16,16,16,16,21],"damage_taken":[{"damage":0,"enemies":"2 Louse","floor":1,"turns":1},{"damage":1,"enemies":"Cultist","floor":2,"turns":3},{"damage":10,"enemies":"Jaw Worm","floor":3,"turns":5},{"damage":14,"enemies":"3 Louse","floor":5,"turns":5},{"damage":20,"enemies":"Lagavulin","floor":7,"turns":7},{"damage":16,"enemies":"Gremlin Nob","floor":11,"turns":3},{"damage":9,"enemies":"Lots of Slimes","floor":12,"turns":3},{"damage":6,"enemies":"2 Fungi Beasts","floor":13,"turns":3},{"damage":6,"enemies":"Lagavulin","floor":14,"turns":6},{"damage":8,"enemies":"Hexaghost","floor":16,"turns":9},{"damage":33,"enemies":"2 Thieves","floor":18,"turns":5},{"damage":15,"enemies":"Shell Parasite","floor":20,"turns":3},{"damage":34,"enemies":"Chosen and Byrds","floor":21,"turns":4}],"seed_played":"5023939868296570200","potions_obtained":[{"floor":0,"key":"EntropicBrew"},{"floor":0,"key":"AttackPotion"},{"floor":0,"key":"Strength Potion"},{"floor":1,"key":"PowerPotion"},{"floor":5,"key":"Poison Potion"},{"floor":7,"key":"Energy Potion"},{"floor":11,"key":"EssenceOfSteel"},{"floor":20,"key":"Swift Potion"}],"is_trial":false,"path_per_floor":["M","M","M","?","M","R","E","R","T","$","E","M","M","E","R","B",null,"M","?","M","M"],"character_chosen":"IRONCLAD","items_purchased":["PreservedInsect"],"campfire_rested":0,"item_purchase_floors":[10],"current_hp_per_floor":[78,80,76,76,68,68,54,54,54,54,44,41,41,41,41,39,70,43,43,34,0],"gold":270,"neow_bonus":"THREE_SMALL_POTIONS","is_prod":false,"is_daily":false,"chose_seed":false,"campfire_upgraded":2,"win_rate":0,"timestamp":1570026207,"path_taken":["M","M","M","?","M","R","E","R","T","$","E","M","M","E","R","BOSS","M","?","M","M"],"build_version":"2019-07-17","purchased_purges":0,"victory":false,"max_hp_per_floor":[80,80,80,80,80,80,80,80,80,80,80,80,80,80,80,80,80,80,80,80,80],"card_choices":[{"not_picked":["Sentinel","Reckless Charge"],"picked":"Pommel Strike","floor":1},{"not_picked":["Headbutt","Carnage"],"picked":"Demon Form","floor":2},{"not_picked":["Clash","Twin Strike"],"picked":"Armaments","floor":3},{"not_picked":["Battle Trance","Cleave"],"picked":"Uppercut","floor":5},{"not_picked":["Body Slam","Havoc"],"picked":"Offering","floor":7},{"not_picked":["Armaments","Clothesline","Carnage"],"picked":"SKIP","floor":11},{"not_picked":["Thunderclap","Armaments","True Grit"],"picked":"SKIP","floor":12},{"not_picked":["Disarm","Perfected Strike"],"picked":"Entrench","floor":13},{"not_picked":["Perfected Strike","Bloodletting"],"picked":"Dropkick","floor":14},{"not_picked":["Dark Embrace","Exhume"],"picked":"Double Tap","floor":16},{"not_picked":["Clash","Reckless Charge"],"picked":"Iron Wave","floor":18},{"not_picked":["Warcry+1","Cleave"],"picked":"Rupture","floor":20}],"player_experience":653600,"relics_obtained":[{"floor":7,"key":"Mercury Hourglass"},{"floor":9,"key":"Mummified Hand"},{"floor":11,"key":"Kunai"},{"floor":14,"key":"Shovel"},{"floor":15,"key":"Ancient Tea Set"}],"event_choices":[{"damage_healed":0,"gold_gain":0,"cards_transformed":["Strike_R"],"player_choice":"Transformed","damage_taken":0,"max_hp_gain":0,"max_hp_loss":0,"event_name":"Transmorgrifier","floor":4,"gold_loss":0,"cards_obtained":["Second Wind"]},{"damage_healed":0,"gold_gain":0,"cards_transformed":["Strike_R","Strike_R"],"player_choice":"Became Test Subject","damage_taken":0,"max_hp_gain":0,"max_hp_loss":0,"event_name":"Drug Dealer","floor":19,"gold_loss":0,"cards_obtained":["Brutality","Anger"]}],"is_beta":false,"boss_relics":[{"not_picked":["Cursed Key","Astrolabe"],"picked":"Black Star"}],"items_purged_floors":[],"is_endless":false,"potions_floor_spawned":[1,5,7,11,20],"killed_by":"Chosen and Byrds","ascension_level":6}