{"gold_per_floor":[114,189,207,230,230,259,278,308,308,325,357,357,357,377,377,470,470,489,489,503,257,280,280,320,333,333,333,39,63,63,81,81,179,179,202,12,30,53,178,178,178],"floor_reached":41,"playtime":2630,"items_purged":["Strike_G","Strike_G"],"score":870,"play_id":"0433b453-ceab-4fb7-a756-0560ca4e2a1f","local_time":"20190716144250","is_ascension_mode":true,"campfire_choices":[{"floor":12.0,"key":"REST"},{"data":"Prepared","floor":15.0,"key":"SMITH"},{"data":"Footwork","floor":23.0,"key":"SMITH"},{"data":"Burst","floor":27.0,"key":"SMITH"},{"data":"Calculated Gamble","floor":30.0,"key":"SMITH"},{"data":"Bouncing Flask","floor":32.0,"key":"SMITH"}],"neow_cost":"NONE","seed_source_timestamp":9171723377243190,"circlet_count":0,"master_deck":["AscendersBane","Defend_G","Defend_G","Defend_G","Defend_G","Defend_G","Survivor","Neutralize","Bouncing Flask+1","Footwork+1","Deadly Poison","Leg Sweep","Flechettes","Poisoned Stab","Prepared+1","Burst+1","Distraction+1","Cloak And Dagger+1","Escape Plan","Calculated Gamble+1","Dodge and Roll+1","Deflect","Reflex","Escape Plan","Acrobatics","Cloak And Dagger","Corpse Explosion","Predator+1","Venomology+1","Crippling Poison+1","Caltrops","Prepared+1","Backflip","Crippling Poison"],"special_seed":0,"relics":["Ring of the Snake","NeowsBlessing","Tiny Chest","Potion Belt","FaceOfCleric","Vajra","Pen Nib","Question Card","Thread and Needle","Golden Idol","Eternal Feather","Lantern","Letter Opener","Art of War","Astrolabe","Girya"],"potions_floor_usage":[41,41,41],"damage_taken":[{"damage":0.0,"enemies":"Cultist","floor":1.0,"turns":1.0},{"damage":0.0,"enemies":"Jaw Worm","floor":3.0,"turns":1.0},{"damage":0.0,"enemies":"3 Sentries","floor":6.0,"turns":2.0},{"damage":5.0,"enemies":"2 Louse","floor":7.0,"turns":3.0},{"damage":20.0,"enemies":"Lagavulin","floor":8.0,"turns":7.0},{"damage":15.0,"enemies":"Gremlin Gang","floor":10.0,"turns":5.0},{"damage":12.0,"enemies":"3 Sentries","floor":11.0,"turns":10.0},{"damage":0.0,"enemies":"3 Louse","floor":14.0,"turns":3.0},{"damage":25.0,"enemies":"The Guardian","floor":16.0,"turns":9.0},{"damage":0.0,"enemies":"Spheric Guardian","floor":18.0,"turns":2.0},{"damage":40.0,"enemies":"Chosen","floor":20.0,"turns":6.0},{"damage":0.0,"enemies":"Snake Plant","floor":22.0,"turns":6.0},{"damage":10.0,"enemies":"Book of Stabbing","floor":24.0,"turns":7.0},{"damage":3.0,"enemies":"Shelled Parasite and Fungi","floor":25.0,"turns":7.0},{"damage":0.0,"enemies":"Centurion and Healer","floor":29.0,"turns":7.0},{"damage":4.0,"enemies":"Snake Plant","floor":31.0,"turns":3.0},{"damage":64.0,"enemies":"Automaton","floor":33.0,"turns":15.0},{"damage":0.0,"enemies":"3 Shapes","floor":35.0,"turns":3.0},{"damage":0.0,"enemies":"3 Darklings","floor":37.0,"turns":2.0},{"damage":31.0,"enemies":"Transient","floor":38.0,"turns":6.0},{"damage":0.0,"enemies":"Mind Bloom Boss Battle","floor":39.0,"turns":6.0},{"damage":32,"enemies":"Time Eater","floor":41,"turns":8}],"seed_played":"-9053074126244641260","potions_obtained":[{"floor":6.0,"key":"GhostInAJar"},{"floor":7.0,"key":"SteroidPotion"},{"floor":8.0,"key":"LiquidBronze"},{"floor":14.0,"key":"LiquidBronze"},{"floor":19.0,"key":"SneckoOil"},{"floor":19.0,"key":"PowerPotion"},{"floor":22.0,"key":"Regen Potion"},{"floor":24.0,"key":"LiquidBronze"},{"floor":25.0,"key":"Ancient Potion"}],"is_trial":false,"path_per_floor":["M","T","M","T","?","E","M","E","T","M","E","R","?","M","R","B",null,"M","?","M","$","M","R","E","M","T","R","$","M","R","M","R","B",null,"M","$","M","M","?","?","B"],"character_chosen":"THE_SILENT","items_purchased":["Escape Plan","Calculated Gamble","Swift Potion","Reflex","Escape Plan","Art of War","Caltrops"],"campfire_rested":1,"item_purchase_floors":[21,21,21,28,28,28,36],"current_hp_per_floor":[59,59,59,59,59,60,56,37,37,23,12,33,33,34,34,10,52,53,53,14,14,15,27,33,31,31,46,46,47,62,59,73,10,58,59,59,60,30,31,31,0],"gold":178,"neow_bonus":"THREE_ENEMY_KILL","is_prod":false,"is_daily":false,"chose_seed":false,"campfire_upgraded":5,"win_rate":0,"timestamp":1563266570,"path_taken":["M","?","M","?","?","E","?","E","T","M","E","R","?","M","R","BOSS","M","?","M","?","M","R","E","M","T","R","$","M","R","M","R","BOSS","M","$","?","?","?","?","BOSS"],"build_version":"2019-07-05","purchased_purges":2,"victory":false,"max_hp_per_floor":[66,66,66,66,66,67,68,69,69,70,71,71,64,65,65,66,66,67,67,68,68,69,69,70,71,71,71,71,72,72,73,73,74,74,75,75,76,77,78,78,78],"card_choices":[{"not_picked":["Backflip","Infinite Blades"],"picked":"Bouncing Flask","floor":1.0},{"not_picked":["Outmaneuver","Prepared"],"picked":"Footwork","floor":3.0},{"not_picked":["Dagger Spray","Quick Slash"],"picked":"Deadly Poison","floor":6.0},{"not_picked":["Leg Sweep","Backflip","Blur"],"picked":"SKIP","floor":7.0},{"not_picked":["Backflip","Blur"],"picked":"Leg Sweep","floor":7.0},{"not_picked":["Deflect","Slice"],"picked":"Flechettes","floor":8.0},{"not_picked":["Underhanded Strike","Reflex","Flechettes"],"picked":"Poisoned Stab","floor":10.0},{"not_picked":["Slice","Masterful Stab","Predator"],"picked":"Prepared","floor":11.0},{"not_picked":["Setup","Dagger Throw","Sucker Punch","Concentrate"],"picked":"SKIP","floor":14.0},{"not_picked":["Bullet Time","Envenom","Malaise"],"picked":"Burst","floor":16.0},{"not_picked":["Prepared","Deadly Poison","PiercingWail"],"picked":"Distraction+1","floor":18.0},{"not_picked":["Tactician+1","Heel Hook","Deadly Poison"],"picked":"Cloak And Dagger+1","floor":20.0},{"not_picked":["Skewer","Distraction","Dagger Throw","Expertise+1"],"picked":"SKIP","floor":22.0},{"not_picked":["Skewer","Distraction","Dagger Throw","Expertise+1"],"picked":"SKIP","floor":22.0},{"not_picked":["Flying Knee","Expertise","Wraith Form v2"],"picked":"Dodge and Roll+1","floor":24.0},{"not_picked":["Infinite Blades","Prepared","Caltrops"],"picked":"Deflect","floor":25.0},{"not_picked":["Blur+1","Bane","Catalyst"],"picked":"Acrobatics","floor":29.0},{"not_picked":["Storm of Steel","Dodge and Roll","Flying Knee"],"picked":"Cloak And Dagger","floor":31.0},{"not_picked":["Doppelganger","Bullet Time","Tools of the Trade"],"picked":"Corpse Explosion","floor":33.0},{"not_picked":["Setup","Sucker Punch","Endless Agony","Acrobatics"],"picked":"SKIP","floor":35.0},{"not_picked":["Flying Knee","Backflip+1","Cloak And Dagger"],"picked":"Prepared+1","floor":37.0},{"not_picked":["Acrobatics+1","Slice+1","Grand Finale"],"picked":"Backflip","floor":38.0},{"not_picked":["Dagger Spray","Reflex","Deflect"],"picked":"Crippling Poison","floor":39.0}],"player_experience":1540060,"relics_obtained":[{"floor":2.0,"key":"Tiny Chest"},{"floor":4.0,"key":"Potion Belt"},{"floor":6.0,"key":"Vajra"},{"floor":8.0,"key":"Pen Nib"},{"floor":9.0,"key":"Question Card"},{"floor":11.0,"key":"Thread and Needle"},{"floor":24.0,"key":"Lantern"},{"floor":26.0,"key":"Letter Opener"},{"floor":39.0,"key":"Girya"}],"event_choices":[{"damage_healed":0.0,"max_hp_gain":0.0,"max_hp_loss":0.0,"gold_gain":0.0,"event_name":"FaceTrader","player_choice":"Trade","floor":5.0,"gold_loss":0.0,"damage_taken":0.0,"relics_obtained":["FaceOfCleric"]},{"damage_healed":0.0,"max_hp_gain":0.0,"max_hp_loss":7.0,"gold_gain":0.0,"event_name":"Golden Idol","player_choice":"Lose Max HP","floor":13.0,"gold_loss":0.0,"damage_taken":0.0,"relics_obtained":["Golden Idol"]},{"damage_healed":0.0,"max_hp_gain":0.0,"max_hp_loss":0.0,"gold_gain":0.0,"event_name":"Lab","player_choice":"Got Potions","floor":19.0,"gold_loss":0.0,"damage_taken":0.0},{"damage_healed":0.0,"max_hp_gain":0.0,"max_hp_loss":0.0,"gold_gain":0.0,"event_name":"MindBloom","player_choice":"Fight","floor":39.0,"gold_loss":0.0,"damage_taken":0.0},{"damage_healed":0.0,"max_hp_gain":0.0,"max_hp_loss":0.0,"gold_gain":0.0,"event_name":"SecretPortal","player_choice":"Took Portal","floor":40.0,"gold_loss":0.0,"damage_taken":0.0}],"is_beta":false,"boss_relics":[{"not_picked":["HoveringKite","Velvet Choker"],"picked":"Eternal Feather"},{"not_picked":["Snecko Eye","Calling Bell"],"picked":"Astrolabe"}],"items_purged_floors":[21,36],"is_endless":false,"potions_floor_spawned":[6,7,8,14,22,24,25],"killed_by":"Time Eater","ascension_level":18}