{"gold_per_floor":[110,110,125,125,140,140,165,90,90,117,132,132,145,10,10,111,111,123,140,140,140,140,140,172,172,172,182,182],"floor_reached":28,"playtime":1277,"items_purged":["Strike_B","Strike_B"],"score":271,"play_id":"c74f7fa1-8fb8-4c1f-ad39-9e5d0511b31c","local_time":"20191002125400","is_ascension_mode":true,"campfire_choices":[{"data":"Zap","floor":6,"key":"SMITH"},{"floor":12,"key":"REST"},{"data":"Darkness","floor":15,"key":"SMITH"},{"floor":23,"key":"REST"}],"neow_cost":"NONE","seed_source_timestamp":61562450993400,"circlet_count":0,"master_deck":["Strike_B+1","Strike_B+1","Defend_B+1","Defend_B+1","Defend_B+1","Defend_B+1","Zap+1","Dualcast","Cold Snap","Ball Lightning","Coolheaded","Melter","Reprogram","Defragment","Darkness+1","Blizzard","Echo Form","Self Repair","Leap","Storm","Buffer"],"relics":["Philosopher\u0027s Stone","Bottled Flame","Symbiotic Virus","Toy Ornithopter","Inserter","Dead Branch","Smiling Mask"],"potions_floor_usage":[7,16,24],"damage_taken":[{"damage":10,"enemies":"Small Slimes","floor":1,"turns":4},{"damage":0,"enemies":"Cultist","floor":3,"turns":4},{"damage":1,"enemies":"Jaw Worm","floor":5,"turns":3},{"damage":10,"enemies":"Gremlin Nob","floor":7,"turns":3},{"damage":14,"enemies":"3 Sentries","floor":10,"turns":6},{"damage":0,"enemies":"Looter","floor":11,"turns":3},{"damage":0,"enemies":"3 Louse","floor":13,"turns":3},{"damage":30,"enemies":"Slime Boss","floor":16,"turns":5},{"damage":43,"enemies":"3 Byrds","floor":18,"turns":5},{"damage":20,"enemies":"Chosen","floor":19,"turns":5},{"damage":66,"enemies":"Slavers","floor":24,"turns":5},{"damage":19,"enemies":"Snake Plant","floor":27,"turns":2},{"damage":19,"enemies":"Gremlin Leader","floor":28,"turns":2}],"seed_played":"6634542157071192766","potions_obtained":[{"floor":1,"key":"Swift Potion"},{"floor":7,"key":"FairyPotion"},{"floor":10,"key":"Swift Potion"},{"floor":11,"key":"Regen Potion"},{"floor":16,"key":"Fire Potion"},{"floor":19,"key":"DuplicationPotion"},{"floor":27,"key":"PotionOfCapacity"}],"is_trial":false,"path_per_floor":["M","?","M","?","M","R","E","$","T","E","M","R","M","$","R","B",null,"M","M","?","?","?","R","E","?","T","M","E"],"character_chosen":"DEFECT","items_purchased":["Blizzard"],"campfire_rested":2,"item_purchase_floors":[14],"current_hp_per_floor":[65,65,65,58,57,57,47,47,47,33,33,55,55,55,55,44,75,32,19,5,5,31,55,31,31,31,12,0],"gold":182,"neow_bonus":"BOSS_RELIC","is_prod":false,"is_daily":false,"chose_seed":false,"campfire_upgraded":2,"win_rate":0,"timestamp":1570046040,"path_taken":["M","?","?","?","M","R","E","$","T","E","M","R","M","$","R","BOSS","M","?","?","?","?","R","E","?","T","?","E"],"build_version":"2019-10-02","purchased_purges":2,"victory":false,"max_hp_per_floor":[75,75,75,75,75,75,75,75,75,75,75,75,75,75,75,75,75,75,75,80,80,80,80,80,80,80,80,80],"card_choices":[{"not_picked":["Double Energy","Redo"],"picked":"Cold Snap","floor":1},{"not_picked":["Streamline","Cold Snap"],"picked":"Ball Lightning","floor":3},{"not_picked":["Sweeping Beam","Storm"],"picked":"Coolheaded","floor":5},{"not_picked":["Static Discharge","Hologram"],"picked":"Melter","floor":7},{"not_picked":["Redo","Hyperbeam"],"picked":"Reprogram","floor":10},{"not_picked":["Coolheaded","Hologram"],"picked":"Defragment","floor":11},{"not_picked":["Hello World","Beam Cell"],"picked":"Darkness","floor":13},{"not_picked":["Meteor Strike","Biased Cognition"],"picked":"Echo Form","floor":16},{"not_picked":["Barrage","Leap"],"picked":"Self Repair","floor":18},{"not_picked":["Stack+1","Undo"],"picked":"Leap","floor":19},{"not_picked":["Cold Snap","Streamline"],"picked":"Storm","floor":24},{"not_picked":["Rebound+1","Sunder"],"picked":"Buffer","floor":27}],"player_experience":800549,"relics_obtained":[{"floor":7,"key":"Bottled Flame"},{"floor":9,"key":"Symbiotic Virus"},{"floor":10,"key":"Toy Ornithopter"},{"floor":24,"key":"Dead Branch"},{"floor":26,"key":"Smiling Mask"}],"event_choices":[{"damage_healed":0,"gold_gain":0,"player_choice":"0 cards matched","damage_taken":0,"max_hp_gain":0,"max_hp_loss":0,"event_name":"Match and Keep!","floor":2,"gold_loss":0,"cards_obtained":[]},{"damage_healed":0,"gold_gain":0,"player_choice":"Damaged","damage_taken":7,"max_hp_gain":0,"max_hp_loss":0,"event_name":"Wheel of Change","floor":4,"gold_loss":0},{"damage_healed":0,"gold_gain":0,"player_choice":"Shed Blood","damage_taken":19,"max_hp_gain":5,"max_hp_loss":0,"event_name":"Forgotten Altar","floor":20,"gold_loss":0},{"damage_healed":0,"gold_gain":0,"player_choice":"Ignored","damage_taken":0,"max_hp_gain":0,"max_hp_loss":0,"event_name":"Ghosts","floor":21,"gold_loss":0},{"damage_healed":26,"gold_gain":0,"player_choice":"Heal","damage_taken":0,"max_hp_gain":0,"max_hp_loss":0,"event_name":"The Library","floor":22,"gold_loss":0},{"damage_healed":0,"gold_gain":0,"player_choice":"Simplicity","damage_taken":0,"max_hp_gain":0,"max_hp_loss":0,"event_name":"Back to Basics","floor":25,"gold_loss":0,"cards_upgraded":["Strike_B","Strike_B","Defend_B","Defend_B","Defend_B","Defend_B"]}],"is_beta":true,"boss_relics":[{"not_picked":["Calling Bell","Runic Dome"],"picked":"Inserter"}],"items_purged_floors":[8,14],"is_endless":false,"potions_floor_spawned":[1,7,10,11,16,18,19,27],"killed_by":"Gremlin Leader","ascension_level":2}