{"gold_per_floor":[119,134,134,151,163,163,163,194,194,194],"floor_reached":10,"playtime":382,"items_purged":[],"score":71,"play_id":"0a9ecbe1-6e51-4cbd-8169-c6ba7f90b96e","local_time":"20190406222823","is_ascension_mode":true,"campfire_choices":[{"data":"1","floor":7,"key":"LIFT"}],"neow_cost":"CURSE","seed_source_timestamp":78300436390884,"circlet_count":0,"master_deck":["Strike_B","Strike_B","Strike_B","Strike_B","Defend_B","Defend_B","Defend_B","Defend_B","Zap","Dualcast","Parasite","Tempest","Tempest","Capacitor","Cold Snap","Rip and Tear"],"relics":["Cracked Core","Girya","CultistMask","Pantograph"],"potions_floor_usage":[8],"damage_taken":[{"damage":0,"enemies":"2 Louse","floor":1,"turns":1},{"damage":0,"enemies":"Small Slimes","floor":2,"turns":3},{"damage":1,"enemies":"Cultist","floor":4,"turns":3},{"damage":35,"enemies":"Gremlin Gang","floor":5,"turns":6},{"damage":31,"enemies":"Gremlin Nob","floor":8,"turns":4},{"damage":13,"enemies":"3 Sentries","floor":10,"turns":2}],"seed_played":"5899408094093411495","potions_obtained":[{"floor":2,"key":"Poison Potion"}],"is_trial":false,"path_per_floor":["M","M","?","M","M","?","R","E","T","E"],"character_chosen":"DEFECT","items_purchased":[],"campfire_rested":0,"item_purchase_floors":[],"current_hp_per_floor":[75,75,80,79,44,44,44,13,13,0],"gold":194,"neow_bonus":"ONE_RARE_RELIC","is_prod":false,"is_daily":false,"chose_seed":false,"campfire_upgraded":0,"win_rate":0,"timestamp":1554604103,"path_taken":["M","M","?","M","M","?","R","E","T","E"],"build_version":"2019-01-23","purchased_purges":0,"victory":false,"max_hp_per_floor":[75,75,80,80,80,80,80,80,80,80],"card_choices":[{"not_picked":["Barrage","Leap"],"picked":"Tempest","floor":1},{"not_picked":["Sweeping Beam","Compile Driver"],"picked":"Tempest","floor":2},{"not_picked":["Static Discharge","Go for the Eyes"],"picked":"Capacitor","floor":4},{"not_picked":["BootSequence","Sweeping Beam"],"picked":"Cold Snap","floor":5},{"not_picked":["Fusion","Undo"],"picked":"Rip and Tear","floor":8}],"player_experience":117410,"relics_obtained":[{"floor":8,"key":"Pantograph"}],"event_choices":[{"damage_healed":0,"gold_gain":0,"player_choice":"Donut","damage_taken":0,"max_hp_gain":5,"max_hp_loss":0,"event_name":"Big Fish","floor":3,"gold_loss":0},{"damage_healed":0,"gold_gain":0,"player_choice":"Trade","damage_taken":0,"relics_obtained":["CultistMask"],"max_hp_gain":0,"max_hp_loss":0,"event_name":"FaceTrader","floor":6,"gold_loss":0}],"is_beta":false,"boss_relics":[],"items_purged_floors":[],"is_endless":false,"potions_floor_spawned":[2],"killed_by":"3 Sentries","ascension_level":1}