{"path_per_floor":["M","?","?","M","?","R","M","M","T","$","M","R","M","M","R","B",null,"M","?","?","M","M","R","M","E","T","E","M","R","M","$","R","B",null,"M","$","?","?","$","R","E","M","T","E","?","?","?","M","R","B"],"character_chosen":"THE_SILENT","items_purchased":["Glass Knife","Infinite Blades","Torii","Noxious Fumes"],"gold_per_floor":[114,114,114,129,304,304,319,334,334,134,149,149,164,179,179,279,279,294,217,217,232,247,247,262,292,292,322,337,337,352,52,52,152,152,167,92,406,406,226,226,256,271,271,301,301,301,301,316,316,316],"floor_reached":51,"campfire_rested":0,"playtime":3567,"current_hp_per_floor":[70,63,56,56,62,62,62,62,68,68,68,68,68,70,70,38,88,67,67,44,41,44,44,43,44,50,46,50,50,39,39,39,56,56,55,55,50,50,50,50,42,53,59,62,68,68,63,68,68,24],"items_purged":["Defend_G","Strike_G"],"gold":316,"score":1012,"play_id":"d59cc9d3-4721-4f94-a1c3-d90595b9b51f","local_time":"20180424190727","daily_mods":["Heirloom","Cursed Run","Elite Swarm"],"is_prod":false,"is_daily":true,"chose_seed":false,"is_ascension_mode":false,"campfire_upgraded":3,"timestamp":1524622047,"path_taken":["M","?","?","?","?","R","M","?","T","$","M","R","M","M","R","BOSS","M","?","?","M","M","R","M","E","T","E","M","R","?","?","R","BOSS","M","$","?","?","$","R","E","?","T","E","?","?","?","M","R","BOSS"],"build_version":"2018-04-19","seed_source_timestamp":0,"purchased_purges":2,"victory":true,"master_deck":["Survivor","Neutralize","Endless Agony","Expertise+1","Doubt","Poisoned Stab+1","Cloak And Dagger","Injury","Glass Knife+1","Infinite Blades","Cloak And Dagger","Dagger Spray","Doubt","Envenom+1","Blur","Acrobatics","Backflip","Outmaneuver","Flying Knee","Quick Slash+1","J.A.X.","Ghostly","Ghostly","Ghostly","Ghostly","Ghostly","Infinite Blades","A Thousand Cuts","Bane","Writhe","A Thousand Cuts","Skewer+1","Burst+1","Dagger Throw+1","Expertise+1","Noxious Fumes+1","A Thousand Cuts","Accuracy","Clumsy","A Thousand Cuts","Writhe","Madness","Jack Of All Trades","Leg Sweep","Clumsy"],"max_hp_per_floor":[70,70,70,70,76,76,76,76,82,82,82,82,82,82,82,88,88,88,88,44,44,44,44,44,44,50,50,50,50,50,50,50,56,56,56,56,56,56,56,56,56,56,62,62,68,68,68,68,68,74],"relics":["Cursed Key","Darkstone Periapt","Du-Vu Doll","Bird Faced Urn","Peace Pipe","Gremlin Horn","Orrery","Blood Vial","Gambling Chip","Mummified Hand","Torii","Astrolabe","Old Coin","Whetstone","Meat on the Bone","Orichalcum"],"card_choices":[{"not_picked":["All Out Attack","Flying Knee"],"picked":"Endless Agony","floor":1},{"not_picked":["Sucker Punch","Crippling Poison"],"picked":"Expertise","floor":4},{"not_picked":["Heel Hook","Eviscerate"],"picked":"Poisoned Stab","floor":7},{"not_picked":["Caltrops","Expertise"],"picked":"Cloak And Dagger","floor":8},{"not_picked":["Calculated Gamble","PiercingWail"],"picked":"Cloak And Dagger","floor":11},{"not_picked":["Deadly Poison","Bane"],"picked":"Dagger Spray","floor":13},{"not_picked":["Venomology","Corpse Explosion"],"picked":"Envenom","floor":16},{"not_picked":["Deadly Poison","PiercingWail"],"picked":"Blur","floor":17},{"not_picked":["Infinite Blades","Caltrops"],"picked":"Acrobatics","floor":17},{"not_picked":["Outmaneuver","Quick Slash"],"picked":"Backflip","floor":17},{"not_picked":["Masterful Stab","Slice"],"picked":"Outmaneuver","floor":17},{"not_picked":["Setup","Tactician"],"picked":"Flying Knee","floor":17},{"not_picked":["Dodge and Roll","Backflip"],"picked":"Quick Slash","floor":18},{"not_picked":["Deadly Poison","Concentrate"],"picked":"Infinite Blades","floor":21},{"not_picked":["Wraith Form v2","Doppelganger"],"picked":"A Thousand Cuts","floor":25},{"not_picked":["Venomology","Unload"],"picked":"Wraith Form v2","floor":27},{"not_picked":["Predator","Caltrops"],"picked":"Bane","floor":28},{"not_picked":["Glass Knife","Tactician"],"picked":"A Thousand Cuts","floor":33},{"not_picked":["Bouncing Flask","Dagger Throw"],"picked":"Expertise","floor":37},{"not_picked":["Phantasmal Killer","Glass Knife"],"picked":"A Thousand Cuts","floor":41},{"not_picked":["Prepared","Acrobatics"],"picked":"Accuracy","floor":42},{"not_picked":["Venomology","Glass Knife"],"picked":"A Thousand Cuts","floor":44},{"not_picked":["Secret Weapon","Swift Strike"],"picked":"Madness","floor":47},{"not_picked":["Secret Technique","Panacea"],"picked":"Jack Of All Trades","floor":47},{"not_picked":["Underhanded Strike","Outmaneuver"],"picked":"Leg Sweep","floor":48}],"player_experience":464251,"potions_floor_usage":[14,16,22,25,30,33,33,33,41,48,50,50],"damage_taken":[{"damage":0,"enemies":"Cultist","floor":1,"turns":4},{"damage":0,"enemies":"Small Slimes","floor":4,"turns":3},{"damage":0,"enemies":"Jaw Worm","floor":7,"turns":2},{"damage":0,"enemies":"3 Louse","floor":8,"turns":3},{"damage":0,"enemies":"Looter","floor":11,"turns":2},{"damage":0,"enemies":"Gremlin Gang","floor":13,"turns":3},{"damage":0,"enemies":"Red Slaver","floor":14,"turns":1},{"damage":40,"enemies":"The Guardian","floor":16,"turns":12},{"damage":23,"enemies":"2 Thieves","floor":18,"turns":4},{"damage":3,"enemies":"Spheric Guardian","floor":21,"turns":3},{"damage":1,"enemies":"Centurion and Healer","floor":22,"turns":5},{"damage":3,"enemies":"Snake Plant","floor":24,"turns":4},{"damage":1,"enemies":"Gremlin Leader","floor":25,"turns":8},{"damage":11,"enemies":"Book of Stabbing","floor":27,"turns":6},{"damage":3,"enemies":"Cultist and Chosen","floor":28,"turns":5},{"damage":21,"enemies":"Snecko","floor":30,"turns":7},{"damage":1,"enemies":"Automaton","floor":33,"turns":8},{"damage":3,"enemies":"Flame Bruiser 1 Orb","floor":35,"turns":5},{"damage":6,"enemies":"Mysterious Sphere","floor":37,"turns":2},{"damage":17,"enemies":"Giant Head","floor":41,"turns":7},{"damage":3,"enemies":"3 Darklings","floor":42,"turns":4},{"damage":2,"enemies":"Nemesis","floor":44,"turns":5},{"damage":10,"enemies":"4 Shapes","floor":48,"turns":4},{"damage":66,"enemies":"Time Eater","floor":50,"turns":9}],"event_choices":[{"event_name":"Scrap Ooze","player_choice":"success","floor":2,"damage_taken":7},{"event_name":"Golden Wing","player_choice":"Card Removal","floor":3,"damage_taken":0},{"event_name":"Liars Game","player_choice":"agreed","floor":5,"damage_taken":0},{"event_name":"Drug Dealer","player_choice":"Got JAXXED","floor":19,"damage_taken":0},{"event_name":"Ghosts","player_choice":"Became a Ghost","floor":20,"damage_taken":0},{"event_name":"Mysterious Sphere","player_choice":"Fight","floor":37,"damage_taken":0},{"event_name":"Winding Halls","player_choice":"Writhe","floor":45,"damage_taken":0},{"event_name":"Tomb of Lord Red Mask","player_choice":"Ignored","floor":46,"damage_taken":0},{"event_name":"SensoryStone","player_choice":"Memory 2","floor":47,"damage_taken":0}],"boss_relics":[{"not_picked":["Snecko Eye","Velvet Choker"],"picked":"Orrery"},{"not_picked":["Runic Dome","Tiny House"],"picked":"Astrolabe"}],"potions_floor_spawned":[1,8,11,16,21,22,27,30,33,41,42,44],"seed_played":"-2659894328139620276","ascension_level":0,"is_trial":false}