{"path_per_floor":["M","M","?","$","M","R","M","M","T","M","M","E","R","M","R","B",null,"M","M","$","M","M","R","$","R","T","?","M","?","?","$","R","B",null,"M","?","?","M","M","R","$","R","T","?","?","R","$","M","R","B"],"character_chosen":"IRONCLAD","items_purchased":["Apotheosis","Metallicize","Limit Break","Twin Strike","Oddly Smooth Stone","Flex","Strength Potion"],"gold_per_floor":[114,129,379,100,115,115,130,145,145,160,175,205,205,220,220,320,320,335,350,25,40,55,55,3,3,53,66,81,81,6,6,6,106,106,121,121,121,136,151,151,1,1,1,1,223,223,25,40,40,40],"floor_reached":51,"campfire_rested":1,"playtime":2538,"current_hp_per_floor":[80,80,80,80,80,80,80,80,80,80,80,78,78,77,77,80,80,74,80,80,56,35,61,61,61,61,55,65,65,65,65,65,83,87,87,87,87,87,87,87,87,87,87,87,87,87,87,87,87,73],"items_purged":["Regret","Strike_R","Apotheosis"],"gold":40,"score":849,"play_id":"a17d9a18-b3ef-4398-bef9-dda131cf7f63","local_time":"20180322192805","daily_mods":["Time Dilation","Binary","Vintage"],"is_prod":false,"is_daily":true,"is_ascension_mode":false,"campfire_upgraded":8,"timestamp":1521772085,"path_taken":["M","M","?","$","M","R","M","M","T","M","M","E","R","?","R","BOSS","M","M","$","M","M","R","$","R","T","?","?","?","?","?","R","BOSS","M","?","?","M","M","R","$","R","T","?","?","R","?","?","R","BOSS"],"build_version":"2018-03-22","purchased_purges":4,"victory":true,"master_deck":["Strike_R+1","Strike_R+1","Strike_R+1","Defend_R+1","Defend_R+1","Defend_R+1","Bash+1","Inflame+1","Juggernaut+1","Metallicize+1","Limit Break+1","Twin Strike+1","Battle Trance+1","Impervious+1","Swift Strike+1","Flex+1"],"max_hp_per_floor":[80,80,80,80,80,80,80,80,80,80,80,80,80,80,80,80,80,80,80,80,80,87,87,87,87,87,87,87,87,87,87,87,87,87,87,87,87,87,87,87,87,87,87,87,87,87,87,87,87,87],"relics":["Black Blood","Toxic Egg 2","Happy Flower","Gambling Chip","Ginger","Mercury Hourglass","Omamori","Blue Candle","Du-Vu Doll","Pantograph","Bottled Flame","War Paint","Shuriken","Toolbox","Ice Cream","Strawberry","Art of War","Red Mask","Meat on the Bone","Letter Opener","Cursed Key","Bronze Scales","Gremlin Horn","Anchor","Oddly Smooth Stone","Whetstone","Girya"],"card_choices":[{"not_picked":["Armaments"],"picked":"Inflame","floor":12},{"not_picked":["Barricade"],"picked":"Juggernaut","floor":16},{"not_picked":["Clothesline"],"picked":"Battle Trance","floor":27},{"not_picked":["Demon Form"],"picked":"Impervious","floor":33}],"player_experience":372239,"potions_floor_usage":[12,16,16,21,22,27,33,50,50,50],"damage_taken":[{"damage":1,"enemies":"Jaw Worm","floor":1,"turns":3},{"damage":6,"enemies":"Cultist","floor":2,"turns":3},{"damage":0,"enemies":"2 Louse","floor":5,"turns":2},{"damage":5,"enemies":"Large Slime","floor":7,"turns":6},{"damage":5,"enemies":"Red Slaver","floor":8,"turns":4},{"damage":4,"enemies":"Looter","floor":10,"turns":3},{"damage":6,"enemies":"Exordium Thugs","floor":11,"turns":4},{"damage":8,"enemies":"3 Sentries","floor":12,"turns":5},{"damage":7,"enemies":"3 Louse","floor":14,"turns":2},{"damage":1,"enemies":"Slime Boss","floor":16,"turns":6},{"damage":16,"enemies":"Shell Parasite","floor":18,"turns":5},{"damage":0,"enemies":"Chosen","floor":19,"turns":4},{"damage":34,"enemies":"Slaver and Parasite","floor":21,"turns":4},{"damage":38,"enemies":"Cultist and Chosen","floor":22,"turns":6},{"damage":16,"enemies":"Masked Bandits","floor":27,"turns":4},{"damage":0,"enemies":"Centurion and Healer","floor":28,"turns":4},{"damage":20,"enemies":"Automaton","floor":33,"turns":8},{"damage":0,"enemies":"Flame Bruiser 1 Orb","floor":35,"turns":3},{"damage":8,"enemies":"Orb Walker","floor":38,"turns":3},{"damage":6,"enemies":"Sphere and 2 Shapes","floor":39,"turns":3},{"damage":1,"enemies":"4 Shapes","floor":48,"turns":3},{"damage":24,"enemies":"Donu and Deca","floor":50,"turns":5}],"event_choices":[{"event_name":"Golden Shrine","player_choice":"Desecrate","floor":3,"damage_taken":0},{"event_name":"Masked Bandits","player_choice":"Fought over 53 gold","floor":27,"damage_taken":0},{"event_name":"Purifier","player_choice":"One Purge","floor":29,"damage_taken":0},{"event_name":"Beggar","player_choice":"Gave Gold","floor":30,"damage_taken":0},{"event_name":"Match and Keep!","player_choice":"1 cards matched","floor":36,"damage_taken":0},{"event_name":"Mysterious Sphere","player_choice":"Ignore","floor":37,"damage_taken":0},{"event_name":"Winding Halls","player_choice":"Writhe","floor":44,"damage_taken":0},{"event_name":"Tomb of Lord Red Mask","player_choice":"Wore Mask","floor":45,"damage_taken":0}],"boss_relics":[{"not_picked":["Question Card","Philosopher\u0027s Stone"],"picked":"Black Blood"},{"not_picked":["Runic Pyramid","Snecko Eye"],"picked":"Cursed Key"}],"potions_floor_spawned":[1,10,12,14,19,21,28,33,35,48],"seed_played":"3670860265742688607","ascension_level":0,"is_trial":false}