{"gold_per_floor":[118,118,118,43,58,92,68,68,94,129,129,54,4,25,25,114,114,138,118,94,94,140,140,140],"floor_reached":24,"playtime":570,"items_purged":["Strike_G","Strike_G"],"score":450,"play_id":"d3bfd37b-136c-4b84-ab7f-095f2a564c84","local_time":"20190719165546","is_ascension_mode":true,"campfire_choices":[{"floor":8,"key":"REST"},{"data":"Catalyst","floor":15,"key":"SMITH"},{"floor":23,"key":"REST"}],"neow_cost":"NONE","seed_source_timestamp":9441784340803574,"circlet_count":0,"master_deck":["AscendersBane","Strike_G+1","Defend_G","Defend_G","Defend_G","Defend_G","Survivor","Neutralize+1","Bouncing Flask","Dodge and Roll","Poisoned Stab","Deadly Poison","Catalyst+1","Unload","Prepared","Deadly Poison"],"relics":["Ring of the Snake","NeowsBlessing","Bloody Idol","Tough Bandages","Smiling Mask","Omamori","Strawberry","Empty Cage","Snake Skull"],"potions_floor_usage":[10,16,18,24],"damage_taken":[{"damage":0,"enemies":"Small Slimes","floor":1,"turns":1},{"damage":0,"enemies":"Jaw Worm","floor":5,"turns":1},{"damage":0,"enemies":"Lagavulin","floor":6,"turns":1},{"damage":12,"enemies":"Gremlin Nob","floor":10,"turns":4},{"damage":3,"enemies":"2 Louse","floor":14,"turns":3},{"damage":21,"enemies":"Slime Boss","floor":16,"turns":8},{"damage":14,"enemies":"Shell Parasite","floor":18,"turns":5},{"damage":33,"enemies":"2 Thieves","floor":20,"turns":4},{"damage":54,"enemies":"Slavers","floor":24,"turns":4}],"seed_played":"9157233480483501173","potions_obtained":[{"floor":1,"key":"Dexterity Potion"},{"floor":5,"key":"Explosive Potion"},{"floor":10,"key":"GhostInAJar"},{"floor":19,"key":"FairyPotion"},{"floor":20,"key":"SpeedPotion"}],"is_trial":false,"path_per_floor":["M","?","?","$","M","E","$","R","T","E","T","?","$","M","R","B",null,"M","?","M","?","T","R","E"],"character_chosen":"THE_SILENT","items_purchased":["Deadly Poison"],"campfire_rested":2,"item_purchase_floors":[7],"current_hp_per_floor":[59,36,16,16,16,16,16,35,35,23,30,30,30,27,27,6,56,42,42,9,9,14,35,0],"gold":140,"neow_bonus":"THREE_ENEMY_KILL","is_prod":false,"is_daily":false,"chose_seed":false,"campfire_upgraded":1,"win_rate":0,"timestamp":1563533746,"path_taken":["M","?","?","$","M","E","$","R","T","E","?","?","?","M","R","BOSS","M","?","?","?","?","R","E"],"build_version":"2019-07-17","purchased_purges":2,"victory":false,"max_hp_per_floor":[66,66,66,66,66,66,66,66,66,66,73,73,73,73,73,73,73,73,73,73,73,73,73,73],"card_choices":[{"not_picked":["Acrobatics","PiercingWail"],"picked":"Bouncing Flask","floor":1},{"not_picked":["Acrobatics","Underhanded Strike"],"picked":"Dodge and Roll","floor":5},{"not_picked":["Noxious Fumes","Underhanded Strike"],"picked":"Poisoned Stab","floor":6},{"not_picked":["Sucker Punch","Flying Knee"],"picked":"Catalyst","floor":10},{"not_picked":["Dagger Throw","Eviscerate","Sucker Punch"],"picked":"SKIP","floor":14},{"not_picked":["Doppelganger","Grand Finale"],"picked":"Unload","floor":16},{"not_picked":["Flying Knee","Sucker Punch"],"picked":"Prepared","floor":18},{"not_picked":["Eviscerate","Slice"],"picked":"Deadly Poison","floor":20}],"player_experience":1567441,"relics_obtained":[{"floor":6,"key":"Tough Bandages"},{"floor":9,"key":"Smiling Mask"},{"floor":10,"key":"Omamori"},{"floor":11,"key":"Strawberry"},{"floor":22,"key":"Snake Skull"}],"event_choices":[{"damage_healed":0,"gold_gain":0,"player_choice":"Take Damage","damage_taken":23,"relics_obtained":["Golden Idol"],"max_hp_gain":0,"max_hp_loss":0,"event_name":"Golden Idol","floor":2,"gold_loss":0},{"damage_healed":0,"gold_gain":0,"player_choice":"Entered Light","damage_taken":20,"max_hp_gain":0,"max_hp_loss":0,"event_name":"Shining Light","floor":3,"gold_loss":0,"cards_upgraded":["Neutralize","Strike_G"]},{"cards_removed":["Strike_G"],"damage_healed":0,"gold_gain":0,"player_choice":"Card Removal","damage_taken":0,"max_hp_gain":0,"max_hp_loss":0,"event_name":"The Cleric","floor":12,"gold_loss":75},{"damage_healed":0,"gold_gain":0,"player_choice":"Bought 1 Potion","damage_taken":0,"max_hp_gain":0,"max_hp_loss":0,"event_name":"The Woman in Blue","floor":19,"gold_loss":0},{"damage_healed":0,"gold_gain":0,"player_choice":"Gave Idol","damage_taken":0,"relics_obtained":["Bloody Idol"],"max_hp_gain":0,"max_hp_loss":0,"event_name":"Forgotten Altar","floor":21,"relics_lost":["Golden Idol"],"gold_loss":0}],"is_beta":false,"boss_relics":[{"not_picked":["Eternal Feather","Coffee Dripper"],"picked":"Empty Cage"}],"items_purged_floors":[4,13],"is_endless":false,"potions_floor_spawned":[1,5,10,14,20],"killed_by":"Slavers","ascension_level":20}