{"gold_per_floor":[117,117,138,138,211,244,259,34,34,34,50,50,50,63,63,194,194,219,219,242,242,256,256],"floor_reached":23,"playtime":1148,"items_purged":["Injury"],"score":273,"play_id":"4651d283-86d7-40e8-aef0-0946b62dac65","local_time":"20190923152804","is_ascension_mode":true,"campfire_choices":[{"data":"Eruption","floor":10,"key":"SMITH"},{"data":"CrushJoints","floor":13,"key":"SMITH"},{"data":"Evaluate","floor":15,"key":"SMITH"}],"neow_cost":"NONE","seed_source_timestamp":74827875832400,"circlet_count":0,"master_deck":["Defend_P","Defend_P","Defend_P","Defend_P","Eruption+1","Vigilance","CrushJoints+1","SashWhip","BowlingBash","Evaluate+1","LessonLearned","Bite","Bite","Bite","Bite","Bite","ThirdEye","Wireheading"],"relics":["PureWater","NeowsBlessing","Golden Idol","Dodecahedron","Pear","Blood Vial","The Courier","Philosopher\u0027s Stone","Shuriken"],"potions_floor_usage":[16,18],"damage_taken":[{"damage":0,"enemies":"2 Louse","floor":1,"turns":1},{"damage":0,"enemies":"Small Slimes","floor":3,"turns":1},{"damage":0,"enemies":"Gremlin Nob","floor":6,"turns":1},{"damage":2,"enemies":"Jaw Worm","floor":7,"turns":4},{"damage":0,"enemies":"Exordium Wildlife","floor":11,"turns":3},{"damage":3,"enemies":"Blue Slaver","floor":14,"turns":3},{"damage":52,"enemies":"The Guardian","floor":16,"turns":11},{"damage":4,"enemies":"Chosen","floor":18,"turns":4},{"damage":21,"enemies":"Spheric Guardian","floor":20,"turns":4},{"damage":9,"enemies":"Chosen and Byrds","floor":22,"turns":4},{"damage":65,"enemies":"Book of Stabbing","floor":23,"turns":5}],"seed_played":"-6636708352028017275","potions_obtained":[{"floor":3,"key":"GamblersBrew"},{"floor":6,"key":"Ancient Potion"},{"floor":16,"key":"Ambrosia"},{"floor":20,"key":"SteroidPotion"}],"is_trial":false,"path_per_floor":["M","?","M","?","T","E","M","$","T","R","M","?","R","M","R","B",null,"M","?","M","?","M","E"],"character_chosen":"WATCHER","items_purchased":["Blood Vial"],"campfire_rested":0,"item_purchase_floors":[8],"current_hp_per_floor":[65,65,65,70,70,80,78,78,78,78,80,80,80,77,77,27,80,76,56,41,41,46,0],"gold":256,"neow_bonus":"THREE_ENEMY_KILL","is_prod":false,"is_daily":false,"chose_seed":false,"campfire_upgraded":3,"win_rate":0,"timestamp":1569277684,"path_taken":["M","?","M","?","?","E","M","$","T","R","?","?","R","M","R","BOSS","M","?","M","?","?","E"],"build_version":"2019-09-23","purchased_purges":1,"victory":false,"max_hp_per_floor":[65,65,65,70,70,80,80,80,80,80,80,80,80,80,80,80,80,80,56,56,56,56,56],"card_choices":[{"not_picked":["Halt","Collect"],"picked":"CrushJoints","floor":1},{"not_picked":["EmptyFist","JustLucky"],"picked":"SashWhip","floor":3},{"not_picked":["CrushJoints","ReachHeaven","FlyingSleeves"],"picked":"SKIP","floor":6},{"not_picked":["FlowState","CrushJoints"],"picked":"BowlingBash","floor":7},{"not_picked":["CrushJoints","MentalFortress","JustLucky"],"picked":"SKIP","floor":11},{"not_picked":["ClearTheMind","EmptyFist"],"picked":"Evaluate","floor":14},{"not_picked":["Alpha","Metaphysics"],"picked":"LessonLearned","floor":16},{"not_picked":["CrushJoints+1","Crescendo","FlyingSleeves"],"picked":"SKIP","floor":18},{"not_picked":["CrushJoints","Weave+1"],"picked":"ThirdEye","floor":20},{"not_picked":["PathToVictory+1","DeceiveReality"],"picked":"Wireheading","floor":22}],"player_experience":759032,"relics_obtained":[{"floor":5,"key":"Dodecahedron"},{"floor":6,"key":"Pear"},{"floor":9,"key":"The Courier"}],"event_choices":[{"damage_healed":0,"gold_gain":0,"player_choice":"Take Wound","damage_taken":0,"relics_obtained":["Golden Idol"],"max_hp_gain":0,"max_hp_loss":0,"event_name":"Golden Idol","floor":2,"gold_loss":0,"cards_obtained":["Injury"]},{"damage_healed":0,"gold_gain":0,"player_choice":"Donut","damage_taken":0,"max_hp_gain":5,"max_hp_loss":0,"event_name":"Big Fish","floor":4,"gold_loss":0},{"damage_healed":0,"gold_gain":0,"player_choice":"Ignored","damage_taken":0,"max_hp_gain":0,"max_hp_loss":0,"event_name":"Liars Game","floor":12,"gold_loss":0},{"damage_healed":0,"gold_gain":0,"player_choice":"Became a vampire","damage_taken":0,"max_hp_gain":0,"max_hp_loss":24,"event_name":"Vampires","floor":19,"gold_loss":0,"cards_obtained":["Bite","Bite","Bite","Bite","Bite"]},{"damage_healed":0,"gold_gain":0,"player_choice":"Gave Potion","damage_taken":0,"relics_obtained":["Shuriken"],"max_hp_gain":0,"max_hp_loss":0,"event_name":"WeMeetAgain","floor":21,"gold_loss":0}],"is_beta":true,"boss_relics":[{"not_picked":["Coffee Dripper","Velvet Choker"],"picked":"Philosopher\u0027s Stone"}],"items_purged_floors":[8],"is_endless":false,"potions_floor_spawned":[3,6,16,20],"killed_by":"Book of Stabbing","ascension_level":3}