{"gold_per_floor":[114,114,133,152,171,171,209,228,253,272,272,291,66,85,85,210,210,229,248,267,267,286,286,324,343,343,93,112,131,150,150,150,275,275,294,313,332,351,370,370,389,389,389,408,408,408,446,46,46,46],"floor_reached":51,"playtime":3571,"items_purged":["Injury","Strike_B"],"score":736,"play_id":"d1c89a45-7dd0-4fef-a130-35cc96b7f79f","local_time":"20190315162651","daily_mods":["Heirloom","ControlledChaos","Night Terrors"],"is_ascension_mode":false,"campfire_choices":[{"data":"Fission","floor":6,"key":"SMITH"},{"floor":11,"key":"REST"},{"data":"Fusion","floor":15,"key":"SMITH"},{"floor":23,"key":"REST"},{"data":"Machine Learning","floor":32,"key":"SMITH"},{"floor":40,"key":"REST"},{"data":"Zap","floor":42,"key":"SMITH"},{"floor":49,"key":"REST"}],"neow_cost":"","seed_source_timestamp":0,"circlet_count":0,"master_deck":["Strike_B","Strike_B+1","Strike_B+1","Defend_B","Defend_B","Defend_B","Defend_B","Zap+1","Dualcast","Fission+1","Cold Snap","Force Field","Double Energy","Fusion+1","Machine Learning+1","Storm+1","Self Repair+1","Static Discharge","Seek","Chill+1","Stack","FTL+1","White Noise+1","Storm+1","Go for the Eyes+1"],"special_seed":17970,"relics":["Cracked Core","Frozen Eye","Incense Burner","Golden Idol","Dodecahedron","Whetstone","Anchor","Inserter","Pear","Symbiotic Virus","Ancient Tea Set","Eternal Feather","Pen Nib","Calipers","Meat on the Bone","Oddly Smooth Stone","Kunai"],"potions_floor_usage":[7,19,20,22,22,22,24,24,28,33,33,38,41,47,47,50,50,50,50],"damage_taken":[{"damage":6,"enemies":"Jaw Worm","floor":1,"turns":3},{"damage":0,"enemies":"Small Slimes","floor":3,"turns":3},{"damage":0,"enemies":"Cultist","floor":4,"turns":2},{"damage":18,"enemies":"3 Louse","floor":5,"turns":4},{"damage":29,"enemies":"3 Sentries","floor":7,"turns":6},{"damage":9,"enemies":"Large Slime","floor":8,"turns":3},{"damage":3,"enemies":"Red Slaver","floor":10,"turns":4},{"damage":10,"enemies":"3 Louse","floor":12,"turns":3},{"damage":0,"enemies":"2 Fungi Beasts","floor":14,"turns":3},{"damage":0,"enemies":"Slime Boss","floor":16,"turns":11},{"damage":13,"enemies":"2 Thieves","floor":18,"turns":4},{"damage":20,"enemies":"3 Byrds","floor":19,"turns":5},{"damage":2,"enemies":"Centurion and Healer","floor":20,"turns":5},{"damage":23,"enemies":"Snecko","floor":22,"turns":6},{"damage":13,"enemies":"Slavers","floor":24,"turns":3},{"damage":3,"enemies":"Chosen and Byrds","floor":25,"turns":7},{"damage":22,"enemies":"3 Cultists","floor":28,"turns":5},{"damage":12,"enemies":"Centurion and Healer","floor":29,"turns":3},{"damage":10,"enemies":"Snecko","floor":30,"turns":4},{"damage":14,"enemies":"Champ","floor":33,"turns":6},{"damage":21,"enemies":"3 Darklings","floor":35,"turns":4},{"damage":0,"enemies":"Orb Walker","floor":36,"turns":3},{"damage":37,"enemies":"Maw","floor":37,"turns":8},{"damage":36,"enemies":"Transient","floor":38,"turns":5},{"damage":6,"enemies":"3 Darklings","floor":39,"turns":4},{"damage":19,"enemies":"Spire Growth","floor":41,"turns":4},{"damage":20,"enemies":"Maw","floor":44,"turns":7},{"damage":29,"enemies":"Nemesis","floor":47,"turns":5},{"damage":32,"enemies":"Time Eater","floor":50,"turns":9}],"seed_played":"1956191728071383589","potions_obtained":[{"floor":1,"key":"SpeedPotion"},{"floor":3,"key":"Regen Potion"},{"floor":12,"key":"Dexterity Potion"},{"floor":14,"key":"EntropicBrew"},{"floor":21,"key":"Fruit Juice"},{"floor":21,"key":"Poison Potion"},{"floor":22,"key":"FocusPotion"},{"floor":24,"key":"FocusPotion"},{"floor":25,"key":"Energy Potion"},{"floor":28,"key":"SteroidPotion"},{"floor":29,"key":"PowerPotion"},{"floor":35,"key":"LiquidBronze"},{"floor":37,"key":"Weak Potion"},{"floor":39,"key":"PowerPotion"},{"floor":44,"key":"EntropicBrew"}],"is_trial":false,"path_per_floor":["M","?","M","M","M","R","E","M","T","M","R","M","$","M","R","B",null,"M","M","M","?","M","R","E","M","T","$","M","M","M","$","R","B",null,"M","M","M","M","M","R","M","R","T","M","?","?","E","$","R","B",null],"character_chosen":"DEFECT","items_purchased":["Anchor","Ancient Tea Set","Oddly Smooth Stone","Kunai"],"campfire_rested":4,"item_purchase_floors":[13,27,48,48],"current_hp_per_floor":[69,69,69,69,51,51,37,28,28,25,70,60,60,60,60,60,70,57,37,35,35,17,70,67,64,64,64,52,50,50,50,50,36,80,69,79,52,26,30,75,66,75,75,65,65,65,46,46,70,48],"gold":46,"neow_bonus":"","is_prod":false,"is_daily":true,"chose_seed":false,"campfire_upgraded":4,"win_rate":0,"timestamp":1552681611,"path_taken":["M","?","M","M","M","R","E","M","T","M","R","M","$","M","R","BOSS","M","M","M","?","M","R","E","?","T","$","M","M","M","$","R","BOSS","M","M","M","M","M","R","M","R","T","M","?","?","E","$","R","BOSS"],"build_version":"2019-01-23","purchased_purges":2,"victory":true,"max_hp_per_floor":[75,75,75,75,75,75,75,75,75,75,70,70,70,70,70,70,70,70,70,70,70,75,70,80,80,80,80,80,80,80,80,80,80,80,80,80,80,80,80,75,75,75,75,75,75,75,75,75,70,70],"card_choices":[{"not_picked":["Leap","Rebound","Reprogram"],"picked":"SKIP","floor":1},{"not_picked":["Barrage","Compile Driver"],"picked":"Ball Lightning","floor":3},{"not_picked":["Beam Cell","Compile Driver"],"picked":"Fission","floor":4},{"not_picked":["Hologram","Undo","Conserve Battery"],"picked":"SKIP","floor":5},{"not_picked":["Leap","Rebound"],"picked":"Cold Snap","floor":7},{"not_picked":["Rebound","Steam Power"],"picked":"Force Field","floor":8},{"not_picked":["Turbo","Beam Cell"],"picked":"Double Energy","floor":10},{"not_picked":["Machine Learning","Cold Snap","Rebound"],"picked":"SKIP","floor":12},{"not_picked":["Static Discharge","Sweeping Beam"],"picked":"Fusion","floor":14},{"not_picked":["Buffer","Biased Cognition"],"picked":"Machine Learning","floor":16},{"not_picked":["Compile Driver","Auto Shields+1","Streamline"],"picked":"SKIP","floor":18},{"not_picked":["Gash","Lockon","Steam"],"picked":"SKIP","floor":19},{"not_picked":["Barrage+1","Beam Cell"],"picked":"Storm+1","floor":20},{"not_picked":["Leap","Redo","Steam"],"picked":"SKIP","floor":22},{"not_picked":["Echo Form","Redo","Hologram"],"picked":"SKIP","floor":24},{"not_picked":["Coolheaded","Chill"],"picked":"Self Repair+1","floor":25},{"not_picked":["Leap","Recycle"],"picked":"Static Discharge","floor":28},{"not_picked":["Leap","Stack","Compile Driver"],"picked":"SKIP","floor":29},{"not_picked":["Hologram+1","Melter","Cold Snap"],"picked":"SKIP","floor":30},{"not_picked":["Machine Learning","Hyperbeam"],"picked":"Seek","floor":33},{"not_picked":["Rebound","Hologram","Steam"],"picked":"SKIP","floor":35},{"not_picked":["Steam+1","Doom and Gloom","FTL"],"picked":"SKIP","floor":36},{"not_picked":["Consume+1","Skim+1"],"picked":"Chill+1","floor":37},{"not_picked":["Leap+1","Undo"],"picked":"Stack","floor":38},{"not_picked":["BootSequence","Cold Snap+1"],"picked":"FTL+1","floor":39},{"not_picked":["Redo","Biased Cognition"],"picked":"White Noise+1","floor":41},{"not_picked":["Glacier+1","Darkness+1"],"picked":"Storm+1","floor":44},{"not_picked":["Melter+1","Undo+1"],"picked":"Go for the Eyes+1","floor":47}],"player_experience":61571,"relics_obtained":[{"floor":7,"key":"Dodecahedron"},{"floor":9,"key":"Whetstone"},{"floor":24,"key":"Pear"},{"floor":26,"key":"Symbiotic Virus"},{"floor":43,"key":"Pen Nib"},{"floor":47,"key":"Meat on the Bone"}],"event_choices":[{"damage_healed":0,"gold_gain":0,"player_choice":"Take Wound","damage_taken":0,"relics_obtained":["Golden Idol"],"max_hp_gain":0,"max_hp_loss":0,"event_name":"Golden Idol","floor":2,"gold_loss":0,"cards_obtained":["Injury"]},{"damage_healed":0,"gold_gain":0,"player_choice":"Got Potions","damage_taken":0,"max_hp_gain":0,"max_hp_loss":0,"event_name":"Lab","floor":21,"gold_loss":0},{"damage_healed":0,"gold_gain":0,"player_choice":"Ignored","damage_taken":0,"max_hp_gain":0,"max_hp_loss":0,"event_name":"Mysterious Sphere","floor":45,"gold_loss":0},{"cards_removed":["Ball Lightning"],"damage_healed":0,"gold_gain":0,"player_choice":"Gave Card","damage_taken":0,"relics_obtained":["Calipers"],"max_hp_gain":0,"max_hp_loss":0,"event_name":"WeMeetAgain","floor":46,"gold_loss":0}],"is_beta":false,"boss_relics":[{"not_picked":["Snecko Eye","Black Star"],"picked":"Inserter"},{"not_picked":["Philosopher\u0027s Stone","Tiny House"],"picked":"Eternal Feather"}],"items_purged_floors":[13,27],"is_endless":false,"potions_floor_spawned":[1,3,12,14,22,24,25,28,29,35,37,39,44],"ascension_level":0}