{"path_per_floor":["M","M","M","?","?","M","$","E","T","R","$","R","T","M","R","B",null,"M","?","$","M","?","E","?","M","T","?","M","M","M","M","R","B",null,"M","M","$","?","M","E","R","M","T","M","E","$","R","M","R","B"],"character_chosen":"IRONCLAD","items_purchased":["Blood Vial","Feel No Pain","Armaments","Vajra","Apotheosis","Dramatic Entrance"],"gold_per_floor":[114,129,144,144,144,163,13,51,51,51,51,51,51,70,70,195,195,214,214,77,96,96,134,49,68,68,68,87,106,125,144,144,269,269,288,307,24,24,43,81,81,100,100,119,157,7,7,26,26,26],"floor_reached":51,"campfire_rested":1,"playtime":3056,"current_hp_per_floor":[75,73,72,56,62,55,55,51,57,84,84,84,90,87,87,25,129,92,92,92,93,93,100,100,109,115,67,67,62,62,62,62,34,73,72,75,75,75,76,64,64,76,82,86,86,86,86,86,86,68],"items_purged":["Strike_R","Defend_R"],"gold":26,"score":934,"play_id":"e5b058ee-e4e7-4764-b5b5-f7b25b8102ca","local_time":"20180329202917","daily_mods":["Diverse","Cursed Run","Binary"],"is_prod":false,"is_daily":true,"is_ascension_mode":false,"campfire_upgraded":4,"timestamp":1522380557,"path_taken":["M","M","M","?","?","?","$","E","T","R","$","R","?","M","R","BOSS","M","?","$","M","?","E","?","?","T","?","?","M","M","M","R","BOSS","M","M","$","?","M","E","R","M","T","M","E","$","R","M","R","BOSS"],"build_version":"2018-03-29","purchased_purges":2,"victory":true,"master_deck":["Defend_R","Defend_R","Defend_R","Acrobatics","Distraction","Corruption+1","True Grit+1","Iron Wave","Injury","Armaments","Body Slam+1","Parasite","Parasite","Thunderclap+1","Doubt","Fiend Fire","Parasite","Writhe","Parasite","Wild Strike","Pummel","Feel No Pain","Armaments","Sword Boomerang+1","Bite","Bite","Bite","Bite","Bite","Reaper","Shrug It Off","Writhe","Ghostly","Ghostly","Ghostly","Ghostly","Ghostly","Pummel+1","Pommel Strike","Warcry+1","Injury","Feed","Inflame+1","Apotheosis+1","Iron Wave","Pummel+1","Sword Boomerang+1","Regret","Heavy Blade+1","Dark Embrace+1","Dramatic Entrance+1","Bloodletting+1","Injury"],"max_hp_per_floor":[80,80,80,80,86,86,86,86,92,92,92,92,98,98,98,104,129,129,129,129,129,129,129,129,129,135,67,67,67,67,67,67,73,73,73,76,76,76,76,76,76,76,82,86,86,86,86,86,86,92],"relics":["Cursed Key","Darkstone Periapt","Du-Vu Doll","Golden Idol","The Courier","Art of War","Anchor","Calling Bell","Blue Candle","Strawberry","Question Card","Shovel","Gambling Chip","Bag of Preparation","Mark of Pain","Vajra","Molten Egg 2","Red Skull","Frozen Egg 2","Dream Catcher","Mercury Hourglass"],"card_choices":[{"not_picked":["True Grit"],"picked":"Corruption","floor":1},{"not_picked":["Combust"],"picked":"True Grit","floor":2},{"not_picked":["Pommel Strike"],"picked":"Iron Wave","floor":3},{"not_picked":["Flex"],"picked":"Armaments","floor":6},{"not_picked":["Perfected Strike"],"picked":"Body Slam","floor":8},{"not_picked":["Havoc"],"picked":"Thunderclap","floor":14},{"not_picked":["Offering"],"picked":"Fiend Fire","floor":16},{"not_picked":["Cleave","Corruption"],"picked":"Wild Strike","floor":18},{"not_picked":["Perfected Strike","Infernal Blade"],"picked":"Sword Boomerang","floor":21},{"not_picked":["Reckless Charge","Body Slam"],"picked":"Reaper","floor":23},{"not_picked":["Burning Pact","Cleave"],"picked":"Shrug It Off","floor":25},{"not_picked":["Carnage","Clothesline"],"picked":"Pummel","floor":29},{"not_picked":["Flame Barrier","Cleave"],"picked":"Pommel Strike","floor":30},{"not_picked":["Second Wind","Clash"],"picked":"Warcry","floor":31},{"not_picked":["Demon Form","Berserk"],"picked":"Feed","floor":33},{"not_picked":["Heavy Blade","Pummel"],"picked":"Inflame","floor":36},{"not_picked":["Anger","Metallicize"],"picked":"Iron Wave","floor":39},{"not_picked":["Shrug It Off","Armaments"],"picked":"Pummel","floor":40},{"not_picked":["Anger","Twin Strike"],"picked":"Sword Boomerang","floor":42},{"not_picked":["Armaments","Shrug It Off"],"picked":"Heavy Blade","floor":44},{"not_picked":["Pommel Strike","Rage"],"picked":"Dark Embrace","floor":45},{"not_picked":["Uppercut","Cleave"],"picked":"Bloodletting","floor":48}],"player_experience":396822,"potions_floor_usage":[8,33,42,44,50],"damage_taken":[{"damage":5,"enemies":"Small Slimes","floor":1,"turns":3},{"damage":2,"enemies":"2 Louse","floor":2,"turns":3},{"damage":1,"enemies":"Cultist","floor":3,"turns":3},{"damage":7,"enemies":"Gremlin Gang","floor":6,"turns":5},{"damage":6,"enemies":"Lagavulin","floor":8,"turns":6},{"damage":5,"enemies":"Exordium Wildlife","floor":14,"turns":4},{"damage":70,"enemies":"The Guardian","floor":16,"turns":11},{"damage":37,"enemies":"2 Thieves","floor":18,"turns":4},{"damage":1,"enemies":"Chosen","floor":21,"turns":3},{"damage":1,"enemies":"Gremlin Leader","floor":23,"turns":5},{"damage":7,"enemies":"Slaver and Parasite","floor":25,"turns":3},{"damage":0,"enemies":"Snake Plant","floor":28,"turns":1},{"damage":6,"enemies":"Cultist and Chosen","floor":29,"turns":3},{"damage":0,"enemies":"3 Cultists","floor":30,"turns":2},{"damage":0,"enemies":"Snake Plant","floor":31,"turns":2},{"damage":43,"enemies":"Collector","floor":33,"turns":6},{"damage":5,"enemies":"3 Darklings","floor":35,"turns":3},{"damage":0,"enemies":"Orb Walker","floor":36,"turns":1},{"damage":0,"enemies":"Flame Bruiser 2 Orb","floor":39,"turns":2},{"damage":16,"enemies":"2 Orb Walkers","floor":40,"turns":4},{"damage":8,"enemies":"3 Darklings","floor":42,"turns":3},{"damage":0,"enemies":"4 Shapes","floor":44,"turns":2},{"damage":0,"enemies":"Nemesis","floor":45,"turns":3},{"damage":0,"enemies":"Sphere and 2 Shapes","floor":48,"turns":1},{"damage":33,"enemies":"Awakened One","floor":50,"turns":8}],"event_choices":[{"event_name":"Shining Light","player_choice":"Entered Light","floor":4,"damage_taken":0},{"event_name":"Golden Idol","player_choice":"Take Wound","floor":5,"damage_taken":0},{"event_name":"The Library","player_choice":"Read","floor":19,"damage_taken":0},{"event_name":"Vampires","player_choice":"Became a vampire (Vial)","floor":22,"damage_taken":0},{"event_name":"Addict","player_choice":"Obtained Relic","floor":24,"damage_taken":0},{"event_name":"Ghosts","player_choice":"Became a Ghost","floor":27,"damage_taken":0},{"event_name":"Bonfire Elementals","player_choice":"BASIC","floor":38,"damage_taken":0}],"boss_relics":[{"not_picked":["Sozu","Ectoplasm"],"picked":"Calling Bell"},{"not_picked":["Astrolabe","Philosopher\u0027s Stone"],"picked":"Mark of Pain"}],"potions_floor_spawned":[1,6,14,18,21,29,39,42,44,45],"seed_played":"3601670706456494234","ascension_level":0,"is_trial":false}