{"gold_per_floor":[109,128,146,221,221,253,253,272,272,272,303,321,69,85,85,163,163,175,185,201,201,201],"floor_reached":22,"playtime":996,"items_purged":[],"score":396,"play_id":"c4e1925d-72ab-4f29-b284-809d7540bfcb","local_time":"20190729175429","is_ascension_mode":true,"campfire_choices":[{"floor":7,"key":"REST"},{"data":"Predator","floor":10,"key":"SMITH"},{"data":"Well Laid Plans","floor":15,"key":"SMITH"}],"neow_cost":"NONE","seed_source_timestamp":10308888442620994,"circlet_count":0,"master_deck":["AscendersBane","Strike_G","Strike_G","Strike_G","Strike_G","Defend_G","Defend_G","Defend_G","Defend_G","Defend_G","Survivor","Neutralize","Normality","Clumsy","Dagger Throw","Poisoned Stab","Poisoned Stab","Predator+1","Dash","Well Laid Plans+1","Dodge and Roll","Die Die Die","Backflip","Bouncing Flask","Bullet Time"],"relics":["Calling Bell","Pen Nib","Sundial","Du-Vu Doll","Orichalcum","Blue Candle","Bottled Flame","Medical Kit","Sozu"],"potions_floor_usage":[6,6,20,20],"damage_taken":[{"damage":5,"enemies":"Cultist","floor":1,"turns":4},{"damage":2,"enemies":"Jaw Worm","floor":2,"turns":2},{"damage":1,"enemies":"2 Louse","floor":3,"turns":2},{"damage":12,"enemies":"3 Sentries","floor":6,"turns":8},{"damage":5,"enemies":"Red Slaver","floor":8,"turns":3},{"damage":19,"enemies":"Gremlin Nob","floor":11,"turns":4},{"damage":5,"enemies":"Exordium Wildlife","floor":12,"turns":5},{"damage":5,"enemies":"Blue Slaver","floor":14,"turns":3},{"damage":6,"enemies":"Hexaghost","floor":16,"turns":9},{"damage":4,"enemies":"Spheric Guardian","floor":18,"turns":3},{"damage":13,"enemies":"2 Thieves","floor":19,"turns":3},{"damage":24,"enemies":"Cultist and Chosen","floor":20,"turns":6},{"damage":16,"enemies":"Shelled Parasite and Fungi","floor":22,"turns":2}],"seed_played":"3440097816234840759","potions_obtained":[{"floor":2,"key":"SkillPotion"},{"floor":3,"key":"Strength Potion"},{"floor":8,"key":"Ancient Potion"},{"floor":12,"key":"Explosive Potion"},{"floor":16,"key":"GhostInAJar"}],"is_trial":false,"path_per_floor":["M","M","M","?","?","E","R","M","T","R","E","M","$","M","R","B",null,"M","M","M","?","M"],"character_chosen":"THE_SILENT","items_purchased":["Medical Kit","Well Laid Plans"],"campfire_rested":1,"item_purchase_floors":[13,13],"current_hp_per_floor":[54,52,51,40,40,28,47,42,42,42,23,18,18,13,13,7,51,47,34,10,10,0],"gold":201,"neow_bonus":"BOSS_RELIC","is_prod":false,"is_daily":false,"chose_seed":false,"campfire_upgraded":2,"win_rate":0,"timestamp":1564401269,"path_taken":["M","M","M","?","?","E","R","M","T","R","E","M","$","M","R","BOSS","M","M","M","?","?"],"build_version":"2019-07-17","purchased_purges":0,"victory":false,"max_hp_per_floor":[66,66,66,66,66,66,66,66,66,66,66,66,66,66,66,66,66,66,66,66,66,66],"card_choices":[{"not_picked":["Tactician","Blur"],"picked":"Dagger Throw","floor":1},{"not_picked":["Sucker Punch","Underhanded Strike","Dodge and Roll"],"picked":"SKIP","floor":2},{"not_picked":["Outmaneuver","Slice"],"picked":"Poisoned Stab","floor":3},{"not_picked":["Flechettes","Eviscerate"],"picked":"Poisoned Stab","floor":6},{"not_picked":["Flying Knee","Slice"],"picked":"Predator","floor":8},{"not_picked":["Bane","Acrobatics"],"picked":"Dash","floor":11},{"not_picked":["Grand Finale","Bane","Dagger Spray"],"picked":"SKIP","floor":12},{"not_picked":["Blade Dance","Underhanded Strike"],"picked":"Dodge and Roll","floor":14},{"not_picked":["Storm of Steel","Tools of the Trade"],"picked":"Die Die Die","floor":16},{"not_picked":["Tactician","Blade Dance","Sucker Punch"],"picked":"SKIP","floor":18},{"not_picked":["Deflect","Outmaneuver"],"picked":"Backflip","floor":19},{"not_picked":["Endless Agony","Reflex"],"picked":"Bouncing Flask","floor":20}],"player_experience":1598754,"relics_obtained":[{"floor":0,"key":"Pen Nib"},{"floor":0,"key":"Sundial"},{"floor":0,"key":"Du-Vu Doll"},{"floor":6,"key":"Orichalcum"},{"floor":9,"key":"Blue Candle"},{"floor":11,"key":"Bottled Flame"}],"event_choices":[{"damage_healed":0,"gold_gain":75,"player_choice":"Gather Gold","damage_taken":11,"max_hp_gain":0,"max_hp_loss":0,"event_name":"World of Goop","floor":4,"gold_loss":0},{"cards_removed":["Pain"],"damage_healed":0,"gold_gain":0,"player_choice":"Forget","damage_taken":0,"max_hp_gain":0,"max_hp_loss":0,"event_name":"Living Wall","floor":5,"gold_loss":0},{"damage_healed":0,"gold_gain":0,"cards_transformed":["Strike_G"],"player_choice":"Transformed","damage_taken":0,"max_hp_gain":0,"max_hp_loss":0,"event_name":"Transmorgrifier","floor":21,"gold_loss":0,"cards_obtained":["Bullet Time"]}],"is_beta":false,"boss_relics":[{"not_picked":["WristBlade","Snecko Eye"],"picked":"Sozu"}],"items_purged_floors":[],"is_endless":false,"potions_floor_spawned":[2,3,8,12,16,18],"killed_by":"Shelled Parasite and Fungi","ascension_level":20}