{"gold_per_floor":[124,124,199,218,232,266,266,307,331,331,357,398,398,423,423,523,523,541,548,565,581,340,377,393,393,419,442,442,442,442,463,463,562,562,580,580,580,591,609,636,636,743,743,794,813,813,847,361,361,361],"floor_reached":51,"playtime":2441,"items_purged":["Defend_R","Armaments+1"],"score":895,"play_id":"0b5562f0-c5eb-40e5-8f79-bfd598e89919","local_time":"20190929185416","is_ascension_mode":false,"campfire_choices":[{"data":"Armaments","floor":10,"key":"SMITH"},{"data":"Perfected Strike","floor":13,"key":"SMITH"},{"data":"Perfected Strike","floor":15,"key":"SMITH"},{"data":"Clothesline","floor":25,"key":"SMITH"},{"data":"Shrug It Off","floor":28,"key":"SMITH"},{"data":"Shrug It Off","floor":32,"key":"SMITH"},{"data":"Headbutt","floor":46,"key":"SMITH"},{"data":"Wild Strike","floor":49,"key":"SMITH"}],"neow_cost":"NONE","seed_source_timestamp":175769147717700,"circlet_count":0,"master_deck":["Strike_R+1","Strike_R+1","Strike_R+1","Strike_R+1","Strike_R+1","Defend_R+1","Defend_R+1","Defend_R+1","Bash+1","Clothesline+1","Perfected Strike+1","Perfected Strike+1","Shrug It Off+1","Wild Strike+1","Twin Strike","Perfected Strike+1","Shrug It Off+1","Twin Strike+1","Headbutt+1","Shrug It Off+1","Twin Strike","Thunderclap","Wild Strike"],"relics":["Black Blood","CeramicFish","Smiling Mask","Pen Nib","Bag of Marbles","Thread and Needle","Coffee Dripper","Bag of Preparation","MealTicket","Anchor","Darkstone Periapt","Calipers","Meat on the Bone","Incense Burner","Gremlin Horn","Happy Flower","Frozen Eye"],"potions_floor_usage":[7,8,12,33,50,50,50],"damage_taken":[{"damage":6,"enemies":"Jaw Worm","floor":1,"turns":4},{"damage":5,"enemies":"Small Slimes","floor":4,"turns":3},{"damage":0,"enemies":"Cultist","floor":5,"turns":4},{"damage":40,"enemies":"3 Sentries","floor":6,"turns":12},{"damage":20,"enemies":"Lagavulin","floor":8,"turns":7},{"damage":7,"enemies":"2 Fungi Beasts","floor":11,"turns":3},{"damage":0,"enemies":"Gremlin Nob","floor":12,"turns":2},{"damage":1,"enemies":"Lots of Slimes","floor":14,"turns":4},{"damage":25,"enemies":"Hexaghost","floor":16,"turns":7},{"damage":0,"enemies":"Chosen","floor":18,"turns":2},{"damage":0,"enemies":"Spheric Guardian","floor":20,"turns":1},{"damage":7,"enemies":"Snake Plant","floor":21,"turns":3},{"damage":10,"enemies":"Slavers","floor":23,"turns":3},{"damage":0,"enemies":"Snecko","floor":24,"turns":2},{"damage":0,"enemies":"Centurion and Healer","floor":27,"turns":3},{"damage":0,"enemies":"Shelled Parasite and Fungi","floor":31,"turns":2},{"damage":43,"enemies":"Champ","floor":33,"turns":7},{"damage":0,"enemies":"3 Shapes","floor":35,"turns":3},{"damage":0,"enemies":"Orb Walker","floor":38,"turns":1},{"damage":0,"enemies":"3 Darklings","floor":39,"turns":4},{"damage":38,"enemies":"Giant Head","floor":40,"turns":7},{"damage":0,"enemies":"Mind Bloom Boss Battle","floor":42,"turns":2},{"damage":7,"enemies":"2 Orb Walkers","floor":44,"turns":3},{"damage":0,"enemies":"Sphere and 2 Shapes","floor":45,"turns":2},{"damage":24,"enemies":"Reptomancer","floor":47,"turns":6},{"damage":32,"enemies":"Donu and Deca","floor":50,"turns":5}],"seed_played":"-9122564394270667784","potions_obtained":[{"floor":1,"key":"SpeedPotion"},{"floor":6,"key":"SteroidPotion"},{"floor":7,"key":"Fruit Juice"},{"floor":7,"key":"FairyPotion"},{"floor":8,"key":"SteroidPotion"},{"floor":11,"key":"AttackPotion"},{"floor":16,"key":"Ancient Potion"},{"floor":20,"key":"Dexterity Potion"},{"floor":33,"key":"Ancient Potion"}],"is_trial":false,"path_per_floor":["M","?","?","M","M","E","?","E","T","R","M","E","R","M","R","B",null,"M","?","M","M","$","E","M","R","T","M","R","?","?","M","R","B",null,"M","?","?","M","M","E","?","?","T","?","M","R","E","$","R","B",null],"character_chosen":"IRONCLAD","items_purchased":["Bag of Preparation","Shrug It Off","Happy Flower","Frozen Eye","Energy Potion","AttackPotion","Wild Strike"],"campfire_rested":0,"item_purchase_floors":[22,22,48,48,48,48,48],"current_hp_per_floor":[80,80,72,73,79,45,50,36,36,36,35,41,41,46,46,27,85,85,85,85,84,84,80,85,85,85,85,85,85,85,85,85,48,85,85,85,85,85,85,59,59,71,71,76,81,81,69,81,81,61],"gold":361,"neow_bonus":"RANDOM_COMMON_RELIC","is_prod":false,"is_daily":false,"chose_seed":false,"campfire_upgraded":8,"win_rate":0,"timestamp":1569750856,"path_taken":["M","?","?","?","M","E","?","E","T","R","?","E","R","M","R","BOSS","M","?","M","?","$","E","M","R","T","M","R","?","?","M","R","BOSS","M","?","?","M","?","E","?","?","T","?","M","R","E","$","R","BOSS"],"build_version":"2019-09-27","purchased_purges":2,"victory":true,"max_hp_per_floor":[80,80,80,80,80,80,85,85,85,85,85,85,85,85,85,85,85,85,85,85,85,85,85,85,85,85,85,85,85,85,85,85,85,85,85,85,85,85,85,85,81,81,81,81,81,81,81,81,81,81],"card_choices":[{"not_picked":["Sever Soul","Whirlwind"],"picked":"Clothesline","floor":1},{"not_picked":["Sword Boomerang","Thunderclap"],"picked":"Armaments","floor":4},{"not_picked":["Sentinel","Whirlwind","Searing Blow"],"picked":"SKIP","floor":5},{"not_picked":["Body Slam","Metallicize"],"picked":"Perfected Strike","floor":6},{"not_picked":["Clothesline","Evolve"],"picked":"Perfected Strike","floor":8},{"not_picked":["Anger","Wild Strike"],"picked":"Shrug It Off","floor":11},{"not_picked":["Warcry","Ghostly Armor"],"picked":"Wild Strike","floor":12},{"not_picked":["Flame Barrier","Corruption"],"picked":"Twin Strike","floor":14},{"not_picked":["Body Slam+1","Iron Wave","Sword Boomerang"],"picked":"SKIP","floor":18},{"not_picked":["Clothesline","Iron Wave","Cleave"],"picked":"SKIP","floor":20},{"not_picked":["Warcry","Anger+1","Reckless Charge"],"picked":"SKIP","floor":21},{"not_picked":["Spot Weakness","Flame Barrier"],"picked":"Twin Strike+1","floor":23},{"not_picked":["Clothesline+1","Clash","Pummel+1"],"picked":"SKIP","floor":24},{"not_picked":["Seeing Red","Rage"],"picked":"Headbutt","floor":27},{"not_picked":["Combust","Anger"],"picked":"Shrug It Off+1","floor":31},{"not_picked":["Infernal Blade","Sever Soul+1","Body Slam+1"],"picked":"SKIP","floor":35},{"not_picked":["Cleave","Disarm","Flex"],"picked":"SKIP","floor":38},{"not_picked":["Heavy Blade+1","Hemokinesis+1"],"picked":"Twin Strike","floor":39},{"not_picked":["Clothesline+1","Iron Wave+1","Armaments+1"],"picked":"SKIP","floor":40},{"not_picked":["Power Through","Heavy Blade+1"],"picked":"Thunderclap","floor":42},{"not_picked":["Heavy Blade+1","Metallicize+1","Corruption+1"],"picked":"SKIP","floor":45},{"not_picked":["Clothesline","Cleave+1","Flame Barrier+1"],"picked":"SKIP","floor":47}],"player_experience":879416,"relics_obtained":[{"floor":6,"key":"Smiling Mask"},{"floor":8,"key":"Pen Nib"},{"floor":9,"key":"Bag of Marbles"},{"floor":12,"key":"Thread and Needle"},{"floor":23,"key":"MealTicket"},{"floor":26,"key":"Anchor"},{"floor":40,"key":"Darkstone Periapt"},{"floor":42,"key":"Calipers"},{"floor":43,"key":"Meat on the Bone"},{"floor":44,"key":"Incense Burner"},{"floor":47,"key":"Gremlin Horn"}],"event_choices":[{"damage_healed":0,"gold_gain":0,"player_choice":"Grow","damage_taken":0,"max_hp_gain":0,"max_hp_loss":0,"event_name":"Living Wall","floor":2,"gold_loss":0,"cards_upgraded":["Bash"]},{"damage_healed":0,"gold_gain":75,"player_choice":"Touch","damage_taken":8,"max_hp_gain":0,"max_hp_loss":0,"event_name":"FaceTrader","floor":3,"gold_loss":0},{"damage_healed":0,"gold_gain":0,"player_choice":"Got Potions","damage_taken":0,"max_hp_gain":0,"max_hp_loss":0,"event_name":"Lab","floor":7,"gold_loss":0},{"damage_healed":0,"gold_gain":0,"player_choice":"Copied","damage_taken":0,"max_hp_gain":0,"max_hp_loss":0,"event_name":"Duplicator","floor":19,"gold_loss":0,"cards_obtained":["Perfected Strike"]},{"damage_healed":0,"gold_gain":0,"player_choice":"Ignored","damage_taken":0,"max_hp_gain":0,"max_hp_loss":0,"event_name":"Ghosts","floor":29,"gold_loss":0},{"damage_healed":0,"gold_gain":0,"player_choice":"Simplicity","damage_taken":0,"max_hp_gain":0,"max_hp_loss":0,"event_name":"Back to Basics","floor":30,"gold_loss":0,"cards_upgraded":["Strike_R","Strike_R","Strike_R","Strike_R","Strike_R","Defend_R","Defend_R","Defend_R"]},{"damage_healed":0,"gold_gain":0,"player_choice":"Memory 1","damage_taken":0,"max_hp_gain":0,"max_hp_loss":0,"event_name":"SensoryStone","floor":36,"gold_loss":0},{"damage_healed":0,"gold_gain":0,"player_choice":"Ignored","damage_taken":0,"max_hp_gain":0,"max_hp_loss":0,"event_name":"SecretPortal","floor":37,"gold_loss":0},{"damage_healed":0,"gold_gain":0,"player_choice":"Max HP","damage_taken":0,"max_hp_gain":0,"max_hp_loss":4,"event_name":"Winding Halls","floor":41,"gold_loss":0},{"damage_healed":0,"gold_gain":0,"player_choice":"Fight","damage_taken":0,"max_hp_gain":0,"max_hp_loss":0,"event_name":"MindBloom","floor":42,"gold_loss":0},{"damage_healed":0,"gold_gain":0,"player_choice":"Fight","damage_taken":0,"max_hp_gain":0,"max_hp_loss":0,"event_name":"Mysterious Sphere","floor":44,"gold_loss":0}],"is_beta":true,"boss_relics":[{"not_picked":["Tiny House","Philosopher\u0027s Stone"],"picked":"Coffee Dripper"},{"not_picked":["Black Star","Pandora\u0027s Box"],"picked":"Black Blood"}],"items_purged_floors":[22,48],"is_endless":false,"potions_floor_spawned":[1,6,8,11,16,20,24,33,35,40,42,45],"ascension_level":0}