{"gold_per_floor":[116,291,291,311,325,355,355,369,395,408,434,490,501,33,33,131,181,200,214,214,214,232,258,258,292,304,329,352,96,96,114,114,219,219,235,235,254,25,25,60,72,72,72,83,21,21,33,51,51,101,101,101,1,28,28],"floor_reached":56,"playtime":3928,"items_purged":["Strike_R"],"score":1324,"play_id":"13979534-a8ae-48ec-92d8-9405944f3533","local_time":"20191002192825","is_ascension_mode":true,"campfire_choices":[{"floor":7.0,"key":"REST"},{"floor":15.0,"key":"REST"},{"data":"Seeing Red","floor":24.0,"key":"SMITH"},{"floor":32.0,"key":"REST"},{"floor":42,"key":"RECALL"},{"data":"Infernal Blade","floor":49,"key":"SMITH"},{"data":"Metallicize","floor":52,"key":"SMITH"}],"neow_cost":"NONE","seed_source_timestamp":0,"circlet_count":0,"master_deck":["Strike_R","Strike_R","Strike_R","Defend_R","Defend_R","Defend_R","Defend_R","Bash","Warcry","Headbutt+1","Shrug It Off","Metallicize+1","Dual Wield","Flame Barrier","Sentinel","Disarm","Reaper","Feed","Shockwave","Inflame+1","Seeing Red+1","Reckless Charge","Infernal Blade+1","Seeing Red","Necronomicurse","Reaper+1","HandOfGreed+1","Master of Strategy","True Grit+1","Pommel Strike+1","Entrench+1"],"special_seed":0,"relics":["Runic Dome","Vajra","Happy Flower","Bronze Scales","Dead Branch","Membership Card","Ice Cream","Lantern","Tiny House","Calipers","MawBank","Molten Egg 2","Paper Frog","Toolbox","Necronomicon","Busted Crown","Mummified Hand","TheAbacus","Charon\u0027s Ashes","The Courier","Strawberry","Toxic Egg 2","OrangePellets","Centennial Puzzle"],"potions_floor_usage":[33,37,40,50,55,55,55],"damage_taken":[{"damage":6.0,"enemies":"2 Louse","floor":1.0,"turns":2.0},{"damage":0.0,"enemies":"Small Slimes","floor":4.0,"turns":2.0},{"damage":12.0,"enemies":"Jaw Worm","floor":5.0,"turns":2.0},{"damage":33.0,"enemies":"Gremlin Nob","floor":6.0,"turns":5.0},{"damage":4.0,"enemies":"2 Fungi Beasts","floor":8.0,"turns":3.0},{"damage":9.0,"enemies":"3 Louse","floor":10.0,"turns":4.0},{"damage":16.0,"enemies":"3 Sentries","floor":11.0,"turns":11.0},{"damage":3.0,"enemies":"3 Sentries","floor":12.0,"turns":9.0},{"damage":7.0,"enemies":"Large Slime","floor":13.0,"turns":5.0},{"damage":33.0,"enemies":"Hexaghost","floor":16.0,"turns":13.0},{"damage":11.0,"enemies":"3 Byrds","floor":18.0,"turns":3.0},{"damage":28.0,"enemies":"Spheric Guardian","floor":19.0,"turns":4.0},{"damage":8.0,"enemies":"Cultist and Chosen","floor":22.0,"turns":4.0},{"damage":23.0,"enemies":"Gremlin Leader","floor":23.0,"turns":5.0},{"damage":13.0,"enemies":"Book of Stabbing","floor":25.0,"turns":5.0},{"damage":0.0,"enemies":"Snake Plant","floor":27.0,"turns":4.0},{"damage":13.0,"enemies":"Centurion and Healer","floor":28.0,"turns":3.0},{"damage":0.0,"enemies":"Cultist and Chosen","floor":31.0,"turns":3.0},{"damage":10,"enemies":"Champ","floor":33,"turns":8},{"damage":0,"enemies":"3 Darklings","floor":35,"turns":2},{"damage":7,"enemies":"Orb Walker","floor":37,"turns":2},{"damage":4,"enemies":"Reptomancer","floor":40,"turns":4},{"damage":6,"enemies":"Transient","floor":41,"turns":5},{"damage":0,"enemies":"Spire Growth","floor":44,"turns":3},{"damage":10,"enemies":"Maw","floor":47,"turns":4},{"damage":14,"enemies":"3 Darklings","floor":48,"turns":2},{"damage":47,"enemies":"Awakened One","floor":50,"turns":7},{"damage":65,"enemies":"Shield and Spear","floor":54,"turns":7},{"damage":27,"enemies":"The Heart","floor":55,"turns":4}],"seed_played":"3278850957300183613","potions_obtained":[{"floor":5.0,"key":"Dexterity Potion"},{"floor":6.0,"key":"Weak Potion"},{"floor":11.0,"key":"EntropicBrew"},{"floor":12.0,"key":"Swift Potion"},{"floor":13.0,"key":"Fruit Juice"},{"floor":16.0,"key":"SneckoOil"},{"floor":17.0,"key":"Ancient Potion"},{"floor":19.0,"key":"SkillPotion"},{"floor":23.0,"key":"Weak Potion"},{"floor":25.0,"key":"Swift Potion"},{"floor":28.0,"key":"SkillPotion"},{"floor":33,"key":"SteroidPotion"},{"floor":35,"key":"Fire Potion"},{"floor":41,"key":"AttackPotion"},{"floor":47,"key":"Weak Potion"}],"is_trial":false,"path_per_floor":["M","?","?","M","M","E","R","M","T","M","E","?","M","$","R","B",null,"M","M","?","?","M","E","R","E","T","M","M","$","?","M","R","B",null,"M","?","M","$","?","E","M","R","T","M","$","T","M","M","R","B",null,"R","$","E","B",null],"character_chosen":"IRONCLAD","items_purchased":["Membership Card","Ice Cream","Lantern","Reaper","Paper Frog","Toolbox","Mummified Hand","TheAbacus","Strawberry","OrangePellets","Energy Potion"],"campfire_rested":3,"item_purchase_floors":[14,14,14,14,29,29,38,38,45,53,53],"current_hp_per_floor":[74,74,67,67,55,22,46,42,42,33,17,14,7,7,31,30,90,82,54,54,54,73,66,66,68,68,77,74,74,58,58,87,96,99,99,94,99,99,99,99,93,93,93,99,106,106,106,106,106,87,106,106,106,53,60],"gold":28,"neow_bonus":"BOSS_RELIC","is_prod":false,"is_daily":false,"chose_seed":false,"campfire_upgraded":3,"win_rate":0,"timestamp":1570058905,"path_taken":["M","?","?","M","M","E","R","M","T","M","E","?","?","$","R","BOSS","M","M","?","?","M","E","R","E","T","M","M","$","?","M","R","BOSS","M","?","M","$","?","E","M","R","T","M","$","?","?","M","R","BOSS","R","$","E","BOSS"],"build_version":"2019-07-17","purchased_purges":1,"victory":true,"max_hp_per_floor":[80,80,80,80,80,80,80,80,80,80,80,80,80,80,80,85,90,93,93,93,93,96,96,96,99,99,99,99,99,99,99,99,99,99,99,99,99,99,99,99,99,99,99,99,106,106,106,106,106,106,106,106,106,106,106],"card_choices":[{"not_picked":["Pommel Strike","Havoc"],"picked":"Warcry","floor":1.0},{"not_picked":["Anger","Havoc"],"picked":"Headbutt","floor":4.0},{"not_picked":["Clash","Rampage"],"picked":"Shrug It Off","floor":5.0},{"not_picked":["Disarm","Fiend Fire"],"picked":"Metallicize","floor":6.0},{"not_picked":["Reckless Charge","Combust"],"picked":"Dual Wield","floor":8.0},{"not_picked":["Flex","Perfected Strike"],"picked":"Flame Barrier","floor":10.0},{"not_picked":["Twin Strike","Disarm"],"picked":"Sentinel","floor":11.0},{"not_picked":["Twin Strike","Blood for Blood"],"picked":"Disarm","floor":13.0},{"not_picked":["Limit Break","Brutality"],"picked":"Feed","floor":16.0},{"not_picked":["True Grit","Flex"],"picked":"Shockwave","floor":17.0},{"not_picked":["Clash","Sword Boomerang"],"picked":"Inflame+1","floor":18.0},{"not_picked":["Anger","Iron Wave","Uppercut"],"picked":"SKIP","floor":19.0},{"not_picked":["Wild Strike","Sever Soul","Headbutt"],"picked":"SKIP","floor":22.0},{"not_picked":["Bloodletting+1","Clothesline"],"picked":"Reckless Charge","floor":23.0},{"not_picked":["Havoc+1","Twin Strike"],"picked":"Infernal Blade","floor":25.0},{"not_picked":["Heavy Blade+1","Shockwave+1"],"picked":"Seeing Red","floor":27.0},{"not_picked":["Rupture","Twin Strike+1","Reckless Charge+1"],"picked":"SKIP","floor":28.0},{"not_picked":["Uppercut+1","Blood for Blood+1","Clothesline+1"],"picked":"SKIP","floor":31.0},{"not_picked":["Brutality","Limit Break"],"picked":"Reaper+1","floor":33},{"not_picked":["Headbutt+1"],"picked":"SKIP","floor":35},{"not_picked":[],"picked":"HandOfGreed+1","floor":36},{"not_picked":[],"picked":"Master of Strategy","floor":36},{"not_picked":["Headbutt+1"],"picked":"SKIP","floor":37},{"not_picked":["Heavy Blade+1"],"picked":"SKIP","floor":40},{"not_picked":["Sword Boomerang+1"],"picked":"SKIP","floor":41},{"not_picked":[],"picked":"True Grit+1","floor":44},{"not_picked":["Reckless Charge+1"],"picked":"SKIP","floor":47},{"not_picked":[],"picked":"Pommel Strike+1","floor":48},{"not_picked":[],"picked":"Entrench+1","floor":54}],"player_experience":232409,"relics_obtained":[{"floor":6.0,"key":"Happy Flower"},{"floor":11.0,"key":"Bronze Scales"},{"floor":12.0,"key":"Dead Branch"},{"floor":23.0,"key":"Calipers"},{"floor":25.0,"key":"MawBank"},{"floor":26.0,"key":"Molten Egg 2"},{"floor":30.0,"key":"Necronomicon"},{"floor":40,"key":"Charon\u0027s Ashes"},{"floor":43,"key":"The Courier"},{"floor":46,"key":"Toxic Egg 2"},{"floor":54,"key":"Centennial Puzzle"}],"event_choices":[{"damage_healed":0.0,"max_hp_gain":0.0,"max_hp_loss":0.0,"gold_gain":175.0,"event_name":"Liars Game","player_choice":"AGREE","floor":2.0,"gold_loss":0.0,"damage_taken":0.0,"cards_obtained":["Doubt"]},{"damage_healed":0.0,"max_hp_gain":0.0,"max_hp_loss":0.0,"gold_gain":0.0,"event_name":"Scrap Ooze","player_choice":"Success","floor":3.0,"gold_loss":0.0,"damage_taken":7.0,"relics_obtained":["Vajra"]},{"damage_healed":0.0,"max_hp_gain":0.0,"max_hp_loss":0.0,"gold_gain":0.0,"event_name":"Dead Adventurer","player_choice":"Searched \u00271\u0027 times","floor":12.0,"gold_loss":0.0,"damage_taken":0.0},{"cards_removed":["Doubt"],"damage_healed":0.0,"max_hp_gain":0.0,"max_hp_loss":0.0,"gold_gain":0.0,"event_name":"Back to Basics","player_choice":"Elegance","floor":20.0,"gold_loss":0.0,"damage_taken":0.0},{"damage_healed":0.0,"max_hp_gain":0.0,"max_hp_loss":0.0,"gold_gain":0.0,"event_name":"The Library","player_choice":"Read","floor":21.0,"gold_loss":0.0,"damage_taken":0.0,"cards_obtained":["Seeing Red"]},{"damage_healed":0.0,"max_hp_gain":0.0,"max_hp_loss":0.0,"gold_gain":0.0,"event_name":"Cursed Tome","player_choice":"Obtained Book","floor":30.0,"gold_loss":0.0,"damage_taken":16.0},{"damage_healed":0,"gold_gain":0,"player_choice":"Memory 2","damage_taken":5,"max_hp_gain":0,"max_hp_loss":0,"event_name":"SensoryStone","floor":36,"gold_loss":0},{"cards_removed":["Strike_R"],"damage_healed":0,"gold_gain":0,"player_choice":"Removed Attack","damage_taken":0,"max_hp_gain":0,"max_hp_loss":0,"event_name":"Falling","floor":39,"gold_loss":0}],"is_beta":false,"boss_relics":[{"not_picked":["Coffee Dripper","Runic Pyramid"],"picked":"Tiny House"},{"not_picked":["Cursed Key","Philosopher\u0027s Stone"],"picked":"Busted Crown"}],"items_purged_floors":[29],"is_endless":false,"potions_floor_spawned":[5,6,11,12,13,16,19,23,25,28,33,35,41,47],"ascension_level":2}