{"gold_per_floor":[112,262,275,289,173,173,33,64,64,96,96,96,96],"floor_reached":13,"playtime":1014,"items_purged":["Strike_G","Doubt"],"score":173,"play_id":"47a4a170-76b0-4c89-b640-dec99f63def0","local_time":"20190628134032","is_ascension_mode":true,"campfire_choices":[{"data":"Caltrops","floor":6.0,"key":"SMITH"},{"data":"Calculated Gamble","floor":11.0,"key":"SMITH"}],"neow_cost":"NONE","seed_source_timestamp":7615178693032522,"circlet_count":0,"master_deck":["AscendersBane","Defend_G","Defend_G","Defend_G","Defend_G","Defend_G","Strike_G","Strike_G","Strike_G","Strike_G","Survivor","Neutralize","Noxious Fumes","Bouncing Flask","Caltrops+1","Deflect","Deflect","Dodge and Roll","Predator","Catalyst","Acrobatics","Calculated Gamble+1","Parasite"],"special_seed":0,"relics":["Orrery","Nunchaku","FossilizedHelix","Happy Flower"],"potions_floor_usage":[],"damage_taken":[{"damage":1.0,"enemies":"2 Louse","floor":1.0,"turns":3.0},{"damage":3.0,"enemies":"Jaw Worm","floor":3.0,"turns":4.0},{"damage":0.0,"enemies":"Small Slimes","floor":4.0,"turns":3.0},{"damage":11.0,"enemies":"3 Sentries","floor":8.0,"turns":8.0},{"damage":18.0,"enemies":"Lagavulin","floor":10.0,"turns":7.0},{"damage":67,"enemies":"Gremlin Nob","floor":13,"turns":4}],"seed_played":"-7172830224301445280","potions_obtained":[{"floor":1.0,"key":"Fire Potion"},{"floor":3.0,"key":"Weak Potion"},{"floor":8.0,"key":"LiquidBronze"}],"is_trial":false,"path_per_floor":["M","?","M","M","$","R","$","E","T","E","R","?","E"],"character_chosen":"THE_SILENT","items_purchased":["Predator","Catalyst"],"campfire_rested":0,"item_purchase_floors":[5,7],"current_hp_per_floor":[58,58,55,55,55,55,55,44,44,26,26,42,0],"gold":96,"neow_bonus":"BOSS_RELIC","is_prod":false,"is_daily":false,"chose_seed":false,"campfire_upgraded":2,"win_rate":0,"timestamp":1561707632,"path_taken":["M","?","M","M","$","R","$","E","T","E","R","?","E"],"build_version":"2019-01-23","purchased_purges":2,"victory":false,"max_hp_per_floor":[66,66,66,66,66,66,66,66,66,66,66,66,66],"card_choices":[{"not_picked":["Dagger Spray","Dash"],"picked":"Noxious Fumes","floor":0.0},{"not_picked":["Prepared","Catalyst"],"picked":"Bouncing Flask","floor":0.0},{"not_picked":["Blade Dance","Cloak And Dagger"],"picked":"Caltrops","floor":0.0},{"not_picked":["Concentrate","Bane"],"picked":"Deflect","floor":0.0},{"not_picked":["Infinite Blades","Deadly Poison"],"picked":"Deflect","floor":1.0},{"not_picked":["Heel Hook","Slice","Unload"],"picked":"SKIP","floor":3.0},{"not_picked":["Quick Slash","Dagger Spray"],"picked":"Dodge and Roll","floor":4.0},{"not_picked":["Flying Knee","Grand Finale"],"picked":"Acrobatics","floor":8.0},{"not_picked":["Reflex","Masterful Stab"],"picked":"Calculated Gamble","floor":10.0}],"player_experience":1475981,"relics_obtained":[{"floor":8.0,"key":"Nunchaku"},{"floor":9.0,"key":"FossilizedHelix"},{"floor":10.0,"key":"Happy Flower"}],"event_choices":[{"damage_healed":0.0,"max_hp_gain":0.0,"max_hp_loss":0.0,"gold_gain":150.0,"event_name":"Liars Game","player_choice":"AGREE","floor":2.0,"gold_loss":0.0,"damage_taken":0.0,"cards_obtained":["Doubt"]},{"damage_healed":16.0,"max_hp_gain":0.0,"max_hp_loss":0.0,"gold_gain":0.0,"event_name":"Mushrooms","player_choice":"Healed and dodged fight","floor":12.0,"gold_loss":0.0,"damage_taken":0.0,"cards_obtained":["Parasite"]}],"is_beta":false,"boss_relics":[],"items_purged_floors":[5,7],"is_endless":false,"potions_floor_spawned":[1,3,8],"killed_by":"Gremlin Nob","ascension_level":18}