{"gold_per_floor":[15,29,29,29,47,47,85,10,59,59,93,93,106,131,131,226,226,249,99,114,132,132,132,47,91,118,131,131,131,149,168,168,261,261,280,280,280,240,365,405,405,430,430,430,463,175,211,229,229,229],"floor_reached":50,"playtime":4124,"items_purged":["Pain"],"score":1191,"play_id":"ba17aff1-6847-43c2-be3a-7e332209b72e","local_time":"20190907064048","is_ascension_mode":true,"campfire_choices":[{"data":"Bash","floor":6,"key":"SMITH"},{"data":"Sword Boomerang","floor":12,"key":"SMITH"},{"data":"Spot Weakness","floor":15,"key":"SMITH"},{"data":"Heavy Blade","floor":23,"key":"SMITH"},{"floor":29,"key":"REST"},{"data":"Bite","floor":32,"key":"SMITH"},{"data":"Bite","floor":41,"key":"SMITH"},{"data":"Immolate","floor":44,"key":"SMITH"},{"data":"Bludgeon","floor":49,"key":"SMITH"}],"neow_cost":"NO_GOLD","seed_source_timestamp":1793424509800,"circlet_count":0,"master_deck":["AscendersBane","Defend_R","Defend_R","Defend_R+1","Defend_R","Bash+1","Double Tap+1","Clothesline","Sword Boomerang+1","Shrug It Off","Spot Weakness+1","Battle Trance","Limit Break","Evolve","Heavy Blade+1","Corruption","Bite+1","Bite+1","Bite","Bite","Bite","Sentinel","Bludgeon+1","Shrug It Off","Immolate+1","Power Through","Shrug It Off","Infernal Blade"],"relics":["Burning Blood","Golden Idol","Vajra","War Paint","Pen Nib","WarpedTongs","Strawberry","Snecko Eye","Darkstone Periapt","Juzu Bracelet","Bag of Marbles","Runic Dome","Prayer Wheel","Bottled Lightning","Bottled Flame","Calipers","Meat on the Bone","Molten Egg 2"],"potions_floor_usage":[7,11,16,16,25,33,39,40,50],"damage_taken":[{"damage":17,"enemies":"Small Slimes","floor":1,"turns":4},{"damage":3,"enemies":"2 Louse","floor":2,"turns":2},{"damage":0,"enemies":"Cultist","floor":5,"turns":3},{"damage":17,"enemies":"3 Sentries","floor":7,"turns":5},{"damage":32,"enemies":"Gremlin Nob","floor":11,"turns":4},{"damage":1,"enemies":"Exordium Wildlife","floor":13,"turns":3},{"damage":10,"enemies":"Blue Slaver","floor":14,"turns":3},{"damage":26,"enemies":"Slime Boss","floor":16,"turns":9},{"damage":0,"enemies":"Spheric Guardian","floor":18,"turns":2},{"damage":30,"enemies":"2 Thieves","floor":20,"turns":4},{"damage":9,"enemies":"Centurion and Healer","floor":21,"turns":3},{"damage":28,"enemies":"Gremlin Leader","floor":25,"turns":5},{"damage":11,"enemies":"Snake Plant","floor":27,"turns":3},{"damage":0,"enemies":"Sentry and Sphere","floor":30,"turns":3},{"damage":2,"enemies":"Centurion and Healer","floor":31,"turns":4},{"damage":24,"enemies":"Automaton","floor":33,"turns":6},{"damage":5,"enemies":"Orb Walker","floor":35,"turns":3},{"damage":0,"enemies":"Mind Bloom Boss Battle","floor":39,"turns":2},{"damage":14,"enemies":"Reptomancer","floor":40,"turns":4},{"damage":0,"enemies":"3 Shapes","floor":42,"turns":4},{"damage":38,"enemies":"Nemesis","floor":45,"turns":5},{"damage":16,"enemies":"Giant Head","floor":47,"turns":5},{"damage":0,"enemies":"Writhing Mass","floor":48,"turns":2},{"damage":73,"enemies":"Time Eater","floor":50,"turns":4}],"seed_played":"-5784978984647758760","potions_obtained":[{"floor":1,"key":"Strength Potion"},{"floor":5,"key":"AttackPotion"},{"floor":7,"key":"BloodPotion"},{"floor":13,"key":"FearPotion"},{"floor":18,"key":"GamblersBrew"},{"floor":27,"key":"AttackPotion"},{"floor":31,"key":"EssenceOfSteel"},{"floor":38,"key":"BloodPotion"},{"floor":38,"key":"Poison Potion"},{"floor":39,"key":"Explosive Potion"},{"floor":42,"key":"Fire Potion"},{"floor":45,"key":"GamblersBrew"}],"is_trial":false,"path_per_floor":["M","M","?","?","M","R","E","?","T","?","E","R","M","M","R","B",null,"M","$","M","M","?","R","?","E","T","M","?","R","M","M","R","B",null,"M","$","?","?","?","E","R","M","T","R","E","$","E","M","R","B"],"character_chosen":"IRONCLAD","items_purchased":["Evolve","Meat on the Bone"],"campfire_rested":1,"item_purchase_floors":[19,46],"current_hp_per_floor":[57,60,60,55,61,61,50,50,50,50,48,48,53,49,49,29,64,70,70,46,43,43,43,43,21,21,16,16,31,41,52,52,47,51,52,52,52,52,52,44,44,52,52,52,32,32,35,44,44,0],"gold":229,"neow_bonus":"THREE_RARE_CARDS","is_prod":false,"is_daily":false,"chose_seed":false,"campfire_upgraded":8,"win_rate":0,"timestamp":1567806048,"path_taken":["M","M","?","?","M","R","E","?","T","?","E","R","M","M","R","BOSS","M","$","?","M","?","R","?","E","T","M","?","R","M","M","R","BOSS","M","$","?","?","?","E","R","M","T","R","E","$","E","M","R","BOSS"],"build_version":"2019-07-17","purchased_purges":1,"victory":false,"max_hp_per_floor":[75,75,68,68,68,68,68,68,68,68,75,75,75,75,75,75,75,75,75,75,75,75,75,75,75,75,75,52,52,52,52,52,52,52,52,52,52,52,52,52,52,52,52,52,52,52,52,52,52,52],"card_choices":[{"not_picked":["Barricade","Demon Form"],"picked":"Double Tap","floor":0},{"not_picked":["Corruption","Havoc"],"picked":"Iron Wave","floor":1},{"not_picked":["Rage","Warcry"],"picked":"Clothesline","floor":2},{"not_picked":["Havoc","Body Slam"],"picked":"Sword Boomerang","floor":5},{"not_picked":["Twin Strike","Reaper"],"picked":"Shrug It Off","floor":7},{"not_picked":["Pummel","Searing Blow"],"picked":"Spot Weakness","floor":11},{"not_picked":["Corruption","Uppercut","Warcry"],"picked":"SKIP","floor":13},{"not_picked":["Corruption","Uppercut","Warcry"],"picked":"SKIP","floor":13},{"not_picked":["Rampage","Shrug It Off"],"picked":"Battle Trance","floor":14},{"not_picked":["Juggernaut","Barricade"],"picked":"Limit Break","floor":16},{"not_picked":["Pummel","Twin Strike","Headbutt"],"picked":"SKIP","floor":18},{"not_picked":["Metallicize","Rage+1","Bloodletting"],"picked":"SKIP","floor":20},{"not_picked":["Uppercut","Iron Wave"],"picked":"Heavy Blade","floor":21},{"not_picked":["Hemokinesis","Body Slam"],"picked":"Corruption","floor":25},{"not_picked":["Rampage+1","Sword Boomerang","Wild Strike"],"picked":"SKIP","floor":27},{"not_picked":["Battle Trance","Anger","Armaments"],"picked":"SKIP","floor":30},{"not_picked":["Headbutt","Evolve"],"picked":"Sentinel","floor":31},{"not_picked":["Feed","Barricade"],"picked":"Bludgeon","floor":33},{"not_picked":["Thunderclap","Pommel Strike","Sword Boomerang"],"picked":"SKIP","floor":35},{"not_picked":["Entrench","Corruption+1"],"picked":"Shrug It Off","floor":40},{"not_picked":["Metallicize+1","Clothesline"],"picked":"Immolate","floor":42},{"not_picked":["Sword Boomerang","Clash","Heavy Blade"],"picked":"SKIP","floor":42},{"not_picked":["Rampage","Bludgeon","Iron Wave"],"picked":"SKIP","floor":45},{"not_picked":["Corruption+1","Pommel Strike"],"picked":"Power Through","floor":47},{"not_picked":["Body Slam+1","Clash+1"],"picked":"Shrug It Off","floor":48},{"not_picked":["Clothesline+1","Clash+1"],"picked":"Infernal Blade","floor":48}],"player_experience":656977,"relics_obtained":[{"floor":7,"key":"War Paint"},{"floor":9,"key":"Pen Nib"},{"floor":11,"key":"Strawberry"},{"floor":25,"key":"Juzu Bracelet"},{"floor":26,"key":"Bag of Marbles"},{"floor":39,"key":"Prayer Wheel"},{"floor":40,"key":"Bottled Lightning"},{"floor":43,"key":"Bottled Flame"},{"floor":45,"key":"Calipers"},{"floor":47,"key":"Molten Egg 2"}],"event_choices":[{"damage_healed":0,"gold_gain":0,"player_choice":"Lose Max HP","damage_taken":0,"relics_obtained":["Golden Idol"],"max_hp_gain":0,"max_hp_loss":7,"event_name":"Golden Idol","floor":3,"gold_loss":0},{"damage_healed":0,"gold_gain":0,"player_choice":"Success","damage_taken":5,"relics_obtained":["Vajra"],"max_hp_gain":0,"max_hp_loss":0,"event_name":"Scrap Ooze","floor":4,"gold_loss":0},{"cards_removed":["Strike_R"],"damage_healed":0,"gold_gain":0,"player_choice":"Card Removal","damage_taken":0,"max_hp_gain":0,"max_hp_loss":0,"event_name":"The Cleric","floor":8,"gold_loss":75},{"damage_healed":0,"gold_gain":0,"player_choice":"Rummage","damage_taken":0,"relics_obtained":["WarpedTongs"],"max_hp_gain":0,"max_hp_loss":0,"event_name":"Accursed Blacksmith","floor":10,"gold_loss":0,"cards_obtained":["Pain"]},{"damage_healed":0,"gold_gain":0,"player_choice":"Ignored","damage_taken":0,"max_hp_gain":0,"max_hp_loss":0,"event_name":"The Mausoleum","floor":22,"gold_loss":0},{"damage_healed":0,"gold_gain":0,"player_choice":"Obtained Relic","damage_taken":0,"relics_obtained":["Darkstone Periapt"],"max_hp_gain":0,"max_hp_loss":0,"event_name":"Addict","floor":24,"gold_loss":85},{"damage_healed":0,"gold_gain":0,"player_choice":"Became a vampire","damage_taken":0,"max_hp_gain":0,"max_hp_loss":23,"event_name":"Vampires","floor":28,"gold_loss":0,"cards_obtained":["Bite","Bite","Bite","Bite","Bite"]},{"cards_removed":["Iron Wave"],"damage_healed":0,"gold_gain":0,"player_choice":"Removed Attack","damage_taken":0,"max_hp_gain":0,"max_hp_loss":0,"event_name":"Falling","floor":37,"gold_loss":0},{"damage_healed":0,"gold_gain":0,"player_choice":"Bought 3 Potions","damage_taken":0,"max_hp_gain":0,"max_hp_loss":0,"event_name":"The Woman in Blue","floor":38,"gold_loss":0},{"damage_healed":0,"gold_gain":0,"player_choice":"Fight","damage_taken":0,"max_hp_gain":0,"max_hp_loss":0,"event_name":"MindBloom","floor":39,"gold_loss":0}],"is_beta":false,"boss_relics":[{"not_picked":["White Beast Statue","Calling Bell"],"picked":"Snecko Eye"},{"not_picked":["Empty Cage","Orrery"],"picked":"Runic Dome"}],"items_purged_floors":[19],"is_endless":false,"potions_floor_spawned":[1,5,7,13,18,27,31,39,42,45,47],"killed_by":"Time Eater","ascension_level":20}