{"gold_per_floor":[114,131,148,160,160,160,186,197,197,215,242,261,278,289,289,360,360,370,138,148,148,148,148,148,179,179,190,190],"floor_reached":28,"playtime":1254,"items_purged":["Strike_G"],"score":508,"play_id":"7cdb2e0b-7c30-4611-80aa-974f1a8d1f6d","local_time":"20190826180710","is_ascension_mode":true,"campfire_choices":[{"data":"Neutralize","floor":6,"key":"SMITH"},{"data":"Footwork","floor":15,"key":"SMITH"},{"data":"Noxious Fumes","floor":23,"key":"SMITH"}],"neow_cost":"NONE","seed_source_timestamp":2266608187249436,"circlet_count":0,"master_deck":["AscendersBane","Strike_G+1","Strike_G+1","Defend_G+1","Defend_G+1","Defend_G+1","Defend_G+1","Defend_G+1","Survivor","Neutralize+1","Deadly Poison","Deadly Poison","Poisoned Stab","Bane","Noxious Fumes+1","Escape Plan","Escape Plan","Footwork+1","Adrenaline","Well Laid Plans","Choke","Dodge and Roll"],"relics":["Ring of the Snake","NeowsBlessing","Mango","Meat on the Bone","Centennial Puzzle","Coffee Dripper","Blood Vial","Question Card","Blue Candle"],"potions_floor_usage":[7,11,16,28],"damage_taken":[{"damage":0,"enemies":"2 Louse","floor":1,"turns":1},{"damage":0,"enemies":"Cultist","floor":2,"turns":1},{"damage":0,"enemies":"Small Slimes","floor":3,"turns":1},{"damage":9,"enemies":"2 Fungi Beasts","floor":4,"turns":4},{"damage":8,"enemies":"Gremlin Nob","floor":7,"turns":3},{"damage":3,"enemies":"Looter","floor":8,"turns":3},{"damage":10,"enemies":"Exordium Wildlife","floor":10,"turns":4},{"damage":18,"enemies":"Lagavulin","floor":11,"turns":5},{"damage":2,"enemies":"2 Fungi Beasts","floor":12,"turns":3},{"damage":25,"enemies":"Gremlin Gang","floor":13,"turns":4},{"damage":4,"enemies":"Exordium Wildlife","floor":14,"turns":3},{"damage":42,"enemies":"Slime Boss","floor":16,"turns":10},{"damage":13,"enemies":"Spheric Guardian","floor":18,"turns":4},{"damage":17,"enemies":"2 Thieves","floor":20,"turns":5},{"damage":41,"enemies":"Gremlin Leader","floor":25,"turns":6},{"damage":20,"enemies":"Chosen and Byrds","floor":27,"turns":6},{"damage":30,"enemies":"Slavers","floor":28,"turns":4}],"seed_played":"-3691408077443846431","potions_obtained":[{"floor":3,"key":"Strength Potion"},{"floor":7,"key":"LiquidBronze"},{"floor":10,"key":"PowerPotion"},{"floor":12,"key":"Ancient Potion"},{"floor":16,"key":"Strength Potion"},{"floor":27,"key":"Weak Potion"}],"is_trial":false,"path_per_floor":["M","M","M","M","?","R","E","M","T","M","E","M","M","M","R","B",null,"M","$","M","?","?","R","?","E","T","M","E"],"character_chosen":"THE_SILENT","items_purchased":["Blood Vial"],"campfire_rested":0,"item_purchase_floors":[19],"current_hp_per_floor":[59,59,59,50,41,41,47,44,44,46,40,50,37,45,45,15,64,51,51,48,48,48,48,48,21,21,15,0],"gold":190,"neow_bonus":"THREE_ENEMY_KILL","is_prod":false,"is_daily":false,"chose_seed":false,"campfire_upgraded":3,"win_rate":0,"timestamp":1566821230,"path_taken":["M","M","M","M","?","R","E","M","T","M","E","?","M","M","R","BOSS","M","$","M","?","?","R","?","E","T","M","E"],"build_version":"2019-07-17","purchased_purges":1,"victory":false,"max_hp_per_floor":[66,66,66,66,66,66,80,80,80,80,80,80,80,80,80,80,80,80,80,80,80,80,80,80,80,80,80,80],"card_choices":[{"not_picked":["Sucker Punch","Leg Sweep"],"picked":"Deadly Poison","floor":1},{"not_picked":["All Out Attack","Quick Slash"],"picked":"Deadly Poison","floor":2},{"not_picked":["Deflect","Acrobatics"],"picked":"Poisoned Stab","floor":3},{"not_picked":["Blade Dance","Acrobatics"],"picked":"Bane","floor":4},{"not_picked":["Backflip","Grand Finale","Infinite Blades"],"picked":"SKIP","floor":7},{"not_picked":["Terror","Sucker Punch","Dodge and Roll"],"picked":"SKIP","floor":8},{"not_picked":["Terror","Sucker Punch"],"picked":"Noxious Fumes","floor":10},{"not_picked":["Calculated Gamble","Infinite Blades"],"picked":"Escape Plan","floor":11},{"not_picked":["Sucker Punch","Acrobatics","Flechettes"],"picked":"SKIP","floor":12},{"not_picked":["Flying Knee","Sucker Punch"],"picked":"Escape Plan","floor":13},{"not_picked":["Outmaneuver","Riddle With Holes"],"picked":"Footwork","floor":14},{"not_picked":["Wraith Form v2","Unload"],"picked":"Adrenaline","floor":16},{"not_picked":["Outmaneuver","Deadly Poison"],"picked":"Well Laid Plans","floor":18},{"not_picked":["Infinite Blades","Flying Knee","Heel Hook"],"picked":"SKIP","floor":20},{"not_picked":["Dagger Throw+1","Quick Slash","Skewer"],"picked":"SKIP","floor":25},{"not_picked":["Cloak And Dagger","Finisher","Blade Dance","Predator"],"picked":"SKIP","floor":27}],"player_experience":1692261,"relics_obtained":[{"floor":7,"key":"Mango"},{"floor":9,"key":"Meat on the Bone"},{"floor":11,"key":"Centennial Puzzle"},{"floor":25,"key":"Question Card"},{"floor":26,"key":"Blue Candle"}],"event_choices":[{"damage_healed":0,"gold_gain":0,"player_choice":"Damaged","damage_taken":9,"max_hp_gain":0,"max_hp_loss":0,"event_name":"Wheel of Change","floor":5,"gold_loss":0},{"damage_healed":0,"gold_gain":0,"player_choice":"Ignored","damage_taken":0,"max_hp_gain":0,"max_hp_loss":0,"event_name":"The Mausoleum","floor":21,"gold_loss":0},{"damage_healed":0,"gold_gain":0,"player_choice":"Simplicity","damage_taken":0,"max_hp_gain":0,"max_hp_loss":0,"event_name":"Back to Basics","floor":22,"gold_loss":0,"cards_upgraded":["Strike_G","Strike_G","Strike_G","Strike_G","Defend_G","Defend_G","Defend_G","Defend_G","Defend_G"]},{"damage_healed":0,"gold_gain":0,"cards_transformed":["Strike_G","Strike_G"],"player_choice":"Became Test Subject","damage_taken":0,"max_hp_gain":0,"max_hp_loss":0,"event_name":"Drug Dealer","floor":24,"gold_loss":0,"cards_obtained":["Choke","Dodge and Roll"]}],"is_beta":false,"boss_relics":[{"not_picked":["Ectoplasm","Snecko Eye"],"picked":"Coffee Dripper"}],"items_purged_floors":[19],"is_endless":false,"potions_floor_spawned":[3,7,10,12,14,16,20,27],"killed_by":"Slavers","ascension_level":20}