{"gold_per_floor":[362,381,381,12,22,54,54,79,79,79],"floor_reached":10,"playtime":628,"items_purged":["Strike_R"],"score":152,"play_id":"ad39a5da-e777-43b9-b952-949cd233138a","local_time":"20190902192840","is_ascension_mode":true,"campfire_choices":[{"data":"Hemokinesis","floor":7,"key":"SMITH"}],"neow_cost":"TEN_PERCENT_HP_LOSS","seed_source_timestamp":362775198649100,"circlet_count":0,"master_deck":["AscendersBane","Strike_R","Strike_R","Strike_R","Strike_R","Defend_R","Defend_R","Defend_R","Defend_R","Bash","Hemokinesis+1","Feel No Pain","Clothesline","Reckless Charge"],"relics":["Burning Blood","CultistMask","Membership Card","PreservedInsect","Darkstone Periapt","Bird Faced Urn","FossilizedHelix"],"potions_floor_usage":[6,10],"damage_taken":[{"damage":2,"enemies":"2 Louse","floor":1,"turns":4},{"damage":10,"enemies":"Cultist","floor":2,"turns":4},{"damage":8,"enemies":"Small Slimes","floor":5,"turns":6},{"damage":28,"enemies":"Lagavulin","floor":6,"turns":6},{"damage":28,"enemies":"Gremlin Nob","floor":8,"turns":4},{"damage":27,"enemies":"Lagavulin","floor":10,"turns":4}],"seed_played":"2807205670622890459","potions_obtained":[{"floor":1,"key":"FearPotion"}],"is_trial":false,"path_per_floor":["M","M","?","$","M","E","R","E","T","E"],"character_chosen":"IRONCLAD","items_purchased":["Membership Card","PreservedInsect","Explosive Potion"],"campfire_rested":0,"item_purchase_floors":[4,4,4],"current_hp_per_floor":[68,64,64,64,62,40,40,18,18,0],"gold":79,"neow_bonus":"TWO_FIFTY_GOLD","is_prod":false,"is_daily":false,"chose_seed":false,"campfire_upgraded":1,"win_rate":0,"timestamp":1567420120,"path_taken":["M","M","?","$","M","E","R","E","T","E"],"build_version":"2019-07-17","purchased_purges":1,"victory":false,"max_hp_per_floor":[68,68,68,68,68,68,68,68,68,68],"card_choices":[{"not_picked":["Whirlwind","Metallicize"],"picked":"Hemokinesis","floor":1},{"not_picked":["Shrug It Off","Havoc"],"picked":"Feel No Pain","floor":2},{"not_picked":["Havoc","Flex"],"picked":"Clothesline","floor":5},{"not_picked":["Searing Blow","Wild Strike","Combust"],"picked":"SKIP","floor":6},{"not_picked":["Perfected Strike","Seeing Red"],"picked":"Reckless Charge","floor":8}],"player_experience":577622,"relics_obtained":[{"floor":6,"key":"Darkstone Periapt"},{"floor":8,"key":"Bird Faced Urn"},{"floor":9,"key":"FossilizedHelix"}],"event_choices":[{"damage_healed":0,"gold_gain":0,"player_choice":"Trade","damage_taken":0,"relics_obtained":["CultistMask"],"max_hp_gain":0,"max_hp_loss":0,"event_name":"FaceTrader","floor":3,"gold_loss":0}],"is_beta":false,"boss_relics":[],"items_purged_floors":[4],"is_endless":false,"potions_floor_spawned":[1],"killed_by":"Lagavulin","ascension_level":20}