{"path_per_floor":["M","M","?","?","?","R","M","M","T","M","?","M","M","$","R","B",null,"M","?","M","?","M","R","$","R","T","R","M","M","?","?","R","B",null,"M","?","?","?","?","R","$","R","T","M","M","?","M","T","R","B"],"character_chosen":"THE_SILENT","items_purchased":["Ice Cream","Cloak And Dagger","Flash of Steel","Blur","Accuracy","Bronze Scales"],"gold_per_floor":[114,129,129,304,304,304,319,334,359,374,449,464,479,20,20,120,120,135,135,150,150,165,165,85,85,85,85,100,115,115,115,115,215,215,230,230,230,230,230,230,6,6,6,21,36,36,51,51,51,51],"floor_reached":51,"campfire_rested":1,"playtime":1960,"current_hp_per_floor":[70,70,56,56,56,56,56,56,56,56,45,45,49,49,49,40,70,70,70,70,70,70,70,70,70,84,84,84,84,84,84,84,84,84,91,80,80,70,70,70,70,70,70,70,70,70,70,70,91,90],"items_purged":[],"gold":51,"score":787,"play_id":"8f5cc0c1-764e-415a-bf67-5876ea12981a","local_time":"20180402204232","daily_mods":["Draft","Lethality","Vintage"],"is_prod":false,"is_daily":true,"is_ascension_mode":false,"campfire_upgraded":5,"timestamp":1522726952,"path_taken":["M","M","?","?","?","R","M","M","T","M","?","M","?","$","R","BOSS","M","?","M","?","M","R","?","R","T","R","M","M","?","?","R","BOSS","M","?","?","?","?","R","$","R","T","M","M","?","M","?","R","BOSS"],"build_version":"2018-03-29","purchased_purges":2,"victory":true,"master_deck":["Endless Agony","Slice","Dagger Spray","Cloak And Dagger+1","Flying Knee+1","Sucker Punch+1","PiercingWail+1","Footwork","Endless Agony","Dodge and Roll+1","Slice","Quick Slash","Footwork","PiercingWail","Predator","Cloak And Dagger+1","Flash of Steel","Backstab","Cloak And Dagger+1","PiercingWail","Blur","Die Die Die","Madness","Neutralize+1","Dramatic Entrance","Transmutation+1","Finesse","Accuracy","Backflip"],"max_hp_per_floor":[70,70,70,70,70,70,70,70,70,70,70,70,70,70,70,70,70,70,70,70,70,70,70,70,70,84,84,84,84,84,84,84,84,84,91,91,91,91,91,91,91,91,91,91,91,91,91,91,91,91],"relics":["Ring of the Snake","Dodecahedron","Kunai","Dream Catcher","Snake Skull","Anchor","Girya","Toolbox","Regal Pillow","Ice Cream","Orichalcum","Orrery","Gremlin Horn","Bag of Preparation","Juzu Bracelet","Mango","War Paint","Centennial Puzzle","Bag of Marbles","Nloth\u0027s Gift","Art of War","Strawberry","Bronze Scales","Pen Nib","Bottled Flame","Omamori","Blue Candle","Torii"],"card_choices":[{"not_picked":["Skewer","Backflip"],"picked":"Endless Agony","floor":0},{"not_picked":["Prepared","Deadly Poison"],"picked":"Slice","floor":0},{"not_picked":["Bane","Flying Knee"],"picked":"Dagger Spray","floor":0},{"not_picked":["Deadly Poison","Acrobatics"],"picked":"Cloak And Dagger","floor":0},{"not_picked":["Deadly Poison","Concentrate"],"picked":"Flying Knee","floor":0},{"not_picked":["Prepared","Acrobatics"],"picked":"Sucker Punch","floor":0},{"not_picked":["Quick Slash","Deflect"],"picked":"PiercingWail","floor":0},{"not_picked":["Bane","Underhanded Strike"],"picked":"Footwork","floor":0},{"not_picked":["Prepared","Terror"],"picked":"Endless Agony","floor":0},{"not_picked":["Deadly Poison","Reflex"],"picked":"Dodge and Roll","floor":0},{"not_picked":["Prepared","Poisoned Stab"],"picked":"Slice","floor":0},{"not_picked":["Backstab","Sucker Punch"],"picked":"Quick Slash","floor":0},{"not_picked":["Dagger Spray","Dodge and Roll"],"picked":"Footwork","floor":0},{"not_picked":["Flying Knee","Deadly Poison"],"picked":"PiercingWail","floor":0},{"not_picked":["Slice","Sucker Punch"],"picked":"Predator","floor":0},{"not_picked":["Poisoned Stab","Bane"],"picked":"Backstab","floor":17},{"not_picked":["Bane","Flying Knee"],"picked":"Cloak And Dagger","floor":17},{"not_picked":["Leg Sweep","Flying Knee"],"picked":"PiercingWail","floor":17},{"not_picked":["Burst","Venomology"],"picked":"Die Die Die","floor":33},{"not_picked":["Sadistic Nature","Mind Blast"],"picked":"Dramatic Entrance","floor":38},{"not_picked":["Deep Breath","Bullet Time"],"picked":"Transmutation","floor":38},{"not_picked":["Dramatic Entrance","Bandage Up"],"picked":"Finesse","floor":38},{"not_picked":["Dodge and Roll","Outmaneuver"],"picked":"Backflip","floor":49}],"player_experience":410107,"potions_floor_usage":[16,33,33,50,50,50],"damage_taken":[{"damage":0,"enemies":"Jaw Worm","floor":1,"turns":1},{"damage":0,"enemies":"Small Slimes","floor":2,"turns":1},{"damage":0,"enemies":"2 Louse","floor":7,"turns":1},{"damage":0,"enemies":"Exordium Thugs","floor":8,"turns":1},{"damage":0,"enemies":"Looter","floor":10,"turns":2},{"damage":0,"enemies":"2 Fungi Beasts","floor":12,"turns":1},{"damage":0,"enemies":"Exordium Thugs","floor":13,"turns":1},{"damage":9,"enemies":"The Guardian","floor":16,"turns":6},{"damage":0,"enemies":"Shell Parasite","floor":18,"turns":2},{"damage":0,"enemies":"3 Byrds","floor":20,"turns":1},{"damage":0,"enemies":"Snake Plant","floor":22,"turns":2},{"damage":0,"enemies":"Snecko","floor":28,"turns":2},{"damage":0,"enemies":"3 Cultists","floor":29,"turns":1},{"damage":0,"enemies":"Automaton","floor":33,"turns":6},{"damage":0,"enemies":"Flame Bruiser 1 Orb","floor":35,"turns":1},{"damage":0,"enemies":"Orb Walker","floor":44,"turns":1},{"damage":0,"enemies":"Flame Bruiser 2 Orb","floor":45,"turns":1},{"damage":0,"enemies":"3 Darklings","floor":47,"turns":1},{"damage":1,"enemies":"Donu and Deca","floor":50,"turns":6}],"event_choices":[{"event_name":"Shining Light","player_choice":"Entered Light","floor":3,"damage_taken":0},{"event_name":"Liars Game","player_choice":"agreed","floor":4,"damage_taken":0},{"event_name":"Fountain of Cleansing","player_choice":"Removed Curse","floor":5,"damage_taken":0},{"event_name":"World of Goop","player_choice":"Gather Gold","floor":11,"damage_taken":0},{"event_name":"The Mausoleum","player_choice":"No","floor":19,"damage_taken":0},{"event_name":"Vampires","player_choice":"Ignored","floor":21,"damage_taken":0},{"event_name":"The Woman in Blue","player_choice":"Bought 0 Potions","floor":30,"damage_taken":0},{"event_name":"N\u0027loth","player_choice":"Traded a Matryoshka","floor":31,"damage_taken":0},{"event_name":"Winding Halls","player_choice":"Embrace Madness","floor":36,"damage_taken":0},{"event_name":"Match and Keep!","player_choice":"1 cards matched","floor":37,"damage_taken":0},{"event_name":"SensoryStone","player_choice":"Memory 3","floor":38,"damage_taken":0},{"event_name":"Tomb of Lord Red Mask","player_choice":"Ignored","floor":39,"damage_taken":0}],"boss_relics":[{"not_picked":["Pandora\u0027s Box","Ectoplasm"],"picked":"Orrery"},{"not_picked":["Runic Pyramid","Runic Dome","Calling Bell"]}],"potions_floor_spawned":[1,8,13,20,28,29,33,35,47],"seed_played":"-1662538699464581521","ascension_level":0,"is_trial":false}