{"gold_per_floor":[109,109,127,127,127,160,85,114,114,125,142,142,169,186,186,186],"floor_reached":16,"playtime":392,"items_purged":["Strike_G"],"score":290,"play_id":"250a26b6-0aef-442c-972c-64fe01b020f7","local_time":"20190925131954","is_ascension_mode":true,"campfire_choices":[{"data":"Neutralize","floor":12,"key":"SMITH"},{"data":"Leg Sweep","floor":15,"key":"SMITH"}],"neow_cost":"NONE","seed_source_timestamp":792531912638712,"circlet_count":0,"master_deck":["AscendersBane","Strike_G","Strike_G","Strike_G","Defend_G","Defend_G","Defend_G","Defend_G","Survivor","Neutralize+1","Flying Knee","Deadly Poison","Dagger Spray","Predator","Deadly Poison","Leg Sweep+1"],"relics":["Ring of the Snake","NeowsBlessing","Bottled Flame","Mercury Hourglass","Molten Egg 2","Omamori"],"potions_floor_usage":[13,14],"damage_taken":[{"damage":0,"enemies":"Small Slimes","floor":1,"turns":1},{"damage":0,"enemies":"Jaw Worm","floor":3,"turns":1},{"damage":0,"enemies":"Lagavulin","floor":6,"turns":1},{"damage":34,"enemies":"3 Sentries","floor":8,"turns":12},{"damage":10,"enemies":"2 Louse","floor":10,"turns":2},{"damage":0,"enemies":"Blue Slaver","floor":11,"turns":3},{"damage":9,"enemies":"Gremlin Nob","floor":13,"turns":4},{"damage":0,"enemies":"Lots of Slimes","floor":14,"turns":2},{"damage":4,"enemies":"Hexaghost","floor":16,"turns":4}],"seed_played":"-4764449238772108511","potions_obtained":[{"floor":1,"key":"GhostInAJar"},{"floor":8,"key":"SpeedPotion"}],"is_trial":false,"path_per_floor":["M","?","M","?","?","E","$","E","T","M","M","R","E","M","R","B"],"character_chosen":"THE_SILENT","items_purchased":[],"campfire_rested":0,"item_purchase_floors":[],"current_hp_per_floor":[59,59,59,64,57,57,57,23,23,13,13,13,4,4,4,0],"gold":186,"neow_bonus":"THREE_ENEMY_KILL","is_prod":false,"is_daily":false,"chose_seed":false,"campfire_upgraded":2,"win_rate":0,"timestamp":1569395994,"path_taken":["M","?","M","?","?","E","?","E","T","M","?","R","E","M","R","BOSS"],"build_version":"2019-09-24","purchased_purges":1,"victory":false,"max_hp_per_floor":[66,66,66,71,71,71,71,71,71,71,71,71,71,71,71,71],"card_choices":[{"not_picked":["Infinite Blades","Bane"],"picked":"Flying Knee","floor":1},{"not_picked":["Blade Dance","Catalyst"],"picked":"Deadly Poison","floor":3},{"not_picked":["Catalyst","Finisher"],"picked":"Dagger Spray","floor":6},{"not_picked":["Flying Knee","Setup"],"picked":"Predator","floor":8},{"not_picked":["Masterful Stab+1","Expertise","Deflect"],"picked":"SKIP","floor":10},{"not_picked":["Blade Dance","Dagger Spray+1"],"picked":"Deadly Poison","floor":11},{"not_picked":["Unload+1","Dagger Spray+1","Dash+1"],"picked":"SKIP","floor":13},{"not_picked":["Slice+1","Flechettes+1"],"picked":"Leg Sweep","floor":14}],"player_experience":1797976,"relics_obtained":[{"floor":6,"key":"Bottled Flame"},{"floor":8,"key":"Mercury Hourglass"},{"floor":9,"key":"Molten Egg 2"},{"floor":13,"key":"Omamori"}],"event_choices":[{"cards_removed":["Defend_G"],"damage_healed":0,"gold_gain":0,"player_choice":"Forget","damage_taken":0,"max_hp_gain":0,"max_hp_loss":0,"event_name":"Living Wall","floor":2,"gold_loss":0},{"damage_healed":0,"gold_gain":0,"player_choice":"Donut","damage_taken":0,"max_hp_gain":5,"max_hp_loss":0,"event_name":"Big Fish","floor":4,"gold_loss":0},{"cards_removed":["Strike_G"],"damage_healed":0,"gold_gain":0,"player_choice":"Card Removal","damage_taken":7,"max_hp_gain":0,"max_hp_loss":0,"event_name":"Golden Wing","floor":5,"gold_loss":0}],"is_beta":true,"boss_relics":[],"items_purged_floors":[7],"is_endless":false,"potions_floor_spawned":[1,8,10],"killed_by":"Hexaghost","ascension_level":20}