{"gold_per_floor":[115,115,130,149,149,181,181,192,218,218,233,248,93,107,107,107],"floor_reached":16,"playtime":1222,"items_purged":["Strike_G"],"score":198,"play_id":"a38376e8-e36b-446a-8f63-4d4b27cd5094","local_time":"20190628132240","is_ascension_mode":true,"campfire_choices":[{"data":"Cloak And Dagger","floor":7,"key":"SMITH"},{"data":"Envenom","floor":10,"key":"SMITH"},{"floor":15,"key":"REST"}],"neow_cost":"NONE","seed_source_timestamp":7613922426208789,"circlet_count":0,"master_deck":["AscendersBane","Defend_G","Defend_G","Defend_G","Defend_G","Defend_G","Strike_G","Strike_G","Strike_G","Survivor","Neutralize","Envenom+1","Footwork","Flechettes","Cloak And Dagger+1","Corpse Explosion","Well Laid Plans","Cloak And Dagger","Dodge and Roll","Leg Sweep"],"relics":["Ring of the Snake","Bronze Scales","Regal Pillow","Juzu Bracelet"],"potions_floor_usage":[6,16,16],"damage_taken":[{"damage":5,"enemies":"Jaw Worm","floor":1,"turns":4},{"damage":0,"enemies":"Cultist","floor":3,"turns":5},{"damage":7,"enemies":"2 Louse","floor":4,"turns":3},{"damage":21,"enemies":"Lagavulin","floor":6,"turns":10},{"damage":19,"enemies":"Gremlin Gang","floor":8,"turns":4},{"damage":0,"enemies":"Looter","floor":11,"turns":3},{"damage":0,"enemies":"2 Fungi Beasts","floor":12,"turns":2},{"damage":8,"enemies":"Large Slime","floor":14,"turns":8},{"damage":50,"enemies":"Slime Boss","floor":16,"turns":12}],"seed_played":"-6633707873514243373","potions_obtained":[{"floor":1,"key":"FairyPotion"},{"floor":4,"key":"Regen Potion"},{"floor":14,"key":"GamblersBrew"}],"is_trial":false,"path_per_floor":["M","?","M","M","?","E","R","M","T","R","M","M","$","M","R","B"],"character_chosen":"THE_SILENT","items_purchased":["Dodge and Roll","Block Potion"],"campfire_rested":1,"item_purchase_floors":[13,13],"current_hp_per_floor":[54,54,54,47,47,41,41,22,22,22,22,22,22,14,48,0],"gold":107,"neow_bonus":"ONE_RANDOM_RARE_CARD","is_prod":false,"is_daily":false,"chose_seed":false,"campfire_upgraded":2,"win_rate":0,"timestamp":1561706560,"path_taken":["M","?","?","?","?","E","R","M","T","R","M","M","$","M","R","BOSS"],"build_version":"2019-01-23","purchased_purges":1,"victory":false,"max_hp_per_floor":[66,66,66,66,66,66,66,66,66,66,66,66,66,66,66,66],"card_choices":[{"not_picked":["Choke","Tactician"],"picked":"Footwork","floor":1},{"not_picked":["Flying Knee","Blade Dance"],"picked":"Flechettes","floor":3},{"not_picked":["Outmaneuver","Accuracy","Choke"],"picked":"SKIP","floor":4},{"not_picked":["All Out Attack","Dagger Spray"],"picked":"Cloak And Dagger","floor":6},{"not_picked":["Prepared","Underhanded Strike"],"picked":"Corpse Explosion","floor":8},{"not_picked":["Deadly Poison","Heel Hook"],"picked":"Well Laid Plans","floor":11},{"not_picked":["Blade Dance","Dodge and Roll"],"picked":"Cloak And Dagger","floor":12},{"not_picked":["Finisher","Sucker Punch"],"picked":"Leg Sweep","floor":14}],"player_experience":1474759,"relics_obtained":[{"floor":6,"key":"Regal Pillow"},{"floor":9,"key":"Juzu Bracelet"}],"event_choices":[{"damage_healed":0,"gold_gain":0,"player_choice":"Gave Potion","damage_taken":0,"relics_obtained":["Bronze Scales"],"max_hp_gain":0,"max_hp_loss":0,"event_name":"WeMeetAgain","floor":2,"gold_loss":0},{"cards_removed":["Strike_G"],"damage_healed":0,"gold_gain":0,"player_choice":"Purged","damage_taken":0,"max_hp_gain":0,"max_hp_loss":0,"event_name":"Purifier","floor":5,"gold_loss":0}],"is_beta":false,"boss_relics":[],"items_purged_floors":[13],"is_endless":false,"potions_floor_spawned":[1,4,14],"killed_by":"Slime Boss","ascension_level":18}