{"gold_per_floor":[115,127,127,38,58,58,117,128,179,179,179,196,215,140,140,140],"floor_reached":16,"playtime":883,"items_purged":[],"score":194,"play_id":"0f3428ed-2f03-4082-b1c7-ef98ee86883a","local_time":"20190711132506","is_ascension_mode":true,"campfire_choices":[{"data":"Neutralize","floor":6.0,"key":"SMITH"},{"floor":11,"key":"REST"},{"data":"Dagger Spray","floor":15,"key":"SMITH"}],"neow_cost":"CURSE","seed_source_timestamp":8737611452507662,"circlet_count":0,"master_deck":["AscendersBane","Strike_G","Strike_G","Strike_G","Strike_G","Strike_G","Defend_G","Defend_G","Defend_G+1","Defend_G","Defend_G","Survivor","Neutralize+1","Dagger Spray+1","Prepared","Leg Sweep","Dodge and Roll","Prepared+1","PiercingWail","Dash","Backstab"],"special_seed":0,"relics":["Ring of the Snake","Calipers","Pantograph","Tiny Chest","War Paint"],"potions_floor_usage":[16,16],"damage_taken":[{"damage":7.0,"enemies":"Small Slimes","floor":1.0,"turns":5.0},{"damage":2.0,"enemies":"Jaw Worm","floor":2.0,"turns":4.0},{"damage":3.0,"enemies":"2 Louse","floor":5.0,"turns":3.0},{"damage":24.0,"enemies":"3 Sentries","floor":7.0,"turns":8.0},{"damage":0.0,"enemies":"2 Fungi Beasts","floor":8.0,"turns":5.0},{"damage":12,"enemies":"Large Slime","floor":12,"turns":12},{"damage":0,"enemies":"Looter","floor":13,"turns":5},{"damage":51,"enemies":"Slime Boss","floor":16,"turns":11}],"seed_played":"-4483167969650942713","potions_obtained":[{"floor":1.0,"key":"EntropicBrew"},{"floor":2.0,"key":"GhostInAJar"},{"floor":12,"key":"PowerPotion"},{"floor":13,"key":"Weak Potion"}],"is_trial":false,"path_per_floor":["M","M","?","$","M","R","E","M","T","?","R","M","M","?","R","B"],"character_chosen":"THE_SILENT","items_purchased":["Leg Sweep"],"campfire_rested":1,"item_purchase_floors":[4],"current_hp_per_floor":[52,50,39,39,36,36,12,12,12,17,38,26,26,26,26,0],"gold":140,"neow_bonus":"ONE_RARE_RELIC","is_prod":false,"is_daily":false,"chose_seed":false,"campfire_upgraded":2,"win_rate":0,"timestamp":1562829906,"path_taken":["M","M","?","$","M","R","E","M","T","?","R","M","M","?","R","BOSS"],"build_version":"2019-07-05","purchased_purges":0,"victory":false,"max_hp_per_floor":[66,66,66,66,66,66,66,66,66,71,71,71,71,71,71,71],"card_choices":[{"not_picked":["Dodge and Roll","Quick Slash"],"picked":"Dagger Spray","floor":1.0},{"not_picked":["Infinite Blades","Underhanded Strike"],"picked":"Prepared","floor":2.0},{"not_picked":["Wraith Form v2","Underhanded Strike"],"picked":"Dodge and Roll","floor":5.0},{"not_picked":["Deadly Poison","Terror"],"picked":"Prepared","floor":7.0},{"not_picked":["Blade Dance","Deflect"],"picked":"PiercingWail","floor":8},{"not_picked":["Acrobatics","Blade Dance"],"picked":"Dash","floor":12},{"not_picked":["Outmaneuver","Deflect"],"picked":"Backstab","floor":13}],"player_experience":1516699,"relics_obtained":[{"floor":7.0,"key":"Tiny Chest"},{"floor":9,"key":"War Paint"}],"event_choices":[{"damage_healed":0.0,"max_hp_gain":0.0,"max_hp_loss":0.0,"gold_gain":0.0,"event_name":"Scrap Ooze","player_choice":"Success","floor":3.0,"gold_loss":0.0,"damage_taken":11.0,"relics_obtained":["Pantograph"]},{"damage_healed":0,"gold_gain":0,"player_choice":"Donut","damage_taken":0,"max_hp_gain":5,"max_hp_loss":0,"event_name":"Big Fish","floor":10,"gold_loss":0},{"cards_removed":["Shame"],"damage_healed":0,"gold_gain":0,"player_choice":"Card Removal","damage_taken":0,"max_hp_gain":0,"max_hp_loss":0,"event_name":"The Cleric","floor":14,"gold_loss":75}],"is_beta":false,"boss_relics":[],"items_purged_floors":[],"is_endless":false,"potions_floor_spawned":[1,2,12,13],"killed_by":"Slime Boss","ascension_level":18}