{"gold_per_floor":[114,129,129,129,144,174,204,234,309,339,339,369,384,84,84,184,184,199,199,229,191,233,275,287,329,416,458,470,497,524,86,86,186,186,201,1,16,28,0,30,45,75,100,130,130,145,160,190,190,190],"floor_reached":51,"playtime":3588,"items_purged":[],"score":1224,"play_id":"d6a00abc-e51e-46fa-9a5b-ecabe88bc2a2","local_time":"20190330221329","daily_mods":["Shiny","Flight","DeadlyEvents"],"is_ascension_mode":false,"campfire_choices":[{"data":"Shrug It Off","floor":15,"key":"SMITH"},{"data":"Disarm","floor":24,"key":"SMITH"},{"floor":28,"key":"REST"},{"data":"Shrug It Off","floor":32,"key":"SMITH"},{"floor":45,"key":"REST"},{"data":"Offering","floor":49,"key":"SMITH"}],"neow_cost":"","seed_source_timestamp":0,"circlet_count":0,"master_deck":["Double Tap","Demon Form","Bludgeon","Feed","Limit Break","Fiend Fire","Dark Embrace","Berserk","Impervious","Juggernaut","Brutality","Reaper+1","Exhume+1","Offering+1","Immolate","Uppercut","Disarm+1","Reaper+1","Uppercut+1","Whirlwind+1","Feed+1","Shrug It Off+1","Feed+1","Shrug It Off+1","Shrug It Off","Dark Embrace+1","Armaments+1","Feel No Pain+1","Seeing Red+1","Feel No Pain+1","Shrug It Off+1","Impervious","Havoc+1"],"special_seed":17986,"relics":["Burning Blood","Smiling Mask","Molten Egg 2","Mercury Hourglass","Meat on the Bone","Anchor","Lantern","Bird Faced Urn","Sozu","MawBank","Omamori","Sundial","Red Skull","Question Card","Blood Vial","Sling","Frozen Egg 2","Cursed Key","Chemical X","Thread and Needle","Red Mask","Ancient Tea Set","Mummified Hand","Pen Nib","Self Forming Clay","Letter Opener"],"potions_floor_usage":[16,42],"damage_taken":[{"damage":20,"enemies":"Jaw Worm","floor":1,"turns":3},{"damage":6,"enemies":"Cultist","floor":2,"turns":3},{"damage":0,"enemies":"2 Louse","floor":5,"turns":1},{"damage":37,"enemies":"3 Sentries","floor":6,"turns":4},{"damage":6,"enemies":"Lagavulin","floor":7,"turns":5},{"damage":6,"enemies":"Gremlin Nob","floor":8,"turns":2},{"damage":19,"enemies":"Lagavulin","floor":10,"turns":6},{"damage":13,"enemies":"Gremlin Nob","floor":12,"turns":3},{"damage":2,"enemies":"Exordium Thugs","floor":13,"turns":2},{"damage":30,"enemies":"The Guardian","floor":16,"turns":9},{"damage":12,"enemies":"Spheric Guardian","floor":18,"turns":3},{"damage":26,"enemies":"Book of Stabbing","floor":20,"turns":5},{"damage":6,"enemies":"Gremlin Leader","floor":22,"turns":3},{"damage":0,"enemies":"Slavers","floor":23,"turns":2},{"damage":23,"enemies":"Book of Stabbing","floor":25,"turns":4},{"damage":42,"enemies":"Slavers","floor":27,"turns":4},{"damage":13,"enemies":"3 Byrds","floor":29,"turns":3},{"damage":7,"enemies":"Centurion and Healer","floor":30,"turns":5},{"damage":34,"enemies":"Automaton","floor":33,"turns":9},{"damage":13,"enemies":"3 Darklings","floor":35,"turns":3},{"damage":6,"enemies":"Orb Walker","floor":37,"turns":3},{"damage":8,"enemies":"2 Orb Walkers","floor":38,"turns":4},{"damage":18,"enemies":"Reptomancer","floor":40,"turns":3},{"damage":18,"enemies":"4 Shapes","floor":41,"turns":4},{"damage":12,"enemies":"Giant Head","floor":42,"turns":4},{"damage":89,"enemies":"Nemesis","floor":44,"turns":5},{"damage":5,"enemies":"Sphere and 2 Shapes","floor":46,"turns":3},{"damage":6,"enemies":"Maw","floor":47,"turns":5},{"damage":7,"enemies":"Reptomancer","floor":48,"turns":2},{"damage":14,"enemies":"Donu and Deca","floor":50,"turns":4}],"seed_played":"5198979730431950550","potions_obtained":[{"floor":2,"key":"BloodPotion"},{"floor":7,"key":"Swift Potion"},{"floor":8,"key":"SteroidPotion"}],"is_trial":false,"path_per_floor":["M","M","$","?","M","E","E","E","T","E","?","E","M","$","R","B",null,"M","?","E","?","E","E","R","E","T","E","R","M","M","$","R","B",null,"M","$","M","?","?","E","M","E","T","E","R","M","M","E","R","B",null],"character_chosen":"IRONCLAD","items_purchased":["Bird Faced Urn","Sling","Frozen Egg 2","Chemical X"],"campfire_rested":2,"item_purchase_floors":[14,31,31,36],"current_hp_per_floor":[69,69,69,69,75,83,83,83,83,83,83,76,80,80,80,77,83,79,79,61,61,72,78,78,69,69,61,88,92,102,102,102,102,102,96,96,102,106,106,100,106,106,106,63,94,110,110,110,110,110],"gold":190,"neow_bonus":"","is_prod":false,"is_daily":true,"chose_seed":false,"campfire_upgraded":4,"win_rate":0,"timestamp":1553998409,"path_taken":["M","M","$","?","?","E","E","?","T","E","?","?","?","?","R","BOSS","M","?","?","?","?","E","R","E","T","E","R","?","M","$","R","BOSS","M","?","M","?","?","E","?","?","T","E","R","M","?","E","R","BOSS"],"build_version":"2019-01-23","purchased_purges":0,"victory":true,"max_hp_per_floor":[83,83,83,83,83,83,83,83,83,83,83,83,83,83,83,83,83,83,83,83,83,87,87,87,87,87,91,91,99,102,102,102,102,102,102,102,102,106,106,106,106,106,106,106,106,110,110,110,110,110],"card_choices":[{"not_picked":["Cleave","True Grit"],"picked":"Uppercut","floor":1},{"not_picked":["True Grit","Warcry","Carnage"],"picked":"SKIP","floor":2},{"not_picked":["Iron Wave","Thunderclap","Clash"],"picked":"SKIP","floor":5},{"not_picked":["Anger","Thunderclap"],"picked":"Disarm","floor":6},{"not_picked":["Immolate","Entrench"],"picked":"Reaper","floor":7},{"not_picked":["Hemokinesis+1","Limit Break"],"picked":"Uppercut+1","floor":8},{"not_picked":["Body Slam+1","Clash+1"],"picked":"Whirlwind+1","floor":10},{"not_picked":["Headbutt+1","Perfected Strike+1","Carnage+1"],"picked":"SKIP","floor":12},{"not_picked":["Thunderclap+1","Heavy Blade+1"],"picked":"Shrug It Off","floor":13},{"not_picked":["Double Tap","Bludgeon+1"],"picked":"Feed+1","floor":16},{"not_picked":["Combust","Sword Boomerang+1","True Grit"],"picked":"SKIP","floor":18},{"not_picked":["Whirlwind+1","Double Tap","Anger+1"],"picked":"SKIP","floor":20},{"not_picked":["Heavy Blade+1","Dual Wield+1","Havoc"],"picked":"SKIP","floor":22},{"not_picked":["Dropkick+1","Warcry","Rampage+1"],"picked":"SKIP","floor":23},{"not_picked":["True Grit","Seeing Red+1"],"picked":"Shrug It Off","floor":25},{"not_picked":["Heavy Blade+1","Pummel+1","Iron Wave+1"],"picked":"Shrug It Off","floor":27},{"not_picked":["Sword Boomerang+1","Wild Strike+1","Iron Wave+1","Shockwave"],"picked":"SKIP","floor":29},{"not_picked":["Rampage+1","Corruption+1","Warcry","Combust+1"],"picked":"SKIP","floor":30},{"not_picked":["Brutality+1","Bludgeon+1","Impervious"],"picked":"Dark Embrace+1","floor":33},{"not_picked":["Twin Strike+1","Disarm+1","Inflame+1"],"picked":"Armaments+1","floor":35},{"not_picked":["True Grit+1","Thunderclap+1","Clothesline+1"],"picked":"Feel No Pain+1","floor":37},{"not_picked":["Fire Breathing+1","Disarm","Pommel Strike+1"],"picked":"Seeing Red+1","floor":40},{"not_picked":["Seeing Red+1","Dropkick+1","Flex","True Grit+1"],"picked":"SKIP","floor":41},{"not_picked":["Flame Barrier","Warcry+1","Anger+1"],"picked":"Feel No Pain+1","floor":42},{"not_picked":["Clash+1","Cleave+1","Sever Soul+1","Inflame+1"],"picked":"SKIP","floor":44},{"not_picked":["Armaments","Inflame+1","Whirlwind+1"],"picked":"Shrug It Off+1","floor":46},{"not_picked":["Warcry","Heavy Blade+1","Body Slam+1"],"picked":"Impervious","floor":47},{"not_picked":["Shrug It Off+1","Iron Wave+1","Cleave+1"],"picked":"Havoc+1","floor":48}],"player_experience":105479,"relics_obtained":[{"floor":6,"key":"Smiling Mask"},{"floor":7,"key":"Molten Egg 2"},{"floor":8,"key":"Mercury Hourglass"},{"floor":9,"key":"Meat on the Bone"},{"floor":10,"key":"Anchor"},{"floor":12,"key":"Lantern"},{"floor":20,"key":"MawBank"},{"floor":22,"key":"Omamori"},{"floor":23,"key":"Sundial"},{"floor":25,"key":"Red Skull"},{"floor":26,"key":"Question Card"},{"floor":27,"key":"Blood Vial"},{"floor":38,"key":"Thread and Needle"},{"floor":40,"key":"Ancient Tea Set"},{"floor":42,"key":"Mummified Hand"},{"floor":43,"key":"Pen Nib"},{"floor":44,"key":"Self Forming Clay"},{"floor":48,"key":"Letter Opener"}],"event_choices":[{"damage_healed":0,"gold_gain":0,"player_choice":"Forge","damage_taken":0,"max_hp_gain":0,"max_hp_loss":0,"event_name":"Accursed Blacksmith","floor":4,"gold_loss":0,"cards_upgraded":["Reaper"]},{"damage_healed":0,"gold_gain":0,"cards_transformed":["Barricade"],"player_choice":"Transformed","damage_taken":0,"max_hp_gain":0,"max_hp_loss":0,"event_name":"Transmorgrifier","floor":11,"gold_loss":0,"cards_obtained":["Feed"]},{"damage_healed":0,"gold_gain":0,"player_choice":"Upgraded","damage_taken":0,"max_hp_gain":0,"max_hp_loss":0,"event_name":"Upgrade Shrine","floor":19,"gold_loss":0,"cards_upgraded":["Exhume"]},{"damage_healed":0,"gold_gain":0,"player_choice":"Bet on Murderer","damage_taken":0,"max_hp_gain":0,"max_hp_loss":0,"event_name":"The Joust","floor":21,"gold_loss":50},{"damage_healed":0,"gold_gain":0,"player_choice":"Fight","damage_taken":0,"max_hp_gain":0,"max_hp_loss":0,"event_name":"Mysterious Sphere","floor":38,"gold_loss":0},{"damage_healed":0,"gold_gain":0,"player_choice":"Paid","damage_taken":0,"relics_obtained":["Red Mask"],"max_hp_gain":0,"max_hp_loss":0,"event_name":"Tomb of Lord Red Mask","floor":39,"gold_loss":28}],"is_beta":false,"boss_relics":[{"not_picked":["Busted Crown","Fusion Hammer"],"picked":"Sozu"},{"not_picked":["Calling Bell","Philosopher\u0027s Stone"],"picked":"Cursed Key"}],"items_purged_floors":[],"is_endless":false,"potions_floor_spawned":[2,7,8,13,18,20,25,29,30,37,40,41,42,48],"ascension_level":0}