{"path_per_floor":["M","M","$","?","M","R","E","M","T","$","?","?","M","?","R","B",null,"M","$","M","M","$","E","R","?","T","E","M","R","M","M","R","B",null,"M","M","M","?","M","E","?","$","T","$","?","M","$","M","R","B"],"character_chosen":"IRONCLAD","items_purchased":["Mind Blast","Inflame","Infernal Blade","Flash of Steel","Shrug It Off","Lantern","Bag of Marbles","Ghostly Armor"],"gold_per_floor":[114,129,129,129,144,144,174,189,189,101,131,81,96,96,96,221,221,240,168,187,206,127,165,165,165,190,228,247,247,266,285,285,410,410,429,448,467,467,486,524,524,223,223,223,223,242,21,40,40,40],"floor_reached":51,"campfire_rested":0,"playtime":3131,"item_purchase_floors":[10,19,22,42,42,42,47,47],"current_hp_per_floor":[78,77,76,75,74,73,72,71,70,69,66,66,66,50,50,41,62,61,60,59,58,57,47,47,47,47,52,51,50,49,48,47,42,45,44,43,42,41,40,38,38,37,36,35,34,33,32,31,30,29],"items_purged":[],"gold":40,"score":944,"play_id":"068d0d71-5413-4359-808d-a027dee8645f","local_time":"20180523193144","daily_mods":["Allstar","Terminal","Hoarder"],"is_prod":false,"is_daily":true,"chose_seed":false,"is_ascension_mode":false,"campfire_upgraded":6,"win_rate":0,"timestamp":1527129104,"campfire_choices":[{"data":"Apotheosis","floor":6,"key":"SMITH"},{"data":"Mind Blast","floor":15,"key":"SMITH"},{"data":"Mind Blast","floor":24,"key":"SMITH"},{"data":"Mind Blast","floor":29,"key":"SMITH"},{"data":"Metallicize","floor":32,"key":"SMITH"},{"data":"Metallicize","floor":49,"key":"SMITH"}],"path_taken":["M","?","$","?","M","R","E","?","T","$","?","?","M","?","R","BOSS","M","$","M","M","$","E","R","?","T","E","M","R","?","M","R","BOSS","M","M","M","?","M","E","?","$","T","?","?","M","$","M","R","BOSS"],"build_version":"2018-05-23","seed_source_timestamp":0,"purchased_purges":0,"victory":true,"master_deck":["Strike_R","Strike_R","Strike_R","Strike_R","Strike_R","Defend_R","Defend_R","Defend_R","Defend_R","Bash","Panache","Panache","Panache","Secret Technique","Secret Technique","Secret Technique","Apotheosis","Apotheosis+1","Thinking Ahead","Thinking Ahead","Thinking Ahead","Secret Weapon","Secret Weapon","Secret Weapon","Metallicize+1","Metallicize+1","Metallicize+1","Anger","Anger","Anger","Mind Blast+1","Mind Blast+1","Mind Blast+1","Flex","Flex","Flex","Warcry+1","Warcry+1","Warcry+1","Inflame","Inflame","Inflame","Infernal Blade","Infernal Blade","Infernal Blade","Impervious","Impervious","Metallicize+1","Metallicize+1","Metallicize+1","Infernal Blade","Infernal Blade","Infernal Blade","Pommel Strike+1","Pommel Strike+1","Pommel Strike+1","Offering","Offering","Offering","Flash of Steel","Flash of Steel","Flash of Steel","Shrug It Off","Shrug It Off","Shrug It Off","Infernal Blade+1","Infernal Blade+1","Infernal Blade+1","Ghostly Armor","Ghostly Armor","Ghostly Armor"],"max_hp_per_floor":[78,77,76,75,74,73,72,71,70,69,68,67,66,65,64,63,62,61,60,59,58,57,56,55,54,53,52,51,50,49,48,47,46,45,44,43,42,41,40,39,38,37,36,35,34,33,32,31,30,29],"relics":["Burning Blood","Gambling Chip","Vajra","Mercury Hourglass","Golden Idol","Black Star","Omamori","Bronze Scales","Potion Belt","Matryoshka","Frozen Egg 2","Sozu","Ginger","Dead Branch","Lantern","Oddly Smooth Stone","Red Skull","Bag of Marbles"],"card_choices":[{"not_picked":["Wild Strike","Clash"],"picked":"Metallicize","floor":1},{"not_picked":["Twin Strike","Shrug It Off"],"picked":"Anger","floor":2},{"not_picked":["Rupture","Wild Strike","Whirlwind"],"picked":"SKIP","floor":5},{"not_picked":["Twin Strike","Shrug It Off","Clash"],"picked":"SKIP","floor":7},{"not_picked":["Clothesline","Warcry","Entrench"],"picked":"SKIP","floor":8},{"not_picked":["Heavy Blade","Brutality"],"picked":"Flex","floor":11},{"not_picked":["Uppercut","Bloodletting","Heavy Blade"],"picked":"SKIP","floor":13},{"not_picked":["Heavy Blade","Armaments+1"],"picked":"Warcry+1","floor":18},{"not_picked":["Flex+1","Headbutt","Bloodletting"],"picked":"SKIP","floor":20},{"not_picked":["Sever Soul","Cleave+1","Thunderclap"],"picked":"SKIP","floor":21},{"not_picked":["Twin Strike","Thunderclap"],"picked":"Impervious","floor":23},{"not_picked":["Headbutt","Berserk","Flex"],"picked":"SKIP","floor":27},{"not_picked":["Pommel Strike","Power Through","Hemokinesis"],"picked":"SKIP","floor":28},{"not_picked":["Flex+1","Pommel Strike"],"picked":"Metallicize+1","floor":30},{"not_picked":["Inflame+1","Combust+1"],"picked":"Infernal Blade","floor":31},{"not_picked":["Havoc+1","Flex","Clothesline"],"picked":"SKIP","floor":35},{"not_picked":["Shrug It Off+1","Body Slam+1","Evolve+1"],"picked":"SKIP","floor":36},{"not_picked":["Dual Wield+1","Clothesline+1"],"picked":"Pommel Strike+1","floor":37},{"not_picked":["Body Slam","Second Wind+1","Feel No Pain+1"],"picked":"SKIP","floor":39},{"not_picked":["Perfected Strike","Twin Strike+1"],"picked":"Offering","floor":40},{"not_picked":["Clothesline","Cleave+1"],"picked":"Infernal Blade+1","floor":46},{"not_picked":["Shrug It Off+1","Battle Trance+1","Perfected Strike"],"picked":"SKIP","floor":48}],"player_experience":514888,"potions_floor_usage":[7,7,7,21,30,33,33,40],"damage_taken":[{"damage":1,"enemies":"Cultist","floor":1,"turns":4},{"damage":1,"enemies":"Jaw Worm","floor":2,"turns":4},{"damage":0,"enemies":"Small Slimes","floor":5,"turns":3},{"damage":0,"enemies":"Gremlin Nob","floor":7,"turns":1},{"damage":3,"enemies":"Blue Slaver","floor":8,"turns":2},{"damage":9,"enemies":"Lagavulin Event","floor":11,"turns":3},{"damage":0,"enemies":"Exordium Thugs","floor":13,"turns":1},{"damage":15,"enemies":"The Guardian","floor":16,"turns":6},{"damage":1,"enemies":"Spheric Guardian","floor":18,"turns":3},{"damage":5,"enemies":"3 Byrds","floor":20,"turns":2},{"damage":4,"enemies":"Snake Plant","floor":21,"turns":2},{"damage":16,"enemies":"Book of Stabbing","floor":23,"turns":3},{"damage":0,"enemies":"Gremlin Leader","floor":27,"turns":2},{"damage":7,"enemies":"Slaver and Parasite","floor":28,"turns":2},{"damage":0,"enemies":"Centurion and Healer","floor":30,"turns":1},{"damage":0,"enemies":"3 Cultists","floor":31,"turns":2},{"damage":11,"enemies":"Automaton","floor":33,"turns":5},{"damage":0,"enemies":"Flame Bruiser 1 Orb","floor":35,"turns":1},{"damage":0,"enemies":"3 Darklings","floor":36,"turns":1},{"damage":1,"enemies":"Maw","floor":37,"turns":4},{"damage":0,"enemies":"Spire Growth","floor":39,"turns":1},{"damage":8,"enemies":"Giant Head","floor":40,"turns":6},{"damage":4,"enemies":"4 Shapes","floor":46,"turns":1},{"damage":0,"enemies":"3 Darklings","floor":48,"turns":1},{"damage":19,"enemies":"Awakened One","floor":50,"turns":3}],"relics_obtained":[{"floor":7,"key":"Gambling Chip"},{"floor":9,"key":"Vajra"},{"floor":11,"key":"Mercury Hourglass"},{"floor":23,"key":"Omamori"},{"floor":23,"key":"Bronze Scales"},{"floor":26,"key":"Potion Belt"},{"floor":27,"key":"Matryoshka"},{"floor":27,"key":"Frozen Egg 2"},{"floor":40,"key":"Ginger"},{"floor":40,"key":"Dead Branch"},{"floor":43,"key":"Oddly Smooth Stone"},{"floor":43,"key":"Red Skull"}],"event_choices":[{"event_name":"The Lab","player_choice":"Got Potions","floor":4,"damage_taken":0},{"event_name":"Dead Adventurer","player_choice":"Searched \u00272\u0027 times","floor":11,"damage_taken":0},{"event_name":"The Cleric","player_choice":"Card Removal","floor":12,"damage_taken":0},{"event_name":"Golden Idol","player_choice":"Take Damage","floor":14,"damage_taken":0},{"event_name":"Drug Dealer","player_choice":"Ignored","floor":25,"damage_taken":0},{"event_name":"Upgrade Shrine","player_choice":"Upgraded","floor":38,"damage_taken":0},{"event_name":"Tomb of Lord Red Mask","player_choice":"Ignored","floor":41,"damage_taken":0}],"boss_relics":[{"not_picked":["Eternal Feather","Cursed Key"],"picked":"Black Star"},{"not_picked":["Tiny House","Black Blood"],"picked":"Sozu"}],"items_purged_floors":[],"potions_floor_spawned":[1,5,11,23,28,30,33,35,39,46,48],"seed_played":"-3551877995311688955","ascension_level":0,"potions_obtained":[{"floor":1,"key":"FearPotion"},{"floor":4,"key":"SteroidPotion"},{"floor":4,"key":"Regen Potion"},{"floor":4,"key":"GamblersBrew"},{"floor":5,"key":"AttackPotion"},{"floor":11,"key":"Block Potion"},{"floor":23,"key":"Block Potion"},{"floor":28,"key":"Swift Potion"},{"floor":30,"key":"PowerPotion"},{"floor":33,"key":"SteroidPotion"}],"is_trial":false}