{"gold_per_floor":[10,10,10,26,40,40,64,99,146,167,137,158,158,177,177,306,369,384,64,64,77,77,116,116,135,210,254,267,267,267,280,280,408,408,431,454,281,299,299],"floor_reached":39,"playtime":2886,"items_purged":["Strike_P","Strike_P"],"score":510,"play_id":"c1ae07ae-1937-4937-b849-220880c94413","local_time":"20190930150945","is_ascension_mode":true,"campfire_choices":[{"data":"Devotion","floor":6,"key":"SMITH"},{"data":"WindmillStrike","floor":13,"key":"SMITH"},{"data":"LessonLearned","floor":15,"key":"SMITH"},{"data":"Fasting","floor":24,"key":"SMITH"},{"floor":29,"key":"REST"},{"data":"Protect","floor":32,"key":"SMITH"}],"neow_cost":"NO_GOLD","seed_source_timestamp":77748136600500,"circlet_count":0,"master_deck":["Strike_P","Strike_P","Defend_P+1","Defend_P+1","Defend_P+1","Defend_P+1","Eruption+1","Vigilance","Devotion+1","WindmillStrike+1","Prostrate","Prostrate+1","Evaluate+1","Protect+1","LessonLearned+1","Judgement+1","CarveReality","Fasting+1","Pray","Panacea+1","SignatureMove","SashWhip+1","MasterReality","Devotion"],"relics":["PureWater","CloakClasp","Golden Idol","Mummified Hand","Art of War","Tiny House","Bottled Flame","War Paint","Matryoshka","Shuriken","InkBottle","Ancient Tea Set","Busted Crown"],"potions_floor_usage":[8,8,10,16,23,27,27,31,33,33,35],"damage_taken":[{"damage":0,"enemies":"Jaw Worm","floor":1,"turns":3},{"damage":0,"enemies":"2 Louse","floor":4,"turns":3},{"damage":2,"enemies":"Cultist","floor":5,"turns":4},{"damage":0,"enemies":"2 Fungi Beasts","floor":7,"turns":2},{"damage":8,"enemies":"Lagavulin","floor":8,"turns":7},{"damage":2,"enemies":"Exordium Thugs","floor":10,"turns":5},{"damage":0,"enemies":"Blue Slaver","floor":12,"turns":4},{"damage":0,"enemies":"Looter","floor":14,"turns":3},{"damage":15,"enemies":"Hexaghost","floor":16,"turns":11},{"damage":0,"enemies":"3 Byrds","floor":18,"turns":7},{"damage":0,"enemies":"Shell Parasite","floor":21,"turns":5},{"damage":7,"enemies":"Book of Stabbing","floor":23,"turns":6},{"damage":15,"enemies":"Snake Plant","floor":25,"turns":4},{"damage":17,"enemies":"Gremlin Leader","floor":27,"turns":3},{"damage":11,"enemies":"Centurion and Healer","floor":28,"turns":5},{"damage":9,"enemies":"Snecko","floor":31,"turns":7},{"damage":11,"enemies":"Champ","floor":33,"turns":7},{"damage":11,"enemies":"3 Shapes","floor":35,"turns":3},{"damage":0,"enemies":"Orb Walker","floor":36,"turns":4},{"damage":0,"enemies":"Spire Growth","floor":38,"turns":4},{"damage":67,"enemies":"4 Shapes","floor":39,"turns":3}],"seed_played":"-4425709907572213642","potions_obtained":[{"floor":1,"key":"AttackPotion"},{"floor":3,"key":"Ambrosia"},{"floor":3,"key":"EssenceOfSteel"},{"floor":8,"key":"Swift Potion"},{"floor":11,"key":"Swift Potion"},{"floor":11,"key":"Block Potion"},{"floor":17,"key":"Energy Potion"},{"floor":25,"key":"SteroidPotion"},{"floor":27,"key":"Fire Potion"},{"floor":28,"key":"FearPotion"},{"floor":31,"key":"DuplicationPotion"},{"floor":36,"key":"AttackPotion"}],"is_trial":false,"path_per_floor":["M","?","?","M","M","R","M","E","T","M","?","M","R","M","R","B",null,"M","$","?","M","?","E","R","M","T","E","M","R","?","M","R","B",null,"M","M","$","M","M"],"character_chosen":"WATCHER","items_purchased":["Bottled Flame","MasterReality"],"campfire_rested":1,"item_purchase_floors":[19,37],"current_hp_per_floor":[72,54,54,54,52,52,52,44,44,42,42,42,42,42,42,27,77,77,77,77,77,77,70,70,55,55,38,27,50,36,27,27,16,77,66,66,66,66,0],"gold":299,"neow_bonus":"ONE_RARE_RELIC","is_prod":false,"is_daily":false,"chose_seed":false,"campfire_upgraded":5,"win_rate":0,"timestamp":1569881385,"path_taken":["M","?","?","M","?","R","M","E","T","M","?","M","R","M","R","BOSS","M","$","?","M","?","E","R","M","T","E","M","R","?","M","R","BOSS","M","M","$","M","M"],"build_version":"2019-09-27","purchased_purges":2,"victory":false,"max_hp_per_floor":[72,72,72,72,72,72,72,72,72,72,72,72,72,72,72,72,77,77,77,77,77,77,77,77,77,77,77,77,77,77,77,77,77,77,77,77,77,77,77],"card_choices":[{"not_picked":["FlyingSleeves","ClearTheMind"],"picked":"Devotion","floor":1},{"not_picked":["Sanctity","EmptyFist"],"picked":"WindmillStrike","floor":4},{"not_picked":["FlyingSleeves","Weave"],"picked":"Prostrate","floor":5},{"not_picked":["Prostrate","Consecrate","Omniscience"],"picked":"SKIP","floor":7},{"not_picked":["Consecrate","Omniscience"],"picked":"Prostrate","floor":7},{"not_picked":["Prostrate","ThirdEye"],"picked":"Evaluate","floor":8},{"not_picked":["FlyingSleeves","ClearTheMind"],"picked":"Protect","floor":10},{"not_picked":["Meditate","Halt","WheelKick"],"picked":"SKIP","floor":12},{"not_picked":["Meditate","Halt","WheelKick"],"picked":"SKIP","floor":12},{"not_picked":["Meditate","Halt","WheelKick"],"picked":"SKIP","floor":12},{"not_picked":["JustLucky","Perseverance"],"picked":"LessonLearned","floor":14},{"not_picked":["ConjureBlade","Nirvana"],"picked":"Judgement","floor":16},{"not_picked":["CrushJoints","Fasting"],"picked":"CarveReality","floor":17},{"not_picked":["JustLucky+1","EmptyBody","SashWhip"],"picked":"SKIP","floor":18},{"not_picked":["JustLucky","Consecrate"],"picked":"Fasting","floor":21},{"not_picked":["CutThroughFate","Consecrate","EmptyBody"],"picked":"SKIP","floor":23},{"not_picked":["CrushJoints","Crescendo","Weave"],"picked":"SKIP","floor":25},{"not_picked":["Alpha","FlurryOfBlows"],"picked":"Pray","floor":27},{"not_picked":["FearNoEvil","EmptyFist","Consecrate"],"picked":"SKIP","floor":28},{"not_picked":["BowlingBash","FollowUp","Evaluate"],"picked":"SKIP","floor":31},{"not_picked":["Pray","Omniscience"],"picked":"SignatureMove","floor":33},{"not_picked":[],"picked":"SashWhip+1","floor":35},{"not_picked":["SashWhip"],"picked":"SKIP","floor":36},{"not_picked":[],"picked":"Devotion","floor":38}],"player_experience":786755,"relics_obtained":[{"floor":8,"key":"Mummified Hand"},{"floor":9,"key":"Art of War"},{"floor":23,"key":"Matryoshka"},{"floor":26,"key":"Shuriken"},{"floor":26,"key":"InkBottle"},{"floor":27,"key":"Ancient Tea Set"}],"event_choices":[{"damage_healed":0,"gold_gain":0,"player_choice":"Take Damage","damage_taken":18,"relics_obtained":["Golden Idol"],"max_hp_gain":0,"max_hp_loss":0,"event_name":"Golden Idol","floor":2,"gold_loss":0},{"damage_healed":0,"gold_gain":0,"player_choice":"Got Potions","damage_taken":0,"max_hp_gain":0,"max_hp_loss":0,"event_name":"Lab","floor":3,"gold_loss":0},{"damage_healed":0,"gold_gain":0,"player_choice":"Bought 2 Potions","damage_taken":0,"max_hp_gain":0,"max_hp_loss":0,"event_name":"The Woman in Blue","floor":11,"gold_loss":0},{"damage_healed":0,"gold_gain":0,"player_choice":"Opened","damage_taken":0,"relics_obtained":["War Paint"],"max_hp_gain":0,"max_hp_loss":0,"event_name":"The Mausoleum","floor":20,"gold_loss":0},{"damage_healed":0,"gold_gain":0,"player_choice":"Ignored","damage_taken":0,"max_hp_gain":0,"max_hp_loss":0,"event_name":"Vampires","floor":22,"gold_loss":0},{"damage_healed":0,"gold_gain":0,"player_choice":"CARD ","damage_taken":14,"max_hp_gain":0,"max_hp_loss":0,"event_name":"Knowing Skull","floor":30,"potions_obtained":[],"gold_loss":0,"cards_obtained":["Panacea"]}],"is_beta":true,"boss_relics":[{"not_picked":["Snecko Eye","Ectoplasm"],"picked":"Tiny House"},{"not_picked":["Calling Bell","Cursed Key"],"picked":"Busted Crown"}],"items_purged_floors":[19,37],"is_endless":false,"potions_floor_spawned":[1,4,8,12,25,27,28,31,36],"killed_by":"4 Shapes","ascension_level":4}