{"gold_per_floor":[116,132,132,144,157,183,183,197,252,263,282,315,325,338,338,442,442,456,51,51,64,84,117,167,167,167,177,195,205,205,234,234,333,333,345,270,270,270,670,670,695,695,719,734,754,803,819,837,837,837],"floor_reached":50,"playtime":2837,"items_purged":["Shame"],"score":686,"play_id":"e89a2db4-1234-4856-a5c3-41ea46ac0430","local_time":"20190908141725","is_ascension_mode":true,"campfire_choices":[{"data":"Armaments","floor":7,"key":"SMITH"},{"floor":15,"key":"REST"},{"floor":25,"key":"RECALL"},{"floor":30,"key":"REST"},{"data":"Infernal Blade","floor":32,"key":"SMITH"},{"data":"Demon Form","floor":40,"key":"SMITH"},{"floor":49,"key":"REST"}],"neow_cost":"NONE","seed_source_timestamp":90810611454473,"circlet_count":0,"master_deck":["Strike_R+1","Strike_R+1","Strike_R+1","Strike_R+1","Defend_R+1","Defend_R+1","Defend_R+1","Defend_R+1","Bash+1","Shrug It Off","Infernal Blade+1","Armaments+1","Inflame","Whirlwind+1","Feed","Anger","Offering","Thunderclap+1","Demon Form+1","Headbutt+1","Limit Break","Regret","Clumsy","Anger","Corruption+1"],"relics":["Burning Blood","Shuriken","Bag of Marbles","Mercury Hourglass","Sozu","PreservedInsect","Singing Bowl","Whetstone","Self Forming Clay","Calling Bell","Lantern","Frozen Egg 2","Champion Belt","Old Coin","Kunai","Vajra","Ice Cream"],"potions_floor_usage":[12,12,12],"damage_taken":[{"damage":0,"enemies":"2 Louse","floor":1,"turns":2},{"damage":5,"enemies":"Cultist","floor":2,"turns":4},{"damage":4,"enemies":"Small Slimes","floor":4,"turns":4},{"damage":18,"enemies":"Exordium Thugs","floor":5,"turns":5},{"damage":31,"enemies":"Lagavulin","floor":6,"turns":6},{"damage":29,"enemies":"Large Slime","floor":8,"turns":7},{"damage":7,"enemies":"Exordium Wildlife","floor":10,"turns":5},{"damage":3,"enemies":"3 Louse","floor":11,"turns":3},{"damage":22,"enemies":"Gremlin Nob","floor":12,"turns":5},{"damage":9,"enemies":"2 Fungi Beasts","floor":13,"turns":2},{"damage":1,"enemies":"Exordium Wildlife","floor":14,"turns":2},{"damage":41,"enemies":"The Guardian","floor":16,"turns":8},{"damage":12,"enemies":"Spheric Guardian","floor":18,"turns":3},{"damage":0,"enemies":"3 Byrds","floor":21,"turns":3},{"damage":12,"enemies":"Snake Plant","floor":22,"turns":3},{"damage":23,"enemies":"Book of Stabbing","floor":23,"turns":4},{"damage":22,"enemies":"Cultist and Chosen","floor":27,"turns":5},{"damage":11,"enemies":"Shelled Parasite and Fungi","floor":28,"turns":4},{"damage":0,"enemies":"3 Cultists","floor":29,"turns":1},{"damage":17,"enemies":"Slavers","floor":31,"turns":2},{"damage":85,"enemies":"Automaton","floor":33,"turns":8},{"damage":2,"enemies":"Orb Walker","floor":35,"turns":4},{"damage":19,"enemies":"Mind Bloom Boss Battle","floor":39,"turns":7},{"damage":57,"enemies":"Nemesis","floor":41,"turns":5},{"damage":6,"enemies":"3 Shapes","floor":44,"turns":2},{"damage":14,"enemies":"Writhing Mass","floor":45,"turns":5},{"damage":66,"enemies":"2 Orb Walkers","floor":46,"turns":5},{"damage":3,"enemies":"Spire Growth","floor":47,"turns":4},{"damage":8,"enemies":"Sphere and 2 Shapes","floor":48,"turns":4},{"damage":79,"enemies":"Time Eater","floor":50,"turns":7}],"seed_played":"5134661289752662924","potions_obtained":[{"floor":2,"key":"SneckoOil"},{"floor":6,"key":"Energy Potion"},{"floor":8,"key":"PowerPotion"}],"is_trial":false,"path_per_floor":["M","M","?","M","M","E","R","M","T","M","M","E","M","M","R","B",null,"M","$","?","M","M","E","?","R","T","M","M","M","R","E","R","B",null,"M","$","?","?","?","R","E","?","T","M","M","?","M","M","R","B"],"character_chosen":"IRONCLAD","items_purchased":["PreservedInsect","Singing Bowl"],"campfire_rested":3,"item_purchase_floors":[19,19],"current_hp_per_floor":[88,88,88,88,76,51,51,28,28,27,33,17,17,22,50,15,94,88,88,88,96,92,77,77,77,77,66,61,67,98,90,90,11,108,108,108,110,104,93,93,44,94,94,96,88,33,41,44,77,0],"gold":837,"neow_bonus":"TEN_PERCENT_HP_BONUS","is_prod":false,"is_daily":false,"chose_seed":false,"campfire_upgraded":3,"win_rate":0,"timestamp":1567966645,"path_taken":["M","M","?","?","M","E","R","M","T","M","M","E","M","M","R","BOSS","M","$","?","M","M","E","?","R","T","?","M","M","R","E","R","BOSS","M","$","?","?","?","R","E","?","T","M","M","?","M","M","R","BOSS"],"build_version":"2019-07-17","purchased_purges":1,"victory":false,"max_hp_per_floor":[88,88,88,88,88,88,88,88,88,88,91,91,94,94,94,94,94,94,94,94,96,98,100,100,100,100,105,105,105,105,108,108,108,108,108,108,110,104,106,106,108,94,94,96,96,101,106,111,111,111],"card_choices":[{"not_picked":["True Grit","Armaments"],"picked":"Shrug It Off","floor":1},{"not_picked":["Armaments","Flex"],"picked":"Infernal Blade","floor":2},{"not_picked":["Body Slam","Cleave"],"picked":"Armaments","floor":4},{"not_picked":["Headbutt","Sword Boomerang"],"picked":"Inflame","floor":5},{"not_picked":["Reckless Charge","Armaments","Corruption"],"picked":"SKIP","floor":6},{"not_picked":["Dropkick","Pummel"],"picked":"Whirlwind","floor":8},{"not_picked":["Clothesline","Entrench"],"picked":"Feed","floor":10},{"not_picked":["Wild Strike","Heavy Blade","Anger"],"picked":"SKIP","floor":11},{"not_picked":["Clash","Searing Blow","Wild Strike"],"picked":"SKIP","floor":12},{"not_picked":["Sentinel","Heavy Blade","Sword Boomerang"],"picked":"SKIP","floor":13},{"not_picked":["Bloodletting","Ghostly Armor"],"picked":"Anger","floor":14},{"not_picked":["Immolate","Impervious"],"picked":"Offering","floor":16},{"not_picked":["Clash","Bloodletting","Dual Wield"],"picked":"SKIP","floor":18},{"not_picked":["Wild Strike+1","Twin Strike","Pommel Strike"],"picked":"Singing Bowl","floor":21},{"not_picked":["Metallicize","Carnage","Sword Boomerang"],"picked":"Singing Bowl","floor":22},{"not_picked":["Corruption","Shockwave","Searing Blow"],"picked":"Singing Bowl","floor":23},{"not_picked":["Rupture","Cleave","Impervious"],"picked":"Singing Bowl","floor":27},{"not_picked":["Havoc","Sword Boomerang+1"],"picked":"Thunderclap+1","floor":28},{"not_picked":["Spot Weakness+1","Dual Wield+1"],"picked":"Demon Form","floor":29},{"not_picked":["Thunderclap","Warcry"],"picked":"Headbutt+1","floor":31},{"not_picked":["Fiend Fire","Dark Embrace"],"picked":"Limit Break","floor":33},{"not_picked":["Shrug It Off","Armaments+1"],"picked":"Anger","floor":35},{"not_picked":["Secret Weapon","Chrysalis","The Bomb"],"picked":"Singing Bowl","floor":37},{"not_picked":["Pommel Strike+1","Twin Strike+1","Wild Strike+1"],"picked":"Singing Bowl","floor":39},{"not_picked":["Limit Break","Shrug It Off+1","Burning Pact+1"],"picked":"Singing Bowl","floor":41},{"not_picked":["Perfected Strike","Intimidate+1","Pummel"],"picked":"Singing Bowl","floor":44},{"not_picked":["Heavy Blade","Rampage"],"picked":"Corruption+1","floor":45},{"not_picked":["Perfected Strike+1","Carnage+1","Corruption+1"],"picked":"Singing Bowl","floor":46},{"not_picked":["Limit Break","Intimidate+1","Body Slam"],"picked":"Singing Bowl","floor":47},{"not_picked":["Dual Wield+1","Whirlwind+1","Cleave+1"],"picked":"Singing Bowl","floor":48}],"player_experience":181421,"relics_obtained":[{"floor":6,"key":"Shuriken"},{"floor":9,"key":"Bag of Marbles"},{"floor":12,"key":"Mercury Hourglass"},{"floor":23,"key":"Whetstone"},{"floor":31,"key":"Self Forming Clay"},{"floor":34,"key":"Lantern"},{"floor":34,"key":"Frozen Egg 2"},{"floor":34,"key":"Champion Belt"},{"floor":39,"key":"Old Coin"},{"floor":41,"key":"Kunai"},{"floor":43,"key":"Vajra"},{"floor":46,"key":"Ice Cream"}],"event_choices":[{"cards_removed":["Strike_R"],"damage_healed":0,"gold_gain":0,"player_choice":"Offered Basic","damage_taken":0,"max_hp_gain":0,"max_hp_loss":0,"event_name":"Bonfire Elementals","floor":3,"gold_loss":0},{"damage_healed":0,"gold_gain":0,"player_choice":"Simplicity","damage_taken":0,"max_hp_gain":0,"max_hp_loss":0,"event_name":"Back to Basics","floor":20,"gold_loss":0,"cards_upgraded":["Strike_R","Strike_R","Strike_R","Strike_R","Defend_R","Defend_R","Defend_R","Defend_R"]},{"damage_healed":0,"gold_gain":100,"player_choice":"Bet on Murderer","damage_taken":0,"max_hp_gain":0,"max_hp_loss":0,"event_name":"The Joust","floor":24,"gold_loss":50},{"damage_healed":0,"gold_gain":0,"player_choice":"Memory 1","damage_taken":0,"max_hp_gain":0,"max_hp_loss":0,"event_name":"SensoryStone","floor":37,"gold_loss":0},{"damage_healed":0,"gold_gain":0,"player_choice":"Max HP","damage_taken":0,"max_hp_gain":0,"max_hp_loss":6,"event_name":"Winding Halls","floor":38,"gold_loss":0},{"damage_healed":0,"gold_gain":0,"player_choice":"Fight","damage_taken":0,"max_hp_gain":0,"max_hp_loss":0,"event_name":"MindBloom","floor":39,"gold_loss":0},{"damage_healed":94,"gold_gain":0,"player_choice":"Heal","damage_taken":0,"max_hp_gain":0,"max_hp_loss":14,"event_name":"The Moai Head","floor":42,"gold_loss":0},{"damage_healed":0,"gold_gain":0,"player_choice":"Fight","damage_taken":0,"max_hp_gain":0,"max_hp_loss":0,"event_name":"Mysterious Sphere","floor":46,"gold_loss":0}],"is_beta":false,"boss_relics":[{"not_picked":["Pandora\u0027s Box","Astrolabe"],"picked":"Sozu"},{"not_picked":["Snecko Eye","White Beast Statue"],"picked":"Calling Bell"}],"items_purged_floors":[36],"is_endless":false,"potions_floor_spawned":[2,6,8,10,21,22,27,28,33,39,45,48],"killed_by":"Time Eater","ascension_level":2}