{"gold_per_floor":[217,217,47,65,78,78,98,98,153,171,197,197,226,244,244,321,321,332,93,103,122,142,142,177,177,177,202,202,302,30,30,30,30],"floor_reached":33,"playtime":3437,"items_purged":["Defend_R","Strike_R"],"score":590,"play_id":"d00f6c08-8521-499b-83e2-e805627516ca","local_time":"20190907044945","is_ascension_mode":true,"campfire_choices":[{"data":"Bash","floor":6,"key":"SMITH"},{"data":"Cleave","floor":8,"key":"SMITH"},{"data":"Wild Strike","floor":12,"key":"SMITH"},{"data":"Flame Barrier","floor":15,"key":"SMITH"},{"data":"Disarm","floor":23,"key":"SMITH"},{"data":"Burning Pact","floor":25,"key":"SMITH"},{"data":"Metallicize","floor":32,"key":"SMITH"}],"neow_cost":"NONE","seed_source_timestamp":2084645495300,"circlet_count":0,"master_deck":["AscendersBane","Strike_R","Strike_R","Strike_R","Strike_R","Defend_R","Defend_R","Defend_R","Bash+1","Metallicize+1","Flame Barrier+1","Shrug It Off","Cleave+1","Anger","Shrug It Off","Wild Strike+1","Impervious","Body Slam","Disarm+1","Clothesline+1","Burning Pact+1","Metallicize+1","Juggernaut+1","Feel No Pain+1"],"relics":["Burning Blood","Red Skull","Potion Belt","Bronze Scales","Charon\u0027s Ashes","Snecko Eye","Torii","The Courier","Frozen Egg 2","Pocketwatch","Blue Candle","Membership Card"],"potions_floor_usage":[13,27,33,33,33],"damage_taken":[{"damage":7,"enemies":"Small Slimes","floor":1,"turns":4},{"damage":0,"enemies":"Cultist","floor":4,"turns":4},{"damage":9,"enemies":"Jaw Worm","floor":5,"turns":5},{"damage":11,"enemies":"Blue Slaver","floor":7,"turns":4},{"damage":16,"enemies":"Large Slime","floor":10,"turns":6},{"damage":27,"enemies":"Lagavulin","floor":11,"turns":8},{"damage":5,"enemies":"Gremlin Nob","floor":13,"turns":3},{"damage":0,"enemies":"2 Fungi Beasts","floor":14,"turns":2},{"damage":38,"enemies":"Slime Boss","floor":16,"turns":10},{"damage":3,"enemies":"Shell Parasite","floor":18,"turns":3},{"damage":0,"enemies":"3 Byrds","floor":20,"turns":3},{"damage":3,"enemies":"Snake Plant","floor":21,"turns":3},{"damage":5,"enemies":"Cultist and Chosen","floor":22,"turns":6},{"damage":9,"enemies":"Book of Stabbing","floor":24,"turns":5},{"damage":1,"enemies":"Gremlin Leader","floor":27,"turns":7},{"damage":0,"enemies":"Colosseum Slavers","floor":29,"turns":3},{"damage":41,"enemies":"Colosseum Nobs","floor":29,"turns":6},{"damage":79,"enemies":"Automaton","floor":33,"turns":12}],"seed_played":"-5312939705537102042","potions_obtained":[{"floor":1,"key":"LiquidBronze"},{"floor":5,"key":"SpeedPotion"},{"floor":10,"key":"LiquidBronze"},{"floor":11,"key":"AttackPotion"},{"floor":18,"key":"BloodPotion"},{"floor":27,"key":"SkillPotion"},{"floor":29,"key":"Energy Potion"}],"is_trial":false,"path_per_floor":["M","?","$","M","M","R","M","R","T","M","E","R","E","M","R","B",null,"M","$","M","M","M","R","E","R","T","E","?","?","$","?","R","B"],"character_chosen":"IRONCLAD","items_purchased":["Flame Barrier","Shrug It Off","Disarm","Explosive Potion","Membership Card","Juggernaut+1","Feel No Pain+1"],"campfire_rested":0,"item_purchase_floors":[3,3,19,19,30,30,30],"current_hp_per_floor":[67,67,67,73,70,70,65,65,65,55,34,34,35,41,41,9,59,62,62,68,71,72,72,69,69,69,74,74,40,40,40,40,0],"gold":30,"neow_bonus":"HUNDRED_GOLD","is_prod":false,"is_daily":false,"chose_seed":false,"campfire_upgraded":7,"win_rate":0,"timestamp":1567799385,"path_taken":["M","?","$","M","?","R","M","R","T","M","E","R","E","M","R","BOSS","M","$","M","M","M","R","E","R","T","E","?","?","$","?","R","BOSS"],"build_version":"2019-07-17","purchased_purges":2,"victory":false,"max_hp_per_floor":[75,75,75,75,75,75,75,75,75,75,75,75,75,75,75,75,75,75,75,75,75,75,75,75,75,75,75,75,75,75,75,75,75],"card_choices":[{"not_picked":["Seeing Red","Flex"],"picked":"Metallicize","floor":1},{"not_picked":["Searing Blow","Thunderclap"],"picked":"Cleave","floor":4},{"not_picked":["Headbutt","Seeing Red"],"picked":"Anger","floor":5},{"not_picked":["Thunderclap","Sever Soul","Sword Boomerang"],"picked":"SKIP","floor":7},{"not_picked":["Flame Barrier","Pummel"],"picked":"Shrug It Off","floor":10},{"not_picked":["Heavy Blade","Anger"],"picked":"Wild Strike","floor":11},{"not_picked":["Anger","Perfected Strike","True Grit"],"picked":"SKIP","floor":13},{"not_picked":["Fire Breathing","Twin Strike","Pommel Strike"],"picked":"SKIP","floor":14},{"not_picked":["Double Tap","Reaper"],"picked":"Impervious","floor":16},{"not_picked":["Warcry","Thunderclap"],"picked":"Body Slam","floor":18},{"not_picked":["Dropkick","Fire Breathing","Clash"],"picked":"SKIP","floor":20},{"not_picked":["Shrug It Off","Fire Breathing+1"],"picked":"Clothesline+1","floor":21},{"not_picked":["Anger","Headbutt","Armaments"],"picked":"SKIP","floor":22},{"not_picked":["Intimidate","Bloodletting+1"],"picked":"Burning Pact","floor":24},{"not_picked":["Flex","Twin Strike"],"picked":"Metallicize+1","floor":27}],"player_experience":652279,"relics_obtained":[{"floor":9,"key":"Potion Belt"},{"floor":11,"key":"Bronze Scales"},{"floor":13,"key":"Charon\u0027s Ashes"},{"floor":24,"key":"Torii"},{"floor":26,"key":"The Courier"},{"floor":27,"key":"Frozen Egg 2"},{"floor":29,"key":"Pocketwatch"},{"floor":29,"key":"Blue Candle"}],"event_choices":[{"damage_healed":0,"gold_gain":0,"player_choice":"Gave Potion","damage_taken":0,"relics_obtained":["Red Skull"],"max_hp_gain":0,"max_hp_loss":0,"event_name":"WeMeetAgain","floor":2,"gold_loss":0},{"damage_healed":0,"gold_gain":0,"player_choice":"Ignored","damage_taken":0,"max_hp_gain":0,"max_hp_loss":0,"event_name":"The Mausoleum","floor":28,"gold_loss":0},{"damage_healed":0,"gold_gain":0,"player_choice":"Fight","damage_taken":0,"max_hp_gain":0,"max_hp_loss":0,"event_name":"Colosseum","floor":29,"gold_loss":0},{"damage_healed":0,"gold_gain":0,"player_choice":"Fought Nobs","damage_taken":0,"max_hp_gain":0,"max_hp_loss":0,"event_name":"Colosseum","floor":29,"gold_loss":0},{"damage_healed":0,"gold_gain":0,"player_choice":"Ignored","damage_taken":0,"max_hp_gain":0,"max_hp_loss":0,"event_name":"Ghosts","floor":31,"gold_loss":0}],"is_beta":false,"boss_relics":[{"not_picked":["Orrery","Velvet Choker"],"picked":"Snecko Eye"}],"items_purged_floors":[3,19],"is_endless":false,"potions_floor_spawned":[1,5,10,11,18,20,22,27,29],"killed_by":"Automaton","ascension_level":20}