{"gold_per_floor":[109,109,109,120,195,207,172,172,172,172,204,204,204,230,230,230],"floor_reached":16,"playtime":412,"items_purged":[],"score":212,"play_id":"1ded72d4-c8a7-4210-a5ba-b25663e10ccf","local_time":"20191001122746","is_ascension_mode":true,"campfire_choices":[{"data":"Shockwave","floor":8.0,"key":"SMITH"},{"data":"Metallicize","floor":10.0,"key":"SMITH"},{"floor":12,"key":"REST"},{"floor":15,"key":"REST"}],"neow_cost":"TEN_PERCENT_HP_LOSS","seed_source_timestamp":1253646063297800,"circlet_count":0,"master_deck":["AscendersBane","Strike_R","Strike_R","Strike_R","Strike_R","Strike_R","Defend_R+1","Defend_R","Defend_R","Defend_R","Bash+1","Offering+1","Headbutt","Metallicize+1","Shockwave+1","Evolve"],"special_seed":0,"relics":["Burning Blood","HornCleat","Art of War","Vajra"],"potions_floor_usage":[14,14,16],"damage_taken":[{"damage":11.0,"enemies":"Small Slimes","floor":1.0,"turns":4.0},{"damage":11.0,"enemies":"2 Louse","floor":4.0,"turns":3.0},{"damage":4.0,"enemies":"Jaw Worm","floor":6.0,"turns":4.0},{"damage":25.0,"enemies":"3 Sentries","floor":11.0,"turns":10.0},{"damage":20,"enemies":"Gremlin Nob","floor":14,"turns":4},{"damage":53,"enemies":"Slime Boss","floor":16,"turns":9}],"seed_played":"-5436345959714288820","potions_obtained":[{"floor":11.0,"key":"EntropicBrew"}],"is_trial":false,"path_per_floor":["M","?","?","M","?","M","?","R","T","R","E","R","?","E","R","B"],"character_chosen":"IRONCLAD","items_purchased":[],"campfire_rested":2,"item_purchase_floors":[],"current_hp_per_floor":[63,63,43,38,27,29,46,46,46,46,27,47,47,33,53,0],"gold":230,"neow_bonus":"THREE_RARE_CARDS","is_prod":false,"is_daily":false,"chose_seed":false,"campfire_upgraded":2,"win_rate":0,"timestamp":1569958066,"path_taken":["M","?","?","M","?","?","?","R","T","R","E","R","?","E","R","BOSS"],"build_version":"2019-09-27","purchased_purges":0,"victory":false,"max_hp_per_floor":[68,68,68,68,68,68,68,68,68,68,68,68,68,68,68,68],"card_choices":[{"not_picked":["Brutality","Feed"],"picked":"Offering","floor":0.0},{"not_picked":["Flex","Thunderclap"],"picked":"Headbutt","floor":1.0},{"not_picked":["Wild Strike","Sword Boomerang"],"picked":"Metallicize","floor":4.0},{"not_picked":["Wild Strike","Armaments"],"picked":"Shockwave","floor":6.0},{"not_picked":["Blood for Blood","Ghostly Armor"],"picked":"Evolve","floor":11.0},{"not_picked":["Searing Blow","Bloodletting","Pommel Strike"],"picked":"SKIP","floor":14}],"player_experience":1182835,"relics_obtained":[{"floor":9.0,"key":"HornCleat"},{"floor":11.0,"key":"Art of War"},{"floor":14,"key":"Vajra"}],"event_choices":[{"damage_healed":0.0,"max_hp_gain":0.0,"max_hp_loss":0.0,"gold_gain":0.0,"event_name":"Living Wall","player_choice":"Grow","floor":2.0,"gold_loss":0.0,"damage_taken":0.0,"cards_upgraded":["Offering"]},{"damage_healed":0.0,"max_hp_gain":0.0,"max_hp_loss":0.0,"gold_gain":0.0,"event_name":"Shining Light","player_choice":"Entered Light","floor":3.0,"gold_loss":0.0,"damage_taken":20.0,"cards_upgraded":["Bash","Defend_R"]},{"damage_healed":0.0,"max_hp_gain":0.0,"max_hp_loss":0.0,"gold_gain":75.0,"event_name":"World of Goop","player_choice":"Gather Gold","floor":5.0,"gold_loss":0.0,"damage_taken":11.0},{"damage_healed":17.0,"max_hp_gain":0.0,"max_hp_loss":0.0,"gold_gain":0.0,"event_name":"The Cleric","player_choice":"Healed","floor":7.0,"gold_loss":35.0,"damage_taken":0.0},{"damage_healed":0,"gold_gain":0,"player_choice":"Ignored","damage_taken":0,"max_hp_gain":0,"max_hp_loss":0,"event_name":"Liars Game","floor":13,"gold_loss":0}],"is_beta":true,"boss_relics":[],"items_purged_floors":[],"is_endless":false,"potions_floor_spawned":[11],"killed_by":"Slime Boss","ascension_level":20}