{"gold_per_floor":[114,114,125,135,60,60,60,92,92,49,63,63,95,110,110,188,188,206,32,46,46,46,76,76,105,105,116,116,116,75,85,85,156,156,175,190,200,200,200,229,248,303,303,321,321,352,352,368,368,368,368,368,368,86,114,114],"floor_reached":57,"playtime":7415,"items_purged":["Pain","Strike_R","Strike_R+1"],"score":2670,"play_id":"9bf4c108-a68d-4996-a9e6-b01fa5dbd86b","local_time":"20190921205410","is_ascension_mode":true,"campfire_choices":[{"data":"Uppercut","floor":7,"key":"SMITH"},{"floor":12,"key":"REST"},{"data":"Whirlwind","floor":15,"key":"SMITH"},{"data":"Flame Barrier","floor":24,"key":"SMITH"},{"data":"Spot Weakness","floor":29,"key":"SMITH"},{"floor":32,"key":"REST"},{"floor":47,"key":"RECALL"},{"data":"Demon Form","floor":49,"key":"SMITH"},{"floor":53,"key":"REST"}],"neow_cost":"NONE","seed_source_timestamp":132899040337000,"circlet_count":0,"master_deck":["AscendersBane","Strike_R+1","Strike_R+1","Defend_R+1","Defend_R+1","Defend_R+1","Bash","Uppercut+1","True Grit","Whirlwind+1","Burning Pact","Shrug It Off","Impervious","Disarm","Spot Weakness+1","RitualDagger","Flame Barrier+1","Corruption","Shrug It Off","Shockwave","Demon Form+1","Evolve+1","Heavy Blade","Iron Wave+1","Flame Barrier","Disarm","Shockwave","Burning Pact","Power Through","Impervious"],"relics":["Velvet Choker","WarpedTongs","Calipers","Kunai","Self Forming Clay","Juzu Bracelet","SlaversCollar","Charon\u0027s Ashes","Omamori","Bird Faced Urn","Snecko Eye","Question Card","Nunchaku","Dodecahedron","Vajra","Orrery","CloakClasp"],"potions_floor_usage":[16,16,25,41,50],"damage_taken":[{"damage":4,"enemies":"Jaw Worm","floor":1,"turns":4},{"damage":3,"enemies":"Cultist","floor":3,"turns":3},{"damage":8,"enemies":"2 Louse","floor":4,"turns":3},{"damage":24,"enemies":"Gremlin Nob","floor":8,"turns":4},{"damage":7,"enemies":"Exordium Wildlife","floor":11,"turns":5},{"damage":13,"enemies":"3 Sentries","floor":13,"turns":8},{"damage":13,"enemies":"Large Slime","floor":14,"turns":5},{"damage":44,"enemies":"Slime Boss","floor":16,"turns":10},{"damage":25,"enemies":"Shell Parasite","floor":18,"turns":6},{"damage":0,"enemies":"3 Byrds","floor":20,"turns":4},{"damage":2,"enemies":"Gremlin Leader","floor":23,"turns":4},{"damage":20,"enemies":"Slavers","floor":25,"turns":4},{"damage":5,"enemies":"Shelled Parasite and Fungi","floor":27,"turns":4},{"damage":0,"enemies":"Snecko","floor":31,"turns":6},{"damage":31,"enemies":"Automaton","floor":33,"turns":14},{"damage":0,"enemies":"Orb Walker","floor":35,"turns":3},{"damage":0,"enemies":"3 Shapes","floor":36,"turns":4},{"damage":2,"enemies":"Writhing Mass","floor":37,"turns":5},{"damage":11,"enemies":"Nemesis","floor":40,"turns":7},{"damage":15,"enemies":"Spire Growth","floor":41,"turns":4},{"damage":1,"enemies":"2 Orb Walkers","floor":42,"turns":3},{"damage":16,"enemies":"Maw","floor":44,"turns":6},{"damage":4,"enemies":"Giant Head","floor":46,"turns":6},{"damage":0,"enemies":"Transient","floor":48,"turns":6},{"damage":25,"enemies":"Donu and Deca","floor":50,"turns":6},{"damage":42,"enemies":"Time Eater","floor":51,"turns":10},{"damage":45,"enemies":"Shield and Spear","floor":55,"turns":6},{"damage":30,"enemies":"The Heart","floor":56,"turns":8}],"seed_played":"6863205166193872301","potions_obtained":[{"floor":4,"key":"Regen Potion"},{"floor":8,"key":"Weak Potion"},{"floor":11,"key":"Regen Potion"},{"floor":18,"key":"FairyPotion"},{"floor":23,"key":"Fire Potion"},{"floor":31,"key":"ElixirPotion"},{"floor":40,"key":"GamblersBrew"},{"floor":41,"key":"Energy Potion"},{"floor":44,"key":"SkillPotion"}],"is_trial":false,"path_per_floor":["M","?","M","M","$","T","R","E","T","?","M","R","E","M","R","B",null,"M","$","M","?","?","E","R","E","T","M","T","R","$","M","R","B",null,"M","M","M","?","?","E","M","?","T","M","?","E","R","M","R","B","B",null,"R","$","E","B",null],"character_chosen":"IRONCLAD","items_purchased":["Disarm","Shockwave","Orrery"],"campfire_rested":3,"item_purchase_floors":[19,30,54],"current_hp_per_floor":[64,64,61,53,53,53,53,29,29,29,22,44,31,18,18,28,63,38,38,38,32,32,30,30,10,10,7,7,7,7,9,31,2,57,59,63,65,75,75,66,57,60,60,48,48,50,50,56,56,37,1,57,75,75,34,10],"gold":114,"neow_bonus":"BOSS_RELIC","is_prod":false,"is_daily":false,"chose_seed":false,"campfire_upgraded":5,"win_rate":0,"timestamp":1569066850,"path_taken":["M","?","M","M","$","?","R","E","T","?","M","R","E","M","R","BOSS","M","$","M","?","?","E","R","E","T","M","?","R","$","M","R","BOSS","M","M","M","?","?","E","M","?","T","M","?","E","R","M","R","BOSS","BOSS","R","$","E","BOSS"],"build_version":"2019-09-20","purchased_purges":3,"victory":true,"max_hp_per_floor":[75,75,75,75,75,75,75,75,75,75,75,75,75,75,75,75,75,75,75,75,75,75,75,75,75,75,75,75,75,75,75,75,75,75,75,75,75,75,75,75,75,75,75,75,75,75,75,75,75,75,75,75,75,75,75,75],"card_choices":[{"not_picked":["Body Slam","Armaments"],"picked":"Uppercut","floor":1},{"not_picked":["Armaments","Warcry","Combust"],"picked":"SKIP","floor":3},{"not_picked":["Dropkick","Rage"],"picked":"True Grit","floor":4},{"not_picked":["Wild Strike","Double Tap"],"picked":"Whirlwind","floor":8},{"not_picked":["Anger","Flex"],"picked":"Burning Pact","floor":11},{"not_picked":["Clash","Flex","Body Slam"],"picked":"SKIP","floor":13},{"not_picked":["Pommel Strike","Twin Strike"],"picked":"Shrug It Off","floor":14},{"not_picked":["Fiend Fire","Offering"],"picked":"Impervious","floor":16},{"not_picked":["Dropkick","Bloodletting","Anger"],"picked":"SKIP","floor":18},{"not_picked":["Pommel Strike","Clash"],"picked":"Spot Weakness","floor":20},{"not_picked":["Perfected Strike","Power Through"],"picked":"Flame Barrier","floor":23},{"not_picked":["Sword Boomerang","Sever Soul"],"picked":"Corruption","floor":25},{"not_picked":["Pummel","Evolve"],"picked":"Shrug It Off","floor":27},{"not_picked":["Clash","Perfected Strike","Thunderclap"],"picked":"SKIP","floor":31},{"not_picked":["Clash","Perfected Strike","Thunderclap"],"picked":"SKIP","floor":31},{"not_picked":["Immolate","Brutality"],"picked":"Demon Form","floor":33},{"not_picked":["Shrug It Off","Clothesline","Combust+1"],"picked":"SKIP","floor":35},{"not_picked":["Iron Wave","Pommel Strike","Whirlwind"],"picked":"SKIP","floor":36},{"not_picked":["Perfected Strike","Seeing Red+1","Flex"],"picked":"SKIP","floor":37},{"not_picked":["Sentinel","Intimidate"],"picked":"Evolve+1","floor":40},{"not_picked":["Thunderclap","Body Slam","Rage"],"picked":"Heavy Blade","floor":41},{"not_picked":["Sword Boomerang+1","Bludgeon","Burning Pact"],"picked":"Iron Wave+1","floor":42},{"not_picked":["Perfected Strike+1","Rupture","Clothesline","Twin Strike"],"picked":"SKIP","floor":44},{"not_picked":["Sword Boomerang","Double Tap","Hemokinesis+1","Metallicize"],"picked":"SKIP","floor":46},{"not_picked":["Body Slam+1","Havoc","Blood for Blood+1","Flex+1"],"picked":"SKIP","floor":48},{"not_picked":["Thunderclap+1","Sentinel","Twin Strike"],"picked":"Disarm","floor":54},{"not_picked":["Berserk","Sword Boomerang","Infernal Blade"],"picked":"Shockwave","floor":54},{"not_picked":["Searing Blow","Clash+1","Whirlwind"],"picked":"Burning Pact","floor":54},{"not_picked":["Sword Boomerang","Shrug It Off","Anger"],"picked":"Power Through","floor":54},{"not_picked":["Disarm+1","Body Slam+1","Shockwave"],"picked":"Impervious","floor":55}],"player_experience":806230,"relics_obtained":[{"floor":6,"key":"Calipers"},{"floor":8,"key":"Kunai"},{"floor":9,"key":"Self Forming Clay"},{"floor":13,"key":"Juzu Bracelet"},{"floor":23,"key":"Charon\u0027s Ashes"},{"floor":25,"key":"Omamori"},{"floor":26,"key":"Bird Faced Urn"},{"floor":40,"key":"Question Card"},{"floor":42,"key":"Nunchaku"},{"floor":43,"key":"Dodecahedron"},{"floor":46,"key":"Vajra"},{"floor":55,"key":"CloakClasp"}],"event_choices":[{"damage_healed":0,"gold_gain":0,"player_choice":"Rummage","damage_taken":0,"relics_obtained":["WarpedTongs"],"max_hp_gain":0,"max_hp_loss":0,"event_name":"Accursed Blacksmith","floor":2,"gold_loss":0,"cards_obtained":["Pain"]},{"damage_healed":0,"gold_gain":0,"player_choice":"Left Gold","damage_taken":0,"max_hp_gain":0,"max_hp_loss":0,"event_name":"World of Goop","floor":10,"gold_loss":43},{"damage_healed":0,"gold_gain":0,"player_choice":"Joined the Cult","damage_taken":6,"max_hp_gain":0,"max_hp_loss":0,"event_name":"Nest","floor":21,"gold_loss":0,"cards_obtained":["RitualDagger"]},{"damage_healed":0,"gold_gain":0,"player_choice":"Simplicity","damage_taken":0,"max_hp_gain":0,"max_hp_loss":0,"event_name":"Back to Basics","floor":22,"gold_loss":0,"cards_upgraded":["Strike_R","Strike_R","Strike_R","Strike_R","Defend_R","Defend_R","Defend_R","Defend_R"]},{"damage_healed":15,"gold_gain":0,"player_choice":"Writhe","damage_taken":0,"max_hp_gain":0,"max_hp_loss":0,"event_name":"Winding Halls","floor":38,"gold_loss":0,"cards_obtained":["Writhe"]},{"cards_removed":["Defend_R"],"damage_healed":0,"gold_gain":0,"player_choice":"Removed Skill","damage_taken":0,"max_hp_gain":0,"max_hp_loss":0,"event_name":"Falling","floor":39,"gold_loss":0},{"damage_healed":0,"gold_gain":0,"player_choice":"Fight","damage_taken":0,"max_hp_gain":0,"max_hp_loss":0,"event_name":"Mysterious Sphere","floor":42,"gold_loss":0},{"damage_healed":0,"gold_gain":0,"cards_transformed":["Strike_R"],"player_choice":"Transformed","damage_taken":0,"max_hp_gain":0,"max_hp_loss":0,"event_name":"Transmorgrifier","floor":45,"gold_loss":0,"cards_obtained":["Flame Barrier"]}],"is_beta":true,"boss_relics":[{"not_picked":["Sozu","SacredBark"],"picked":"SlaversCollar"},{"not_picked":["Runic Pyramid","Philosopher\u0027s Stone"],"picked":"Snecko Eye"}],"items_purged_floors":[5,19,54],"is_endless":false,"potions_floor_spawned":[4,8,11,13,18,23,31,40,41,44,48],"ascension_level":20}