{"gold_per_floor":[211,211,211,232,37,78,78,45,45,45,81,81,100,118,118,211,211,231,231,245,143,166,166,190,215,264,283,283,296,296,144,144,222,222,233,108,122,140,158,158,158,3,3,3,17,17,27,27,27,27],"floor_reached":51,"playtime":3739,"items_purged":["Strike_R","Normality","Strike_R"],"score":1096,"play_id":"9426b0b1-debe-4fb5-b785-d936d09b664b","local_time":"20190831003827","is_ascension_mode":true,"campfire_choices":[{"data":"Bash","floor":7,"key":"SMITH"},{"data":"Cleave","floor":10,"key":"SMITH"},{"data":"Iron Wave","floor":12,"key":"SMITH"},{"data":"Shrug It Off","floor":15,"key":"SMITH"},{"data":"Spot Weakness","floor":23,"key":"SMITH"},{"data":"Demon Form","floor":28,"key":"SMITH"},{"data":"Shrug It Off","floor":32,"key":"SMITH"},{"floor":40,"key":"REST"},{"floor":49,"key":"REST"}],"neow_cost":"NONE","seed_source_timestamp":119026838047600,"circlet_count":0,"master_deck":["AscendersBane","Strike_R","Strike_R","Strike_R","Defend_R","Defend_R","Defend_R","Defend_R","Bash+1","Cleave+1","Iron Wave+1","Clothesline+1","Disarm","Shrug It Off+1","Twin Strike+1","Disarm","Feed+1","Headbutt+1","Shrug It Off+1","Flex","Spot Weakness+1","Twin Strike+1","Demon Form+1","Sword Boomerang+1","Heavy Blade+1","Double Tap+1","True Grit+1","Headbutt+1","Disarm","Reaper+1","Parasite","Whirlwind+1","Decay"],"relics":["Burning Blood","Bloody Idol","Anchor","Molten Egg 2","Pantograph","Bag of Marbles","Cursed Key","Red Skull","Philosopher\u0027s Stone"],"potions_floor_usage":[6,16,16,39,50],"damage_taken":[{"damage":9,"enemies":"2 Louse","floor":1,"turns":3},{"damage":8,"enemies":"Small Slimes","floor":4,"turns":3},{"damage":27,"enemies":"Gremlin Nob","floor":6,"turns":4},{"damage":25,"enemies":"3 Sentries","floor":11,"turns":7},{"damage":0,"enemies":"Jaw Worm","floor":13,"turns":3},{"damage":1,"enemies":"Red Slaver","floor":14,"turns":3},{"damage":4,"enemies":"The Guardian","floor":16,"turns":12},{"damage":1,"enemies":"3 Byrds","floor":18,"turns":6},{"damage":7,"enemies":"2 Thieves","floor":20,"turns":3},{"damage":14,"enemies":"Chosen and Byrds","floor":22,"turns":7},{"damage":20,"enemies":"Snake Plant","floor":24,"turns":4},{"damage":7,"enemies":"Centurion and Healer","floor":25,"turns":7},{"damage":4,"enemies":"Chosen and Byrds","floor":27,"turns":5},{"damage":20,"enemies":"Shelled Parasite and Fungi","floor":29,"turns":4},{"damage":47,"enemies":"Champ","floor":33,"turns":10},{"damage":15,"enemies":"3 Darklings","floor":35,"turns":3},{"damage":23,"enemies":"3 Shapes","floor":37,"turns":7},{"damage":16,"enemies":"3 Darklings","floor":38,"turns":3},{"damage":24,"enemies":"Maw","floor":39,"turns":5},{"damage":82,"enemies":"Sphere and 2 Shapes","floor":45,"turns":6},{"damage":0,"enemies":"Writhing Mass","floor":47,"turns":3},{"damage":91,"enemies":"Awakened One","floor":50,"turns":8}],"seed_played":"6963114780970107233","potions_obtained":[{"floor":11,"key":"SneckoOil"},{"floor":13,"key":"SkillPotion"},{"floor":14,"key":"Fruit Juice"},{"floor":18,"key":"Poison Potion"},{"floor":20,"key":"AttackPotion"},{"floor":35,"key":"Strength Potion"},{"floor":47,"key":"Ancient Potion"}],"is_trial":false,"path_per_floor":["M","?","?","M","$","E","R","$","T","R","E","R","M","M","R","B",null,"M","?","M","$","M","R","M","M","T","M","R","M","?","$","R","B",null,"M","$","M","M","M","R","?","$","T","$","M","?","M","?","R","B",null],"character_chosen":"IRONCLAD","items_purchased":["FearPotion","Anchor","Disarm","Flex","Heavy Blade+1","Disarm","Reaper+1"],"campfire_rested":2,"item_purchase_floors":[5,5,8,21,31,42,42],"current_hp_per_floor":[69,74,74,72,72,51,51,51,51,51,32,32,38,43,43,75,82,88,88,91,91,83,83,73,76,76,82,82,72,72,72,72,65,100,96,96,88,83,74,110,110,110,110,110,41,41,52,52,86,58],"gold":27,"neow_bonus":"HUNDRED_GOLD","is_prod":false,"is_daily":false,"chose_seed":false,"campfire_upgraded":7,"win_rate":0,"timestamp":1567179507,"path_taken":["M","?","?","M","$","E","R","?","T","R","E","R","M","M","R","BOSS","M","?","M","?","M","R","M","M","T","M","R","M","?","$","R","BOSS","M","$","M","M","M","R","?","$","T","?","?","?","M","?","R","BOSS"],"build_version":"2019-07-17","purchased_purges":3,"victory":true,"max_hp_per_floor":[80,85,79,79,79,79,79,79,79,79,79,79,79,79,79,84,84,88,88,92,92,92,92,96,100,100,104,104,108,108,108,108,112,112,112,112,116,116,120,120,120,120,120,120,120,114,114,114,114,114],"card_choices":[{"not_picked":["Thunderclap","Bloodletting"],"picked":"Cleave","floor":1},{"not_picked":["Corruption","Seeing Red"],"picked":"Iron Wave","floor":4},{"not_picked":["Pommel Strike","Entrench"],"picked":"Clothesline","floor":6},{"not_picked":["Sentinel","Flex"],"picked":"Shrug It Off","floor":11},{"not_picked":["Corruption","Perfected Strike+1"],"picked":"Twin Strike+1","floor":13},{"not_picked":["Bloodletting","Perfected Strike+1"],"picked":"Disarm","floor":14},{"not_picked":["Demon Form","Offering"],"picked":"Feed+1","floor":16},{"not_picked":["Heavy Blade+1","Corruption"],"picked":"Headbutt+1","floor":18},{"not_picked":["Twin Strike+1","Body Slam+1"],"picked":"Shrug It Off","floor":20},{"not_picked":["Perfected Strike+1","Heavy Blade+1"],"picked":"Spot Weakness","floor":22},{"not_picked":["Thunderclap+1","Spot Weakness","Combust"],"picked":"SKIP","floor":24},{"not_picked":["Iron Wave+1","Searing Blow+1"],"picked":"Twin Strike+1","floor":25},{"not_picked":["Rupture","Sever Soul+1"],"picked":"Demon Form","floor":27},{"not_picked":["Clothesline+1","Heavy Blade+1"],"picked":"Sword Boomerang+1","floor":29},{"not_picked":["Exhume","Fiend Fire+1"],"picked":"Double Tap","floor":33},{"not_picked":["Rupture","Wild Strike+1"],"picked":"True Grit+1","floor":35},{"not_picked":["Clothesline+1","Warcry","Rage"],"picked":"SKIP","floor":37},{"not_picked":["Rampage+1","Shrug It Off","Iron Wave+1"],"picked":"SKIP","floor":38},{"not_picked":["Heavy Blade+1","Perfected Strike+1"],"picked":"Headbutt+1","floor":39},{"not_picked":["Evolve+1","Rampage+1","Sentinel"],"picked":"SKIP","floor":45},{"not_picked":["Body Slam+1","Wild Strike+1"],"picked":"Whirlwind+1","floor":47}],"player_experience":506415,"relics_obtained":[{"floor":6,"key":"Molten Egg 2"},{"floor":9,"key":"Pantograph"},{"floor":11,"key":"Bag of Marbles"},{"floor":26,"key":"Red Skull"}],"event_choices":[{"damage_healed":0,"gold_gain":0,"player_choice":"Donut","damage_taken":0,"max_hp_gain":5,"max_hp_loss":0,"event_name":"Big Fish","floor":2,"gold_loss":0},{"damage_healed":0,"gold_gain":0,"player_choice":"Lose Max HP","damage_taken":0,"relics_obtained":["Golden Idol"],"max_hp_gain":0,"max_hp_loss":6,"event_name":"Golden Idol","floor":3,"gold_loss":0},{"damage_healed":0,"gold_gain":0,"player_choice":"Bought 0 Potions","damage_taken":0,"max_hp_gain":0,"max_hp_loss":0,"event_name":"The Woman in Blue","floor":19,"gold_loss":0},{"damage_healed":0,"gold_gain":0,"player_choice":"Gave Idol","damage_taken":0,"relics_obtained":["Bloody Idol"],"max_hp_gain":0,"max_hp_loss":0,"event_name":"Forgotten Altar","floor":30,"relics_lost":["Golden Idol"],"gold_loss":0},{"damage_healed":0,"gold_gain":0,"player_choice":"Upgraded","damage_taken":0,"max_hp_gain":0,"max_hp_loss":0,"event_name":"Upgrade Shrine","floor":41,"gold_loss":0,"cards_upgraded":["Double Tap"]},{"damage_healed":0,"gold_gain":0,"player_choice":"Max HP","damage_taken":0,"max_hp_gain":0,"max_hp_loss":6,"event_name":"Winding Halls","floor":46,"gold_loss":0},{"damage_healed":0,"gold_gain":0,"player_choice":"Cursed","damage_taken":0,"max_hp_gain":0,"max_hp_loss":0,"event_name":"Wheel of Change","floor":48,"gold_loss":0,"cards_obtained":["Decay"]}],"is_beta":false,"boss_relics":[{"not_picked":["Astrolabe","Eternal Feather"],"picked":"Cursed Key"},{"not_picked":["Black Blood","Velvet Choker"],"picked":"Philosopher\u0027s Stone"}],"items_purged_floors":[21,31,36],"is_endless":false,"potions_floor_spawned":[11,13,14,18,20,22,35,37,47],"ascension_level":13}