{"gold_per_floor":[112,112,122,134,154,181,181,197,246,246],"floor_reached":10,"playtime":491,"items_purged":[],"score":140,"play_id":"305ea911-31bb-4717-9d69-7e72f0e01cd4","local_time":"20190920131411","is_ascension_mode":true,"campfire_choices":[{"floor":7,"key":"REST"}],"neow_cost":"NONE","seed_source_timestamp":360088435671175,"circlet_count":0,"master_deck":["AscendersBane","Strike_G+1","Strike_G","Strike_G","Strike_G+1","Strike_G","Defend_G","Defend_G","Defend_G","Defend_G","Defend_G","Survivor","Neutralize","Slice","Cloak And Dagger","Dagger Throw","Choke","Well Laid Plans"],"relics":["Ring of the Snake","Whetstone","Ninja Scroll","Juzu Bracelet"],"potions_floor_usage":[],"damage_taken":[{"damage":1,"enemies":"Small Slimes","floor":1,"turns":3},{"damage":0,"enemies":"Cultist","floor":3,"turns":4},{"damage":0,"enemies":"Jaw Worm","floor":4,"turns":3},{"damage":4,"enemies":"3 Louse","floor":5,"turns":4},{"damage":44,"enemies":"3 Sentries","floor":6,"turns":12},{"damage":0,"enemies":"Blue Slaver","floor":8,"turns":1},{"damage":52,"enemies":"Gremlin Nob","floor":10,"turns":4}],"seed_played":"4900588137522271376","potions_obtained":[{"floor":3,"key":"Regen Potion"},{"floor":6,"key":"Regen Potion"}],"is_trial":false,"path_per_floor":["M","?","M","M","M","E","R","M","T","E"],"character_chosen":"THE_SILENT","items_purchased":[],"campfire_rested":1,"item_purchase_floors":[],"current_hp_per_floor":[58,63,63,63,59,15,36,36,36,0],"gold":246,"neow_bonus":"RANDOM_COMMON_RELIC","is_prod":false,"is_daily":false,"chose_seed":false,"campfire_upgraded":0,"win_rate":0,"timestamp":1568963651,"path_taken":["M","?","M","M","M","E","R","M","T","E"],"build_version":"2019-07-17","purchased_purges":0,"victory":false,"max_hp_per_floor":[66,71,71,71,71,71,71,71,71,71],"card_choices":[{"not_picked":["Cloak And Dagger","Heel Hook"],"picked":"Slice","floor":1},{"not_picked":["Poisoned Stab","Skewer"],"picked":"Cloak And Dagger","floor":3},{"not_picked":["Deflect","Heel Hook"],"picked":"Dagger Throw","floor":4},{"not_picked":["Reflex","Poisoned Stab","Expertise"],"picked":"SKIP","floor":5},{"not_picked":["Bane","Expertise"],"picked":"Choke","floor":6},{"not_picked":["All Out Attack","Terror"],"picked":"Well Laid Plans","floor":8}],"player_experience":1741405,"relics_obtained":[{"floor":6,"key":"Ninja Scroll"},{"floor":9,"key":"Juzu Bracelet"}],"event_choices":[{"damage_healed":0,"gold_gain":0,"player_choice":"Donut","damage_taken":0,"max_hp_gain":5,"max_hp_loss":0,"event_name":"Big Fish","floor":2,"gold_loss":0}],"is_beta":false,"boss_relics":[],"items_purged_floors":[],"is_endless":false,"potions_floor_spawned":[3,6,8],"killed_by":"Gremlin Nob","ascension_level":20}