{"gold_per_floor":[117,192,192,204,214,214,226,242,265,284,300,334,334,364,364,462,462,472,571,585,500,517,517,0,0,70,70,97,109,143,161,161,259,259,270,196,208,308,40,74,74,85,108,441,459,459,478,496,496,496],"floor_reached":51,"playtime":5028,"items_purged":["Strike_G"],"score":861,"play_id":"1ded5a51-b2bd-4021-8b49-63c892235bca","local_time":"20190908194359","is_ascension_mode":false,"campfire_choices":[{"data":"Dagger Spray","floor":6,"key":"SMITH"},{"data":"Neutralize","floor":13,"key":"SMITH"},{"data":"Noxious Fumes","floor":15,"key":"SMITH"},{"data":"Wraith Form v2","floor":23,"key":"SMITH"},{"data":"Footwork","floor":25,"key":"SMITH"},{"data":"Noxious Fumes","floor":27,"key":"SMITH"},{"data":"Adrenaline","floor":32,"key":"SMITH"},{"data":"Noxious Fumes","floor":41,"key":"SMITH"},{"data":"Deadly Poison","floor":49,"key":"SMITH"}],"neow_cost":"NONE","seed_source_timestamp":134269261617799,"circlet_count":0,"master_deck":["Defend_G","Defend_G","Defend_G","Defend_G","Defend_G+1","Survivor","Neutralize+1","Dagger Spray+1","Flying Knee","Dodge and Roll+1","PiercingWail","Adrenaline+1","Noxious Fumes+1","Escape Plan","Noxious Fumes+1","Wraith Form v2+1","Escape Plan+1","Flechettes+1","Infinite Blades+1","Acrobatics","Deadly Poison+1","Footwork+1","The Bomb+1","Backstab+1","PiercingWail+1","PiercingWail+1","Doppelganger+1","Escape Plan+1","Prepared+1","Poisoned Stab+1","Noxious Fumes+1","Escape Plan+1","Escape Plan+1","Blur+1"],"relics":["Ring of the Snake","Vajra","Blood Vial","Bag of Marbles","Astrolabe","Ancient Tea Set","Toxic Egg 2","Molten Egg 2","Bottled Flame","Orichalcum","Busted Crown","FossilizedHelix","Bag of Preparation","Mummified Hand","War Paint","Old Coin"],"potions_floor_usage":[12,14,33,50,50],"damage_taken":[{"damage":0,"enemies":"2 Louse","floor":1,"turns":3},{"damage":1,"enemies":"Cultist","floor":4,"turns":4},{"damage":0,"enemies":"Small Slimes","floor":5,"turns":3},{"damage":0,"enemies":"3 Louse","floor":7,"turns":1},{"damage":1,"enemies":"2 Fungi Beasts","floor":8,"turns":3},{"damage":3,"enemies":"Gremlin Gang","floor":10,"turns":3},{"damage":0,"enemies":"3 Louse","floor":11,"turns":1},{"damage":12,"enemies":"Lagavulin","floor":12,"turns":7},{"damage":17,"enemies":"Gremlin Nob","floor":14,"turns":4},{"damage":11,"enemies":"Hexaghost","floor":16,"turns":9},{"damage":11,"enemies":"3 Byrds","floor":18,"turns":5},{"damage":3,"enemies":"Shell Parasite","floor":20,"turns":5},{"damage":7,"enemies":"Snake Plant","floor":22,"turns":5},{"damage":13,"enemies":"Slavers","floor":28,"turns":5},{"damage":4,"enemies":"Centurion and Healer","floor":29,"turns":5},{"damage":0,"enemies":"Gremlin Leader","floor":30,"turns":6},{"damage":13,"enemies":"Shelled Parasite and Fungi","floor":31,"turns":7},{"damage":13,"enemies":"Automaton","floor":33,"turns":8},{"damage":0,"enemies":"3 Shapes","floor":35,"turns":3},{"damage":2,"enemies":"Orb Walker","floor":37,"turns":4},{"damage":0,"enemies":"Mind Bloom Boss Battle","floor":38,"turns":5},{"damage":9,"enemies":"Reptomancer","floor":40,"turns":6},{"damage":0,"enemies":"Transient","floor":42,"turns":5},{"damage":0,"enemies":"Giant Head","floor":44,"turns":8},{"damage":0,"enemies":"3 Darklings","floor":45,"turns":3},{"damage":0,"enemies":"4 Shapes","floor":47,"turns":4},{"damage":0,"enemies":"Sphere and 2 Shapes","floor":48,"turns":5},{"damage":0,"enemies":"Donu and Deca","floor":50,"turns":9}],"seed_played":"-7086061514888711260","potions_obtained":[{"floor":4,"key":"Energy Potion"},{"floor":7,"key":"Swift Potion"},{"floor":10,"key":"Dexterity Potion"},{"floor":14,"key":"GamblersBrew"},{"floor":18,"key":"SpeedPotion"},{"floor":22,"key":"Poison Potion"},{"floor":38,"key":"Poison Potion"},{"floor":40,"key":"PowerPotion"}],"is_trial":false,"path_per_floor":["M","?","?","M","M","R","M","M","T","M","M","E","R","E","R","B",null,"M","?","M","?","M","R","$","R","T","R","E","M","E","M","R","B",null,"M","$","M","?","$","E","R","M","T","E","M","?","M","M","R","B",null],"character_chosen":"THE_SILENT","items_purchased":["Toxic Egg 2","The Bomb+1","Escape Plan+1","Bag of Preparation","Poisoned Stab+1","Noxious Fumes"],"campfire_rested":0,"item_purchase_floors":[24,24,36,39,39,39],"current_hp_per_floor":[77,66,66,65,65,65,65,64,64,61,61,49,49,34,34,25,77,66,66,65,65,60,60,60,60,60,60,49,47,49,38,38,27,77,77,77,75,77,77,68,68,70,70,72,74,74,76,77,77,77],"gold":496,"neow_bonus":"TEN_PERCENT_HP_BONUS","is_prod":false,"is_daily":false,"chose_seed":false,"campfire_upgraded":9,"win_rate":0.0,"timestamp":1567939439,"path_taken":["M","?","?","M","M","R","M","M","T","M","?","E","R","E","R","BOSS","M","?","M","?","M","R","$","R","T","R","E","M","E","M","R","BOSS","M","$","M","?","$","E","R","M","T","E","M","?","M","?","R","BOSS"],"build_version":"2019-08-26","purchased_purges":1,"victory":true,"max_hp_per_floor":[77,77,77,77,77,77,77,77,77,77,77,77,77,77,77,77,77,77,77,77,77,77,77,77,77,77,77,77,77,77,77,77,77,77,77,77,77,77,77,77,77,77,77,77,77,77,77,77,77,77],"card_choices":[{"not_picked":["Poisoned Stab","Deadly Poison"],"picked":"Dagger Spray","floor":1},{"not_picked":["Riddle With Holes","Blade Dance"],"picked":"Flying Knee","floor":4},{"not_picked":["Prepared","Calculated Gamble"],"picked":"Dodge and Roll","floor":5},{"not_picked":["Terror","All Out Attack"],"picked":"PiercingWail","floor":7},{"not_picked":["Slice","Masterful Stab"],"picked":"Adrenaline","floor":8},{"not_picked":["Prepared","Dagger Spray","Flying Knee"],"picked":"SKIP","floor":10},{"not_picked":["Dagger Spray","PiercingWail"],"picked":"Noxious Fumes","floor":11},{"not_picked":["Tactician","Predator"],"picked":"Escape Plan","floor":12},{"not_picked":["Blur","Prepared"],"picked":"Noxious Fumes","floor":14},{"not_picked":["Envenom","Burst"],"picked":"Wraith Form v2","floor":16},{"not_picked":["Tactician","Riddle With Holes"],"picked":"Acrobatics","floor":18},{"not_picked":["Poisoned Stab","Dagger Throw"],"picked":"Deadly Poison","floor":20},{"not_picked":["Deadly Poison","Dodge and Roll"],"picked":"Footwork","floor":22},{"not_picked":["Tools of the Trade","Deadly Poison+1","Quick Slash+1"],"picked":"SKIP","floor":28},{"not_picked":["Caltrops","PiercingWail+1"],"picked":"Backstab+1","floor":29},{"not_picked":["Heel Hook+1","Dagger Throw+1"],"picked":"PiercingWail+1","floor":30},{"not_picked":["Prepared+1","Deflect+1"],"picked":"PiercingWail+1","floor":31},{"not_picked":["Tools of the Trade","Die Die Die+1"],"picked":"Doppelganger+1","floor":33},{"not_picked":["Quick Slash+1"],"picked":"SKIP","floor":35},{"not_picked":["Eviscerate+1"],"picked":"SKIP","floor":37},{"not_picked":[],"picked":"Prepared+1","floor":38},{"not_picked":[],"picked":"Escape Plan+1","floor":40},{"not_picked":[],"picked":"Escape Plan+1","floor":42},{"not_picked":["Flying Knee+1"],"picked":"SKIP","floor":44},{"not_picked":["Flying Knee+1"],"picked":"SKIP","floor":45},{"not_picked":[],"picked":"Blur+1","floor":47},{"not_picked":["Reflex+1"],"picked":"SKIP","floor":48}],"player_experience":3407,"relics_obtained":[{"floor":9,"key":"Vajra"},{"floor":12,"key":"Blood Vial"},{"floor":14,"key":"Bag of Marbles"},{"floor":26,"key":"Molten Egg 2"},{"floor":28,"key":"Bottled Flame"},{"floor":30,"key":"Orichalcum"},{"floor":38,"key":"FossilizedHelix"},{"floor":40,"key":"Mummified Hand"},{"floor":43,"key":"War Paint"},{"floor":44,"key":"Old Coin"}],"event_choices":[{"damage_healed":0,"gold_gain":75,"player_choice":"Gather Gold","damage_taken":11,"max_hp_gain":0,"max_hp_loss":0,"event_name":"World of Goop","floor":2,"gold_loss":0},{"cards_removed":["Strike_G"],"damage_healed":0,"gold_gain":0,"player_choice":"Purged","damage_taken":0,"max_hp_gain":0,"max_hp_loss":0,"event_name":"Purifier","floor":3,"gold_loss":0},{"damage_healed":0,"gold_gain":99,"player_choice":"Stole From Cult","damage_taken":0,"max_hp_gain":0,"max_hp_loss":0,"event_name":"Nest","floor":19,"gold_loss":0},{"damage_healed":0,"gold_gain":0,"player_choice":"Obtained Relic","damage_taken":0,"relics_obtained":["Ancient Tea Set"],"max_hp_gain":0,"max_hp_loss":0,"event_name":"Addict","floor":21,"gold_loss":85},{"damage_healed":0,"gold_gain":0,"player_choice":"Fight","damage_taken":0,"max_hp_gain":0,"max_hp_loss":0,"event_name":"MindBloom","floor":38,"gold_loss":0},{"damage_healed":0,"gold_gain":0,"player_choice":"Ignored","damage_taken":0,"max_hp_gain":0,"max_hp_loss":0,"event_name":"Purifier","floor":46,"gold_loss":0}],"is_beta":true,"boss_relics":[{"not_picked":["Eternal Feather","WristBlade"],"picked":"Astrolabe"},{"not_picked":["Runic Dome","Orrery"],"picked":"Busted Crown"}],"items_purged_floors":[24],"is_endless":false,"potions_floor_spawned":[4,7,10,14,18,22,28,38,40,42],"ascension_level":0}