{"path_per_floor":["M","$","?","M","T","R","?","M","T","T","M","?","M","M","R","B",null,"M","$","?","?","?","E","M","?","T"],"character_chosen":"DEFECT","items_purchased":["Ice Cream","Capacitor"],"gold_per_floor":[112,112,112,124,124,124,124,140,191,218,234,234,251,270,270,370,370,387,23,23,23,23,55,74,0,0,0],"floor_reached":27,"campfire_rested":1,"playtime":1266,"current_hp_per_floor":[67,67,53,52,52,52,52,52,52,52,54,54,40,36,68,42,68,63,63,63,63,47,9,3,3,3,0],"items_purged":[],"gold":0,"score":221,"play_id":"dc390716-beb0-4cde-9ced-89f71bc2462a","local_time":"20180430210219","is_prod":false,"is_daily":false,"chose_seed":false,"is_ascension_mode":false,"campfire_upgraded":1,"timestamp":1525147339,"path_taken":["M","$","?","M","?","R","?","M","T","?","M","?","M","M","R","BOSS","M","$","?","?","?","E","M","?","T","?"],"build_version":"2018-04-27v3","seed_source_timestamp":168660773890752,"purchased_purges":0,"victory":false,"master_deck":["Strike_B","Strike_B","Strike_B+1","Strike_B","Defend_B","Defend_B","Defend_B","Defend_B","Zap+1","Dualcast+1","Fusion+1","Leap","Cold Snap","Injury","Coolheaded","Ball Lightning+1","Genetic Algorithm","Echo Form","White Noise","Capacitor","Tempest","Necronomicurse","Sweeping Beam","Go for the Eyes","Doubt"],"max_hp_per_floor":[68,68,68,68,68,68,68,68,68,68,68,68,68,68,68,68,68,68,68,68,68,68,68,68,68,68,68],"relics":["Cracked Core","Mercury Hourglass","Regal Pillow","Blood Vial","Cursed Key","Ice Cream","Necronomicon","Letter Opener","Smiling Mask"],"card_choices":[{"not_picked":["Prime","All For One"],"picked":"Fusion","floor":0},{"not_picked":["Axe Kick","Barrage"],"picked":"Leap","floor":1},{"not_picked":["Stack","Skim"],"picked":"Cold Snap","floor":4},{"not_picked":["Impulse","Force Field"],"picked":"Coolheaded","floor":8},{"not_picked":["Reprogram","Chaos"],"picked":"Ball Lightning","floor":11},{"not_picked":["Gash","Streamline"],"picked":"Genetic Algorithm","floor":14},{"not_picked":["All For One","Amplify"],"picked":"Echo Form","floor":16},{"not_picked":["Coolheaded","Streamline"],"picked":"White Noise","floor":18},{"not_picked":["Storm","Barrage"],"picked":"Sweeping Beam","floor":23},{"not_picked":["Stack","Rebound"],"picked":"Go for the Eyes","floor":24}],"player_experience":487585,"potions_floor_usage":[14,16],"damage_taken":[{"damage":1,"enemies":"Cultist","floor":1,"turns":3},{"damage":1,"enemies":"2 Louse","floor":4,"turns":3},{"damage":0,"enemies":"Jaw Worm","floor":8,"turns":2},{"damage":0,"enemies":"3 Louse","floor":11,"turns":2},{"damage":16,"enemies":"Gremlin Gang","floor":13,"turns":3},{"damage":12,"enemies":"Exordium Thugs","floor":14,"turns":3},{"damage":26,"enemies":"Slime Boss","floor":16,"turns":11},{"damage":5,"enemies":"Spheric Guardian","floor":18,"turns":5},{"damage":40,"enemies":"Gremlin Leader","floor":23,"turns":8},{"damage":8,"enemies":"2 Thieves","floor":24,"turns":3},{"damage":13,"enemies":"3 Cultists","floor":27,"turns":3}],"event_choices":[{"event_name":"Shining Light","player_choice":"Entered Light","floor":3,"damage_taken":0},{"event_name":"Accursed Blacksmith","player_choice":"Forge","floor":7,"damage_taken":0},{"event_name":"Upgrade Shrine","player_choice":"Upgraded","floor":12,"damage_taken":0},{"event_name":"The Library","player_choice":"Read","floor":20,"damage_taken":0},{"event_name":"Addict","player_choice":"Ignored","floor":21,"damage_taken":0},{"event_name":"Cursed Tome","player_choice":"Obtained Book","floor":22,"damage_taken":0},{"event_name":"Masked Bandits","player_choice":"Paid Bandits 74 gold","floor":25,"damage_taken":0}],"boss_relics":[{"not_picked":["Runic Dome","Ectoplasm"],"picked":"Cursed Key"}],"potions_floor_spawned":[11,13,24],"seed_played":"-8262898984407912424","killed_by":"3 Cultists","ascension_level":0,"is_trial":false}