{"gold_per_floor":[111,123,123,123,48,78,153,173,200,200],"floor_reached":10,"playtime":218,"items_purged":["Strike_R"],"score":132,"play_id":"2ba291cc-b81c-493d-af78-92a14900d15a","local_time":"20190928160118","is_ascension_mode":true,"campfire_choices":[],"neow_cost":"TEN_PERCENT_HP_LOSS","seed_source_timestamp":1007462789588800,"circlet_count":0,"master_deck":["AscendersBane","Strike_R","Strike_R","Strike_R","Strike_R","Defend_R","Defend_R","Defend_R+1","Defend_R+1","Bash","Immolate","Flame Barrier","Metallicize","Metallicize"],"relics":["Burning Blood","Ancient Tea Set","Lantern"],"potions_floor_usage":[6],"damage_taken":[{"damage":4,"enemies":"Small Slimes","floor":1,"turns":2},{"damage":7,"enemies":"Jaw Worm","floor":2,"turns":3},{"damage":35,"enemies":"Lagavulin","floor":6,"turns":9},{"damage":0,"enemies":"2 Louse","floor":8,"turns":2},{"damage":14,"enemies":"Large Slime","floor":10,"turns":6}],"seed_played":"8585335939361173338","potions_obtained":[{"floor":2,"key":"Weak Potion"},{"floor":8,"key":"ElixirPotion"}],"is_trial":false,"path_per_floor":["M","M","?","?","$","E","?","M","T","M"],"character_chosen":"IRONCLAD","items_purchased":[],"campfire_rested":0,"item_purchase_floors":[],"current_hp_per_floor":[68,67,47,47,47,18,7,13,13,0],"gold":200,"neow_bonus":"THREE_RARE_CARDS","is_prod":false,"is_daily":false,"chose_seed":false,"campfire_upgraded":0,"win_rate":0,"timestamp":1569711678,"path_taken":["M","M","?","?","?","E","?","M","T","M"],"build_version":"2019-09-27","purchased_purges":1,"victory":false,"max_hp_per_floor":[68,68,68,68,68,68,68,68,68,68],"card_choices":[{"not_picked":["Dark Embrace","Double Tap"],"picked":"Immolate","floor":0},{"not_picked":["Body Slam","Fire Breathing"],"picked":"Flame Barrier","floor":1},{"not_picked":["Dual Wield","Intimidate"],"picked":"Metallicize","floor":2},{"not_picked":["Cleave","Whirlwind","Heavy Blade"],"picked":"SKIP","floor":6},{"not_picked":["Warcry","Heavy Blade"],"picked":"Metallicize","floor":8}],"player_experience":1103031,"relics_obtained":[{"floor":6,"key":"Ancient Tea Set"},{"floor":9,"key":"Lantern"}],"event_choices":[{"damage_healed":0,"gold_gain":0,"player_choice":"Entered Light","damage_taken":20,"max_hp_gain":0,"max_hp_loss":0,"event_name":"Shining Light","floor":3,"gold_loss":0,"cards_upgraded":["Defend_R","Defend_R"]},{"damage_healed":0,"gold_gain":0,"player_choice":"Ignored","damage_taken":0,"max_hp_gain":0,"max_hp_loss":0,"event_name":"Liars Game","floor":4,"gold_loss":0},{"damage_healed":0,"gold_gain":75,"player_choice":"Gather Gold","damage_taken":11,"max_hp_gain":0,"max_hp_loss":0,"event_name":"World of Goop","floor":7,"gold_loss":0}],"is_beta":true,"boss_relics":[],"items_purged_floors":[5],"is_endless":false,"potions_floor_spawned":[2,8],"killed_by":"Large Slime","ascension_level":20}