{"gold_per_floor":[129,159,181,207,144,156,202,31,31,31,61,79,79,108,108,108],"floor_reached":16,"playtime":909,"items_purged":["Strike_G"],"score":234,"play_id":"cfbcb078-079b-4e11-a54b-81f7ce2a7b15","local_time":"20190716170926","is_ascension_mode":true,"campfire_choices":[{"data":"Dash","floor":6.0,"key":"SMITH"},{"floor":13.0,"key":"REST"},{"data":"Leg Sweep","floor":15,"key":"SMITH"}],"neow_cost":"NONE","seed_source_timestamp":9182861452976932,"circlet_count":0,"master_deck":["AscendersBane","Strike_G","Strike_G","Strike_G","Strike_G","Defend_G","Defend_G","Defend_G","Defend_G","Survivor","Neutralize","Leg Sweep+1","Dagger Spray","Dash+1","Skewer","Bandage Up"],"special_seed":0,"relics":["Ring of the Snake","MawBank","Vajra","Anchor","Singing Bowl","Kunai"],"potions_floor_usage":[14],"damage_taken":[{"damage":0.0,"enemies":"Small Slimes","floor":1.0,"turns":4.0},{"damage":13.0,"enemies":"Jaw Worm","floor":2.0,"turns":7.0},{"damage":2.0,"enemies":"Cultist","floor":3.0,"turns":5.0},{"damage":4.0,"enemies":"Large Slime","floor":4.0,"turns":8.0},{"damage":37.0,"enemies":"Gremlin Nob","floor":7.0,"turns":5.0},{"damage":11.0,"enemies":"3 Sentries","floor":11.0,"turns":9.0},{"damage":0.0,"enemies":"2 Fungi Beasts","floor":12.0,"turns":4.0},{"damage":28,"enemies":"Lagavulin","floor":14,"turns":9},{"damage":30,"enemies":"Hexaghost","floor":16,"turns":9}],"seed_played":"4529882770995463114","potions_obtained":[{"floor":2.0,"key":"GamblersBrew"},{"floor":4.0,"key":"GamblersBrew"},{"floor":7.0,"key":"GhostInAJar"},{"floor":11.0,"key":"Weak Potion"}],"is_trial":false,"path_per_floor":["M","M","M","M","?","R","E","$","T","?","E","M","R","E","R","B"],"character_chosen":"THE_SILENT","items_purchased":["Bandage Up"],"campfire_rested":1,"item_purchase_floors":[8],"current_hp_per_floor":[59,46,44,40,40,40,3,3,3,25,20,26,47,25,25,0],"gold":108,"neow_bonus":"RANDOM_COMMON_RELIC","is_prod":false,"is_daily":false,"chose_seed":false,"campfire_upgraded":2,"win_rate":0,"timestamp":1563275366,"path_taken":["M","M","M","M","?","R","E","$","T","?","E","M","R","E","R","BOSS"],"build_version":"2019-07-05","purchased_purges":1,"victory":false,"max_hp_per_floor":[66,66,66,66,66,66,66,66,66,66,68,70,70,72,72,72],"card_choices":[{"not_picked":["Dagger Throw","Prepared"],"picked":"Leg Sweep","floor":1.0},{"not_picked":["Dodge and Roll","Eviscerate"],"picked":"Dagger Spray","floor":2.0},{"not_picked":["Eviscerate","Acrobatics","Reflex"],"picked":"SKIP","floor":3.0},{"not_picked":["PiercingWail","Bouncing Flask"],"picked":"Dash","floor":4.0},{"not_picked":["Slice","Catalyst"],"picked":"Skewer","floor":7.0},{"not_picked":["Bane","Underhanded Strike","Calculated Gamble"],"picked":"Singing Bowl","floor":11.0},{"not_picked":["Underhanded Strike","Poisoned Stab","Deadly Poison"],"picked":"Singing Bowl","floor":12.0},{"not_picked":["Deadly Poison","Bullet Time","Underhanded Strike"],"picked":"Singing Bowl","floor":14}],"player_experience":1546758,"relics_obtained":[{"floor":7.0,"key":"Vajra"},{"floor":9.0,"key":"Anchor"},{"floor":11.0,"key":"Singing Bowl"},{"floor":14,"key":"Kunai"}],"event_choices":[{"cards_removed":["Defend_G"],"damage_healed":0.0,"max_hp_gain":0.0,"max_hp_loss":0.0,"gold_gain":0.0,"event_name":"The Cleric","player_choice":"Card Removal","floor":5.0,"gold_loss":75.0,"damage_taken":0.0},{"damage_healed":22.0,"max_hp_gain":0.0,"max_hp_loss":0.0,"gold_gain":0.0,"event_name":"Big Fish","player_choice":"Banana","floor":10.0,"gold_loss":0.0,"damage_taken":0.0}],"is_beta":false,"boss_relics":[],"items_purged_floors":[8],"is_endless":false,"potions_floor_spawned":[2,4,7,11],"killed_by":"Hexaghost","ascension_level":19}