{"gold_per_floor":[366,378,328,328,328,328,347,372,372,11,11,86,86,8,8,131,131,147,170,85,128,148,148,184,196,208,220,256,268,296,12,12,138,138,157,84,104,32,157,157,196,44,69,135,12,28,28,28,28,28],"floor_reached":51,"playtime":5288,"items_purged":["Injury","Defend_P"],"score":679,"play_id":"e7ce715b-fa49-4340-ba7f-a1dfc030f564","local_time":"20190915001809","is_ascension_mode":false,"campfire_choices":[{"data":"FlurryOfBlows","floor":11,"key":"SMITH"},{"floor":13,"key":"REST"},{"data":"Evaluate","floor":15,"key":"SMITH"},{"floor":23,"key":"REST"},{"floor":25,"key":"REST"},{"floor":27,"key":"REST"},{"data":"EmptyMind","floor":29,"key":"SMITH"},{"data":"Eruption","floor":32,"key":"SMITH"},{"data":"FlowState","floor":40,"key":"SMITH"},{"floor":47,"key":"REST"},{"floor":49,"key":"REST"}],"neow_cost":"TEN_PERCENT_HP_LOSS","seed_source_timestamp":92140817299200,"circlet_count":0,"master_deck":["Strike_P","Strike_P","Defend_P","Defend_P","Defend_P","Eruption+1","Vigilance","SandsOfTime","Weave","FlurryOfBlows+1","EmptyFist","Evaluate+1","FearNoEvil","Halt+1","ClearTheMind","EmptyMind+1","WaveOfTheHand+1","DevaForm+1","FlowState+1","MentalFortress+1","StepAndStrike","FlurryOfBlows","MentalFortress+1","MasterReality+1","MentalFortress+1","EmptyMind","Crescendo"],"relics":["PureWater","Golden Idol","Gambling Chip","Toy Ornithopter","TungstenRod","SlaversCollar","StoneCalendar","Red Mask","MawBank","Frozen Egg 2","ClockworkSouvenir","VioletLotus","Pocketwatch","Mercury Hourglass","DollysMirror","Blood Vial","Turnip"],"potions_floor_usage":[24,41,41,44,50],"damage_taken":[{"damage":1,"enemies":"Jaw Worm","floor":1,"turns":3},{"damage":0,"enemies":"2 Louse","floor":2,"turns":3},{"damage":0,"enemies":"Cultist","floor":7,"turns":2},{"damage":0,"enemies":"2 Fungi Beasts","floor":8,"turns":3},{"damage":32,"enemies":"Slime Boss","floor":16,"turns":12},{"damage":3,"enemies":"2 Thieves","floor":18,"turns":3},{"damage":10,"enemies":"Shell Parasite","floor":19,"turns":5},{"damage":19,"enemies":"Masked Bandits","floor":21,"turns":5},{"damage":19,"enemies":"Snake Plant","floor":22,"turns":5},{"damage":8,"enemies":"Book of Stabbing","floor":24,"turns":4},{"damage":0,"enemies":"Sentry and Sphere","floor":28,"turns":3},{"damage":0,"enemies":"Centurion and Healer","floor":30,"turns":6},{"damage":16,"enemies":"Champ","floor":33,"turns":10},{"damage":0,"enemies":"3 Darklings","floor":35,"turns":7},{"damage":0,"enemies":"3 Shapes","floor":37,"turns":4},{"damage":0,"enemies":"Mind Bloom Boss Battle","floor":39,"turns":3},{"damage":30,"enemies":"Reptomancer","floor":41,"turns":8},{"damage":35,"enemies":"2 Orb Walkers","floor":44,"turns":7},{"damage":0,"enemies":"Jaw Worm Horde","floor":46,"turns":4},{"damage":45,"enemies":"Awakened One","floor":50,"turns":16}],"seed_played":"-4472837450802616377","potions_obtained":[{"floor":16,"key":"Strength Potion"},{"floor":28,"key":"Poison Potion"},{"floor":30,"key":"Regen Potion"},{"floor":37,"key":"Block Potion"},{"floor":41,"key":"Ancient Potion"}],"is_trial":false,"path_per_floor":["M","M","?","?","?","T","M","M","T","$","R","?","R","$","R","B",null,"M","M","?","?","M","R","E","R","T","R","M","R","M","$","R","B",null,"M","$","M","$","?","R","E","$","T","?","$","M","R","?","R","B",null],"character_chosen":"WATCHER","items_purchased":["TungstenRod","Evaluate","DevaForm+1","ClockworkSouvenir","MentalFortress+1","FlurryOfBlows","DollysMirror","EmptyMind"],"campfire_rested":6,"item_purchase_floors":[10,14,31,31,36,38,42,45],"current_hp_per_floor":[58,58,58,51,51,51,51,51,51,51,51,41,58,58,58,26,59,56,46,46,27,8,25,22,39,39,56,56,56,56,56,56,40,59,59,59,59,59,59,59,29,29,29,16,16,18,35,35,52,14],"gold":28,"neow_bonus":"TWO_FIFTY_GOLD","is_prod":false,"is_daily":false,"chose_seed":false,"campfire_upgraded":5,"win_rate":0,"timestamp":1568531889,"path_taken":["M","M","?","?","?","?","?","M","T","$","R","?","R","?","R","BOSS","M","M","?","?","?","R","E","R","T","R","M","R","M","?","R","BOSS","M","$","?","$","?","R","E","$","T","?","?","M","R","?","R","BOSS"],"build_version":"2019-09-12","purchased_purges":2,"victory":true,"max_hp_per_floor":[59,59,59,59,59,59,59,59,59,59,59,59,59,59,59,59,59,59,59,59,59,59,59,59,59,59,59,59,59,59,59,59,59,59,59,59,59,59,59,59,59,59,59,59,59,59,59,59,59,59],"card_choices":[{"not_picked":["FollowUp","EmptyBody"],"picked":"SandsOfTime","floor":1},{"not_picked":["Meditate","FlyingSleeves"],"picked":"Weave","floor":2},{"not_picked":["FlyingSleeves","Conclude"],"picked":"FlurryOfBlows","floor":7},{"not_picked":["FlyingSleeves","Weave"],"picked":"EmptyFist","floor":8},{"not_picked":["Prostrate+1","FollowUp"],"picked":"FearNoEvil","floor":18},{"not_picked":["FollowUp","BowlingBash+1"],"picked":"Crescendo","floor":19},{"not_picked":["Protect","Sanctity"],"picked":"Halt+1","floor":21},{"not_picked":["ThirdEye+1","CarveReality"],"picked":"ClearTheMind","floor":22},{"not_picked":["Unraveling","CleanseEvil"],"picked":"EmptyMind","floor":24},{"not_picked":["CleanseEvil","Sanctity+1","Prostrate+1"],"picked":"SKIP","floor":28},{"not_picked":["JustLucky+1","Worship"],"picked":"WaveOfTheHand+1","floor":30},{"not_picked":["Blasphemy","Brilliance"],"picked":"FlowState","floor":33},{"not_picked":["Weave","BowlingBash+1","Crescendo"],"picked":"SKIP","floor":35},{"not_picked":["Adaptation+1","Halt"],"picked":"StepAndStrike","floor":37},{"not_picked":["Evaluate","ThirdEye+1"],"picked":"MentalFortress+1","floor":39},{"not_picked":["Conclude+1","JustLucky"],"picked":"MasterReality+1","floor":41},{"not_picked":["EmptyFist+1","Collect"],"picked":"Crescendo","floor":46}],"player_experience":696552,"relics_obtained":[{"floor":6,"key":"Gambling Chip"},{"floor":9,"key":"Toy Ornithopter"},{"floor":21,"key":"Red Mask"},{"floor":24,"key":"MawBank"},{"floor":26,"key":"Frozen Egg 2"},{"floor":39,"key":"Pocketwatch"},{"floor":41,"key":"Mercury Hourglass"},{"floor":43,"key":"Blood Vial"},{"floor":44,"key":"Turnip"}],"event_choices":[{"cards_removed":["Strike_P"],"damage_healed":0,"gold_gain":0,"player_choice":"Card Removal","damage_taken":0,"max_hp_gain":0,"max_hp_loss":0,"event_name":"The Cleric","floor":3,"gold_loss":50},{"cards_removed":["Strike_P"],"damage_healed":0,"gold_gain":0,"player_choice":"Card Removal","damage_taken":7,"max_hp_gain":0,"max_hp_loss":0,"event_name":"Golden Wing","floor":4,"gold_loss":0},{"damage_healed":0,"gold_gain":0,"player_choice":"Take Wound","damage_taken":0,"relics_obtained":["Golden Idol"],"max_hp_gain":0,"max_hp_loss":0,"event_name":"Golden Idol","floor":5,"gold_loss":0,"cards_obtained":["Injury"]},{"damage_healed":0,"gold_gain":75,"player_choice":"Gather Gold","damage_taken":11,"max_hp_gain":0,"max_hp_loss":0,"event_name":"World of Goop","floor":12,"gold_loss":0},{"damage_healed":0,"gold_gain":0,"player_choice":"Obtained Relic","damage_taken":0,"relics_obtained":["StoneCalendar"],"max_hp_gain":0,"max_hp_loss":0,"event_name":"Addict","floor":20,"gold_loss":85},{"damage_healed":0,"gold_gain":0,"player_choice":"Fought Bandits","damage_taken":0,"max_hp_gain":0,"max_hp_loss":0,"event_name":"Masked Bandits","floor":21,"gold_loss":0},{"damage_healed":0,"gold_gain":0,"player_choice":"Fight","damage_taken":0,"max_hp_gain":0,"max_hp_loss":0,"event_name":"MindBloom","floor":39,"gold_loss":0},{"damage_healed":0,"gold_gain":0,"player_choice":"Fight","damage_taken":0,"max_hp_gain":0,"max_hp_loss":0,"event_name":"Mysterious Sphere","floor":44,"gold_loss":0},{"cards_removed":["Crescendo"],"damage_healed":0,"gold_gain":0,"player_choice":"Removed Skill","damage_taken":0,"max_hp_gain":0,"max_hp_loss":0,"event_name":"Falling","floor":48,"gold_loss":0}],"is_beta":true,"boss_relics":[{"not_picked":["SacredBark","Snecko Eye"],"picked":"SlaversCollar"},{"not_picked":["Black Star","Pandora\u0027s Box"],"picked":"VioletLotus"}],"items_purged_floors":[10,45],"is_endless":false,"potions_floor_spawned":[16,28,30,37,39,41],"ascension_level":0}