{"gold_per_floor":[114,189,204,219,219,249,249,279,304,364,379,379,19,34,34,134,134,149,164,179,19,34,34,64,79,79,19,34,34,34,49,49,49],"floor_reached":33,"playtime":2395,"items_purged":["Normality"],"score":289,"play_id":"d7174d43-6e35-4aa5-81f6-1b10db238df0","local_time":"20190710214709","daily_mods":["Chimera","Blue Cards","DeadlyEvents"],"is_ascension_mode":false,"campfire_choices":[{"data":"1","floor":12,"key":"LIFT"},{"data":"2","floor":15,"key":"LIFT"},{"floor":23,"key":"DIG"},{"floor":29,"key":"DIG"},{"floor":32,"key":"REST"}],"neow_cost":"","seed_source_timestamp":0,"circlet_count":0,"master_deck":["Bash","Survivor","Zap","Strike_R","Strike_G","Strike_B","Defend_R","Defend_G","Defend_B","Intimidate","Shrug It Off","Beam Cell","Infernal Blade","White Noise","Rip and Tear","Thunderclap","Dropkick","Shame","Normality","Conserve Battery+1","Reckless Charge","Ball Lightning"],"special_seed":18088,"relics":["Burning Blood","Girya","Matryoshka","The Courier","Bag of Marbles","Blood Vial","Tiny Chest","Vajra","Red Skull","Orichalcum","Calling Bell","Lantern","Paper Frog","Shovel","HandDrill","Bag of Preparation","Centennial Puzzle","PreservedInsect","Bottled Lightning","Bronze Scales"],"potions_floor_usage":[8,16,19,20,25,33],"damage_taken":[{"damage":4,"enemies":"Jaw Worm","floor":1,"turns":6},{"damage":0,"enemies":"Cultist","floor":3,"turns":4},{"damage":0,"enemies":"Small Slimes","floor":4,"turns":3},{"damage":32,"enemies":"Lagavulin","floor":6,"turns":8},{"damage":24,"enemies":"3 Sentries","floor":8,"turns":10},{"damage":15,"enemies":"Gremlin Nob","floor":10,"turns":4},{"damage":5,"enemies":"Blue Slaver","floor":11,"turns":2},{"damage":0,"enemies":"Red Slaver","floor":14,"turns":2},{"damage":1,"enemies":"Slime Boss","floor":16,"turns":5},{"damage":0,"enemies":"3 Byrds","floor":18,"turns":5},{"damage":2,"enemies":"2 Thieves","floor":19,"turns":2},{"damage":25,"enemies":"Shelled Parasite and Fungi","floor":20,"turns":7},{"damage":19,"enemies":"Snecko","floor":22,"turns":6},{"damage":44,"enemies":"Slavers","floor":24,"turns":3},{"damage":6,"enemies":"3 Cultists","floor":25,"turns":3},{"damage":0,"enemies":"Cultist and Chosen","floor":28,"turns":3},{"damage":8,"enemies":"Snake Plant","floor":31,"turns":2},{"damage":68,"enemies":"Automaton","floor":33,"turns":6}],"seed_played":"5538255350721722411","potions_obtained":[{"floor":4,"key":"SpeedPotion"},{"floor":10,"key":"Block Potion"},{"floor":11,"key":"SkillPotion"},{"floor":18,"key":"SkillPotion"},{"floor":24,"key":"Regen Potion"},{"floor":28,"key":"Ancient Potion"}],"is_trial":false,"path_per_floor":["M","?","M","M","?","E","T","E","T","E","M","R","$","M","R","B",null,"M","M","M","$","M","R","E","M","T","$","M","R","$","M","R","B"],"character_chosen":"IRONCLAD","items_purchased":["Vajra","Red Skull","Orichalcum","HandDrill"],"campfire_rested":1,"item_purchase_floors":[13,13,13,21],"current_hp_per_floor":[80,72,78,80,80,54,54,36,36,29,32,32,32,40,40,47,80,80,80,61,61,50,50,14,25,25,25,33,33,33,33,57,0],"gold":49,"neow_bonus":"","is_prod":false,"is_daily":true,"chose_seed":false,"campfire_upgraded":0,"win_rate":0,"timestamp":1562809629,"path_taken":["M","?","?","M","?","E","?","E","T","?","M","R","$","?","R","BOSS","M","M","M","$","M","R","E","M","T","$","M","R","$","M","R","BOSS"],"build_version":"2019-07-05","purchased_purges":1,"victory":false,"max_hp_per_floor":[80,80,80,80,80,80,80,80,80,80,80,80,80,80,80,80,80,80,80,80,80,80,80,80,80,80,80,80,80,80,80,80,80],"card_choices":[{"not_picked":["Wild Strike","Defragment"],"picked":"Intimidate","floor":1},{"not_picked":["Undo","Loop"],"picked":"Shrug It Off","floor":3},{"not_picked":["Stack","Flex"],"picked":"Beam Cell","floor":4},{"not_picked":["Undo","Cleave"],"picked":"Infernal Blade","floor":6},{"not_picked":["Steam","Streamline"],"picked":"White Noise","floor":8},{"not_picked":["Streamline","Carnage"],"picked":"Rip and Tear","floor":10},{"not_picked":["Clothesline","Lockon"],"picked":"Thunderclap","floor":11},{"not_picked":["Body Slam","Warcry"],"picked":"Dropkick","floor":14},{"not_picked":["Sweeping Beam","Steam Power","Cold Snap"],"picked":"SKIP","floor":18},{"not_picked":["Redo","Rebound","Hologram"],"picked":"SKIP","floor":19},{"not_picked":["Flex+1","Armaments"],"picked":"Conserve Battery+1","floor":20},{"not_picked":["Redo","Twin Strike","Storm"],"picked":"SKIP","floor":22},{"not_picked":["Reprogram","Flex"],"picked":"Reckless Charge","floor":24},{"not_picked":["Leap","Coolheaded","Clothesline"],"picked":"SKIP","floor":25},{"not_picked":["Tempest","Rainbow"],"picked":"Ball Lightning","floor":28},{"not_picked":["Streamline","Havoc","Entrench"],"picked":"SKIP","floor":31}],"player_experience":152357,"relics_obtained":[{"floor":6,"key":"Girya"},{"floor":7,"key":"Matryoshka"},{"floor":8,"key":"The Courier"},{"floor":9,"key":"Bag of Marbles"},{"floor":9,"key":"Blood Vial"},{"floor":10,"key":"Tiny Chest"},{"floor":17,"key":"Lantern"},{"floor":17,"key":"Paper Frog"},{"floor":17,"key":"Shovel"},{"floor":23,"key":"Bag of Preparation"},{"floor":24,"key":"Centennial Puzzle"},{"floor":26,"key":"PreservedInsect"},{"floor":26,"key":"Bottled Lightning"},{"floor":29,"key":"Bronze Scales"}],"event_choices":[{"damage_healed":0,"gold_gain":75,"player_choice":"Touch","damage_taken":8,"max_hp_gain":0,"max_hp_loss":0,"event_name":"FaceTrader","floor":2,"gold_loss":0},{"damage_healed":0,"gold_gain":0,"player_choice":"Ignored","damage_taken":0,"max_hp_gain":0,"max_hp_loss":0,"event_name":"Golden Wing","floor":5,"gold_loss":0}],"is_beta":false,"boss_relics":[{"not_picked":["Pandora\u0027s Box","Runic Cube"],"picked":"Calling Bell"}],"items_purged_floors":[27],"is_endless":false,"potions_floor_spawned":[4,10,11,18,24,28],"killed_by":"Automaton","ascension_level":0}