{"gold_per_floor":[119,119,71,21,40,68,68,68,94,112,128,158,158,177,177,177],"floor_reached":16,"playtime":774,"items_purged":[],"score":149,"play_id":"d047b86a-a42e-4c1f-87af-2ef41f9d7f29","local_time":"20190921032439","is_ascension_mode":true,"campfire_choices":[{"data":"Eruption","floor":7,"key":"SMITH"},{"floor":13,"key":"REST"},{"data":"Worship","floor":15,"key":"SMITH"}],"neow_cost":"NONE","seed_source_timestamp":49126966846900,"circlet_count":0,"master_deck":["Strike_P+1","Strike_P","Strike_P","Defend_P","Defend_P","Defend_P+1","Eruption+1","Vigilance","Crescendo","Halt","Crescendo","Worship+1","Worship","FearNoEvil","StepAndStrike","Worship"],"relics":["PureWater","NeowsBlessing","PreservedInsect","Ancient Tea Set","Juzu Bracelet"],"potions_floor_usage":[12,16],"damage_taken":[{"damage":0,"enemies":"Small Slimes","floor":1,"turns":1},{"damage":0,"enemies":"2 Louse","floor":5,"turns":1},{"damage":0,"enemies":"Lagavulin","floor":6,"turns":2},{"damage":7,"enemies":"Jaw Worm","floor":10,"turns":3},{"damage":8,"enemies":"Looter","floor":11,"turns":2},{"damage":1,"enemies":"3 Sentries","floor":12,"turns":5},{"damage":0,"enemies":"3 Louse","floor":14,"turns":2},{"damage":48,"enemies":"Hexaghost","floor":16,"turns":9}],"seed_played":"-5544998297117998492","potions_obtained":[{"floor":6,"key":"SteroidPotion"},{"floor":10,"key":"FearPotion"}],"is_trial":false,"path_per_floor":["M","?","$","?","M","E","R","?","T","M","M","E","R","M","R","B"],"character_chosen":"WATCHER","items_purchased":["Halt"],"campfire_rested":1,"item_purchase_floors":[3],"current_hp_per_floor":[65,58,58,58,58,58,58,45,45,38,30,29,48,48,48,0],"gold":177,"neow_bonus":"THREE_ENEMY_KILL","is_prod":false,"is_daily":false,"chose_seed":false,"campfire_upgraded":2,"win_rate":0,"timestamp":1569061479,"path_taken":["M","?","$","?","M","E","R","?","T","M","?","E","R","M","R","BOSS"],"build_version":"2019-09-20","purchased_purges":0,"victory":false,"max_hp_per_floor":[65,65,65,65,65,65,65,65,65,65,65,65,65,65,65,65],"card_choices":[{"not_picked":["ThirdEye","SashWhip"],"picked":"Crescendo","floor":1},{"not_picked":["ThirdEye","JustLucky"],"picked":"Crescendo","floor":5},{"not_picked":["Prostrate","Brilliance"],"picked":"Worship","floor":6},{"not_picked":["JustLucky","Crescendo"],"picked":"Worship","floor":10},{"not_picked":["ClearTheMind","Weave"],"picked":"FearNoEvil","floor":11},{"not_picked":["InnerPeace","Sanctity"],"picked":"StepAndStrike","floor":12},{"not_picked":["Sanctity","ThirdEye"],"picked":"Worship","floor":14}],"player_experience":739022,"relics_obtained":[{"floor":6,"key":"PreservedInsect"},{"floor":9,"key":"Ancient Tea Set"},{"floor":12,"key":"Juzu Bracelet"}],"event_choices":[{"cards_removed":["Defend_P"],"damage_healed":0,"gold_gain":0,"player_choice":"Card Removal","damage_taken":7,"max_hp_gain":0,"max_hp_loss":0,"event_name":"Golden Wing","floor":2,"gold_loss":0},{"cards_removed":["Strike_P"],"damage_healed":0,"gold_gain":0,"player_choice":"Card Removal","damage_taken":0,"max_hp_gain":0,"max_hp_loss":0,"event_name":"The Cleric","floor":4,"gold_loss":50},{"damage_healed":0,"gold_gain":0,"player_choice":"Entered Light","damage_taken":13,"max_hp_gain":0,"max_hp_loss":0,"event_name":"Shining Light","floor":8,"gold_loss":0,"cards_upgraded":["Strike_P","Defend_P"]}],"is_beta":true,"boss_relics":[],"items_purged_floors":[],"is_endless":false,"potions_floor_spawned":[6,10],"killed_by":"Hexaghost","ascension_level":2}