{"gold_per_floor":[109,123,123,29,39,39,39,39,39,78,78,151,151,63,63,152,152,166,190,215,215,37,81,94,94,94,94,118,118],"floor_reached":29,"playtime":1914,"items_purged":[],"score":502,"play_id":"755e943a-ccee-4fc7-a422-32643384c308","local_time":"20190816153147","is_ascension_mode":true,"campfire_choices":[{"data":"Footwork","floor":6.0,"key":"SMITH"},{"floor":8.0,"key":"REST"},{"floor":13.0,"key":"REST"},{"data":"After Image","floor":15.0,"key":"SMITH"},{"floor":25.0,"key":"REST"}],"neow_cost":"NONE","seed_source_timestamp":1392579761639594,"circlet_count":0,"master_deck":["AscendersBane","Strike_G","Strike_G","Strike_G","Strike_G","Defend_G","Defend_G+1","Defend_G","Defend_G","Defend_G","Survivor","Neutralize","Deadly Poison+1","Dagger Throw","Footwork+1","Poisoned Stab","Dagger Throw","After Image+1","Choke","Backflip","Noxious Fumes","Night Terror","Prepared","Bouncing Flask","Flechettes","Bullet Time","PiercingWail","PiercingWail+1","Backflip+1","PiercingWail"],"special_seed":0,"relics":["Ring of the Snake","Golden Idol","Boot","Dead Branch","Tiny Chest","Runic Pyramid","Bottled Lightning","Bottled Flame"],"potions_floor_usage":[],"damage_taken":[{"damage":12.0,"enemies":"Jaw Worm","floor":1.0,"turns":7.0},{"damage":1.0,"enemies":"Small Slimes","floor":2.0,"turns":4.0},{"damage":4.0,"enemies":"Cultist","floor":5.0,"turns":4.0},{"damage":30.0,"enemies":"3 Sentries","floor":10.0,"turns":10.0},{"damage":3.0,"enemies":"Gremlin Nob","floor":12.0,"turns":4.0},{"damage":25.0,"enemies":"Slime Boss","floor":16.0,"turns":11.0},{"damage":11.0,"enemies":"Spheric Guardian","floor":18.0,"turns":9.0},{"damage":5.0,"enemies":"Chosen","floor":19.0,"turns":6.0},{"damage":7.0,"enemies":"Snecko","floor":20.0,"turns":5.0},{"damage":18.0,"enemies":"Slavers","floor":23.0,"turns":6.0},{"damage":2.0,"enemies":"Snake Plant","floor":24.0,"turns":4.0},{"damage":3.0,"enemies":"Centurion and Healer","floor":28.0,"turns":8.0},{"damage":42,"enemies":"Gremlin Leader","floor":29,"turns":6}],"seed_played":"-4811376585651358725","potions_obtained":[{"floor":2.0,"key":"GhostInAJar"},{"floor":5.0,"key":"Ancient Potion"},{"floor":18.0,"key":"LiquidBronze"},{"floor":24.0,"key":"Ancient Potion"}],"is_trial":false,"path_per_floor":["M","M","?","$","M","R","?","R","T","E","?","E","R","$","R","B",null,"M","M","M","?","$","E","M","R","T","?","M","E"],"character_chosen":"THE_SILENT","items_purchased":["Footwork","Poisoned Stab","Noxious Fumes","Bullet Time","PiercingWail"],"campfire_rested":3,"item_purchase_floors":[4,4,14,22,22],"current_hp_per_floor":[53,52,30,30,26,26,26,45,45,15,15,12,31,31,31,6,50,39,34,27,27,27,9,7,26,26,31,28,0],"gold":118,"neow_bonus":"TEN_PERCENT_HP_BONUS","is_prod":false,"is_daily":false,"chose_seed":false,"campfire_upgraded":2,"win_rate":0,"timestamp":1565947907,"path_taken":["M","M","?","$","M","R","?","R","T","E","?","E","R","$","R","BOSS","M","?","M","?","$","E","M","R","T","?","?","E"],"build_version":"2019-07-17","purchased_purges":0,"victory":false,"max_hp_per_floor":[72,72,72,72,72,72,65,65,65,65,65,65,65,65,65,65,65,65,65,65,65,65,65,65,65,65,65,65,65],"card_choices":[{"not_picked":["Outmaneuver","Dodge and Roll"],"picked":"Deadly Poison","floor":1.0},{"not_picked":["Deflect","Deadly Poison"],"picked":"Dagger Throw","floor":2.0},{"not_picked":["Deflect","Finisher"],"picked":"Dagger Throw","floor":5.0},{"not_picked":["Deflect","Flechettes"],"picked":"After Image","floor":10.0},{"not_picked":["Dagger Throw","Distraction"],"picked":"Backflip","floor":12.0},{"not_picked":["Unload","Doppelganger"],"picked":"Night Terror","floor":16.0},{"not_picked":["Dagger Spray","Finisher+1"],"picked":"Prepared","floor":18.0},{"not_picked":["Backflip","Endless Agony"],"picked":"Bouncing Flask","floor":19.0},{"not_picked":["Underhanded Strike","Blade Dance+1"],"picked":"Flechettes","floor":20.0},{"not_picked":["Backstab","Cloak And Dagger"],"picked":"PiercingWail+1","floor":23.0},{"not_picked":["Deflect","A Thousand Cuts"],"picked":"Backflip+1","floor":24.0},{"not_picked":["Flying Knee+1","Quick Slash"],"picked":"PiercingWail","floor":28.0}],"player_experience":1649025,"relics_obtained":[{"floor":9.0,"key":"Boot"},{"floor":10.0,"key":"Dead Branch"},{"floor":12.0,"key":"Tiny Chest"},{"floor":23.0,"key":"Bottled Lightning"},{"floor":26.0,"key":"Bottled Flame"}],"event_choices":[{"damage_healed":0.0,"max_hp_gain":0.0,"max_hp_loss":0.0,"gold_gain":0.0,"event_name":"Shining Light","player_choice":"Entered Light","floor":3.0,"gold_loss":0.0,"damage_taken":22.0,"cards_upgraded":["Defend_G","Deadly Poison"]},{"damage_healed":0.0,"max_hp_gain":0.0,"max_hp_loss":7.0,"gold_gain":0.0,"event_name":"Golden Idol","player_choice":"Lose Max HP","floor":7.0,"gold_loss":0.0,"damage_taken":0.0,"relics_obtained":["Golden Idol"]},{"damage_healed":0.0,"max_hp_gain":0.0,"max_hp_loss":0.0,"gold_gain":0.0,"cards_transformed":["Strike_G"],"event_name":"Transmorgrifier","player_choice":"Transformed","floor":11.0,"gold_loss":0.0,"damage_taken":0.0,"cards_obtained":["Choke"]},{"damage_healed":0.0,"max_hp_gain":0.0,"max_hp_loss":0.0,"gold_gain":0.0,"event_name":"Drug Dealer","player_choice":"Obtain J.A.X.","floor":21.0,"gold_loss":0.0,"damage_taken":0.0,"cards_obtained":["J.A.X."]},{"cards_removed":["J.A.X."],"damage_healed":5.0,"max_hp_gain":0.0,"max_hp_loss":0.0,"gold_gain":0.0,"event_name":"Bonfire Elementals","player_choice":"Offered Special","floor":27.0,"gold_loss":0.0,"damage_taken":0.0}],"is_beta":false,"boss_relics":[{"not_picked":["Sozu","White Beast Statue"],"picked":"Runic Pyramid"}],"items_purged_floors":[],"is_endless":false,"potions_floor_spawned":[2,5,18,24],"killed_by":"Gremlin Leader","ascension_level":20}