{"gold_per_floor":[114,129,129,129,129,148,148,186,186,186,224,224,243,281,281,406,406,425,425,350,350,350,350,53,91,91,129,15,90,158,177,177,302,302,321,340,415,434,434,472,472,510,560,560,94,132,151,189,189,189],"floor_reached":51,"playtime":3619,"items_purged":["Clash","Defend_R","Bite"],"score":1010,"play_id":"f543d393-0f1b-4780-8fa2-c5af95f7bb51","local_time":"20190924142840","daily_mods":["Heirloom","Time Dilation","Elite Swarm"],"is_ascension_mode":false,"campfire_choices":[{"data":"Armaments","floor":7,"key":"SMITH"},{"data":"Berserk","floor":10,"key":"SMITH"},{"data":"Feed","floor":12,"key":"SMITH"},{"data":"Metallicize","floor":15,"key":"SMITH"},{"data":"Limit Break","floor":23,"key":"SMITH"},{"data":"Offering","floor":32,"key":"SMITH"},{"data":"Brutality","floor":41,"key":"SMITH"},{"data":"Demon Form","floor":49,"key":"SMITH"}],"neow_cost":"","seed_source_timestamp":0,"circlet_count":0,"master_deck":["Defend_R","Defend_R","Defend_R","Bash","Metallicize+1","Armaments+1","Berserk+1","Feed+1","Limit Break+1","CurseOfTheBell","Reckless Charge+1","Spot Weakness","Bite","Bite","Bite","Bite","Shrug It Off","Feed","Offering+1","Swift Strike+1","Twin Strike","Reaper","Brutality+1","Warcry+1","Pummel+1","Madness","Madness","Impervious","Offering","PanicButton+1","Impervious+1","Sword Boomerang+1","Demon Form+1"],"special_seed":18163,"relics":["Burning Blood","Ice Cream","Golden Idol","Potion Belt","Pear","Shuriken","Bronze Scales","Calling Bell","Blood Vial","CloakClasp","White Beast Statue","Brimstone","Eternal Feather","Sundial","Red Skull","Matryoshka","Tiny Chest","Runic Cube","Nunchaku","CaptainsWheel","Toxic Egg 2","Whetstone","Self Forming Clay","Pantograph","Ginger"],"potions_floor_usage":[18,18,22,27,27,27,30,33,38,40,42,42,46,46,47,48,50,50,50],"damage_taken":[{"damage":5,"enemies":"2 Louse","floor":1,"turns":3},{"damage":0,"enemies":"Small Slimes","floor":2,"turns":2},{"damage":0,"enemies":"Jaw Worm","floor":6,"turns":4},{"damage":17,"enemies":"Gremlin Nob","floor":8,"turns":5},{"damage":14,"enemies":"3 Sentries","floor":11,"turns":9},{"damage":2,"enemies":"Looter","floor":13,"turns":4},{"damage":0,"enemies":"Gremlin Nob","floor":14,"turns":3},{"damage":2,"enemies":"The Guardian","floor":16,"turns":11},{"damage":17,"enemies":"2 Thieves","floor":18,"turns":4},{"damage":24,"enemies":"Gremlin Leader","floor":25,"turns":4},{"damage":55,"enemies":"Slavers","floor":27,"turns":5},{"damage":22,"enemies":"Book of Stabbing","floor":30,"turns":3},{"damage":11,"enemies":"3 Byrds","floor":31,"turns":4},{"damage":40,"enemies":"Champ","floor":33,"turns":5},{"damage":39,"enemies":"3 Darklings","floor":35,"turns":3},{"damage":8,"enemies":"3 Shapes","floor":36,"turns":3},{"damage":43,"enemies":"Sphere and 2 Shapes","floor":38,"turns":4},{"damage":20,"enemies":"Giant Head","floor":40,"turns":6},{"damage":28,"enemies":"Reptomancer","floor":42,"turns":6},{"damage":15,"enemies":"Giant Head","floor":46,"turns":4},{"damage":24,"enemies":"Writhing Mass","floor":47,"turns":4},{"damage":22,"enemies":"Nemesis","floor":48,"turns":5},{"damage":47,"enemies":"Donu and Deca","floor":50,"turns":4}],"seed_played":"-2996959922615673638","potions_obtained":[{"floor":6,"key":"Ancient Potion"},{"floor":8,"key":"Fruit Juice"},{"floor":14,"key":"AttackPotion"},{"floor":16,"key":"Dexterity Potion"},{"floor":18,"key":"BloodPotion"},{"floor":25,"key":"Weak Potion"},{"floor":27,"key":"SteroidPotion"},{"floor":30,"key":"Dexterity Potion"},{"floor":31,"key":"FearPotion"},{"floor":33,"key":"Weak Potion"},{"floor":35,"key":"Dexterity Potion"},{"floor":36,"key":"LiquidBronze"},{"floor":38,"key":"Block Potion"},{"floor":40,"key":"Regen Potion"},{"floor":42,"key":"GamblersBrew"},{"floor":44,"key":"AttackPotion"},{"floor":44,"key":"AttackPotion"},{"floor":44,"key":"Ancient Potion"},{"floor":46,"key":"Explosive Potion"},{"floor":47,"key":"AttackPotion"},{"floor":48,"key":"BloodPotion"}],"is_trial":false,"path_per_floor":["M","M","?","$","?","M","R","E","T","R","E","R","M","E","R","B",null,"M","?","$","?","?","R","$","E","T","E","$","T","E","M","R","B",null,"M","M","?","M","?","E","R","E","T","?","$","E","M","E","R","B",null],"character_chosen":"IRONCLAD","items_purchased":["Brimstone","Shrug It Off","Swift Strike","Twin Strike","Self Forming Clay","PanicButton+1"],"campfire_rested":0,"item_purchase_floors":[24,24,28,28,45,45],"current_hp_per_floor":[80,80,80,80,60,66,66,55,65,65,57,57,65,71,71,79,98,91,91,91,91,76,76,76,66,66,47,47,47,42,55,67,92,92,92,96,87,103,90,101,107,110,110,110,110,114,99,119,121,125],"gold":189,"neow_bonus":"","is_prod":false,"is_daily":true,"chose_seed":false,"campfire_upgraded":8,"win_rate":0,"timestamp":1569360520,"path_taken":["M","M","?","$","?","M","R","E","T","R","E","R","M","E","R","BOSS","M","?","$","?","?","R","?","E","T","E","?","?","E","?","R","BOSS","M","?","?","?","?","E","R","E","T","?","$","E","M","E","R","BOSS"],"build_version":"2019-09-24","purchased_purges":3,"victory":true,"max_hp_per_floor":[80,80,80,80,80,80,80,80,90,90,90,90,94,94,94,98,98,102,102,102,102,76,76,76,76,76,80,80,80,84,88,88,92,92,92,96,96,103,103,107,107,110,110,110,110,114,117,121,121,125],"card_choices":[{"not_picked":["Armaments","Pommel Strike"],"picked":"Clash","floor":1},{"not_picked":["Pommel Strike","Heavy Blade"],"picked":"Metallicize","floor":2},{"not_picked":["Warcry","Carnage"],"picked":"Armaments","floor":6},{"not_picked":["Juggernaut","Barricade"],"picked":"Berserk","floor":8},{"not_picked":["Dark Embrace","Fiend Fire"],"picked":"Feed","floor":11},{"not_picked":["Evolve","Carnage","Searing Blow"],"picked":"SKIP","floor":13},{"not_picked":["Exhume","Bludgeon","Dark Embrace"],"picked":"SKIP","floor":14},{"not_picked":["Feed","Exhume"],"picked":"Limit Break","floor":16},{"not_picked":["Heavy Blade","Clothesline"],"picked":"Reckless Charge","floor":18},{"not_picked":["Double Tap","Exhume"],"picked":"Feed","floor":25},{"not_picked":["Barricade","Brutality"],"picked":"Offering","floor":27},{"not_picked":["Immolate","Feed"],"picked":"Reaper","floor":30},{"not_picked":["Burning Pact","Clothesline+1","Armaments"],"picked":"SKIP","floor":31},{"not_picked":["Immolate","Offering"],"picked":"Brutality","floor":33},{"not_picked":["Heavy Blade","Headbutt+1","Searing Blow+1"],"picked":"SKIP","floor":35},{"not_picked":["Cleave+1","Armaments+1"],"picked":"Warcry+1","floor":36},{"not_picked":["Sword Boomerang+1","Intimidate"],"picked":"Pummel+1","floor":38},{"not_picked":["Demon Form","Exhume"],"picked":"Impervious","floor":40},{"not_picked":["Dark Embrace","Feed"],"picked":"Offering","floor":42},{"not_picked":["Fiend Fire","Juggernaut"],"picked":"Impervious+1","floor":46},{"not_picked":["Twin Strike","Rage+1"],"picked":"Sword Boomerang+1","floor":47},{"not_picked":["Dark Embrace","Berserk"],"picked":"Demon Form","floor":48}],"player_experience":766681,"relics_obtained":[{"floor":8,"key":"Potion Belt"},{"floor":9,"key":"Pear"},{"floor":11,"key":"Shuriken"},{"floor":14,"key":"Bronze Scales"},{"floor":17,"key":"Blood Vial"},{"floor":17,"key":"CloakClasp"},{"floor":17,"key":"White Beast Statue"},{"floor":25,"key":"Eternal Feather"},{"floor":26,"key":"Sundial"},{"floor":27,"key":"Red Skull"},{"floor":29,"key":"Matryoshka"},{"floor":30,"key":"Tiny Chest"},{"floor":40,"key":"Nunchaku"},{"floor":42,"key":"CaptainsWheel"},{"floor":43,"key":"Toxic Egg 2"},{"floor":43,"key":"Whetstone"},{"floor":46,"key":"Pantograph"},{"floor":48,"key":"Ginger"}],"event_choices":[{"cards_removed":["Strike_R"],"damage_healed":0,"gold_gain":0,"player_choice":"Forget","damage_taken":0,"max_hp_gain":0,"max_hp_loss":0,"event_name":"Living Wall","floor":3,"gold_loss":0},{"damage_healed":0,"gold_gain":0,"player_choice":"Take Damage","damage_taken":20,"relics_obtained":["Golden Idol"],"max_hp_gain":0,"max_hp_loss":0,"event_name":"Golden Idol","floor":5,"gold_loss":0},{"damage_healed":0,"gold_gain":0,"player_choice":"Read","damage_taken":0,"max_hp_gain":0,"max_hp_loss":0,"event_name":"The Library","floor":19,"gold_loss":0,"cards_obtained":["Spot Weakness"]},{"damage_healed":0,"gold_gain":0,"player_choice":"Ignored","damage_taken":0,"max_hp_gain":0,"max_hp_loss":0,"event_name":"Ghosts","floor":21,"gold_loss":0},{"damage_healed":0,"gold_gain":0,"player_choice":"Became a vampire","damage_taken":0,"max_hp_gain":0,"max_hp_loss":31,"event_name":"Vampires","floor":22,"gold_loss":0,"cards_obtained":["Bite","Bite","Bite","Bite","Bite"]},{"damage_healed":0,"gold_gain":75,"player_choice":"Touch","damage_taken":9,"max_hp_gain":0,"max_hp_loss":0,"event_name":"FaceTrader","floor":37,"gold_loss":0},{"damage_healed":0,"gold_gain":0,"player_choice":"Embrace Madness","damage_taken":13,"max_hp_gain":0,"max_hp_loss":0,"event_name":"Winding Halls","floor":39,"gold_loss":0,"cards_obtained":["Madness","Madness"]},{"damage_healed":0,"gold_gain":0,"player_choice":"Got Potions","damage_taken":0,"max_hp_gain":0,"max_hp_loss":0,"event_name":"Lab","floor":44,"gold_loss":0}],"is_beta":true,"boss_relics":[{"not_picked":["Coffee Dripper","Runic Pyramid"],"picked":"Calling Bell"},{"not_picked":["Snecko Eye","Black Star"],"picked":"Runic Cube"}],"items_purged_floors":[20,24,45],"is_endless":false,"potions_floor_spawned":[6,8,14,16,18,25,27,30,31,33,35,36,38,40,42,46,47,48],"ascension_level":0}