{"gold_per_floor":[114,129,144,159,174,204,204,132,157,172,187,217,217,247,247,347,347,362,362,377,392,407,407,437,452,452,482,482,2,17,32,32,132,132,147,162,177,192,192,222,222,237,287,314,6,21,36,36,36,36],"floor_reached":51,"playtime":2725,"items_purged":[],"score":849,"play_id":"5c00607b-35ef-453d-9fcb-fec14e9a8a62","local_time":"20190713211758","daily_mods":["Specialized","Vintage","Binary"],"is_ascension_mode":false,"campfire_choices":[{"data":"Redo","floor":7,"key":"SMITH"},{"data":"1","floor":15,"key":"LIFT"},{"data":"2","floor":23,"key":"LIFT"},{"data":"3","floor":28,"key":"LIFT"},{"floor":32,"key":"REST"},{"data":"Dualcast","floor":41,"key":"SMITH"},{"floor":49,"key":"REST"}],"neow_cost":"","seed_source_timestamp":0,"circlet_count":0,"master_deck":["Strike_B","Strike_B+1","Strike_B+1","Defend_B+1","Defend_B+1","Defend_B","Zap","Dualcast+1","Static Discharge","Static Discharge","Static Discharge","Static Discharge","Static Discharge","Redo+1","Self Repair+1","Stack","Buffer+1","Core Surge","Capacitor+1","FTL","Electrodynamics+1","Chill+1","Beam Cell"],"special_seed":18091,"relics":["Cracked Core","Centennial Puzzle","FossilizedHelix","Pen Nib","Symbiotic Virus","Frozen Egg 2","PreservedInsect","Smiling Mask","Question Card","The Courier","Girya","Happy Flower","Nuclear Battery","Regal Pillow","Kunai","Blue Candle","Ancient Tea Set","Orichalcum","Matryoshka","Art of War","Unceasing Top","DataDisk","Whetstone","Strange Spoon","Ornamental Fan","Boot","Bronze Scales","Empty Cage","Oddly Smooth Stone","Anchor","Dream Catcher","Cables","Omamori","Bag of Preparation","War Paint","MawBank","Strawberry","Membership Card","Letter Opener","Lantern","Gremlin Horn","Pear"],"potions_floor_usage":[6,12,16,22,33,50,50,50],"damage_taken":[{"damage":5,"enemies":"Cultist","floor":1,"turns":3},{"damage":5,"enemies":"Small Slimes","floor":2,"turns":3},{"damage":0,"enemies":"Jaw Worm","floor":3,"turns":3},{"damage":10,"enemies":"Gremlin Gang","floor":4,"turns":3},{"damage":6,"enemies":"Exordium Wildlife","floor":5,"turns":3},{"damage":5,"enemies":"Gremlin Nob","floor":6,"turns":4},{"damage":0,"enemies":"Looter","floor":10,"turns":3},{"damage":8,"enemies":"Red Slaver","floor":11,"turns":3},{"damage":0,"enemies":"Lagavulin","floor":12,"turns":5},{"damage":12,"enemies":"3 Sentries","floor":14,"turns":4},{"damage":33,"enemies":"Hexaghost","floor":16,"turns":9},{"damage":0,"enemies":"Spheric Guardian","floor":18,"turns":4},{"damage":0,"enemies":"Chosen","floor":20,"turns":5},{"damage":0,"enemies":"Snecko","floor":21,"turns":5},{"damage":12,"enemies":"Centurion and Healer","floor":22,"turns":7},{"damage":24,"enemies":"Slavers","floor":24,"turns":5},{"damage":4,"enemies":"Cultist and Chosen","floor":25,"turns":5},{"damage":22,"enemies":"Book of Stabbing","floor":27,"turns":4},{"damage":6,"enemies":"Shelled Parasite and Fungi","floor":30,"turns":4},{"damage":17,"enemies":"Centurion and Healer","floor":31,"turns":3},{"damage":19,"enemies":"Champ","floor":33,"turns":11},{"damage":0,"enemies":"Orb Walker","floor":35,"turns":4},{"damage":8,"enemies":"3 Darklings","floor":36,"turns":2},{"damage":0,"enemies":"Jaw Worm Horde","floor":37,"turns":2},{"damage":0,"enemies":"Spire Growth","floor":38,"turns":5},{"damage":34,"enemies":"Giant Head","floor":40,"turns":7},{"damage":0,"enemies":"4 Shapes","floor":42,"turns":4},{"damage":7,"enemies":"Writhing Mass","floor":44,"turns":4},{"damage":0,"enemies":"Maw","floor":46,"turns":7},{"damage":0,"enemies":"Jaw Worm Horde","floor":47,"turns":1},{"damage":22,"enemies":"Donu and Deca","floor":50,"turns":5}],"seed_played":"-4607552387354997456","potions_obtained":[{"floor":1,"key":"FearPotion"},{"floor":3,"key":"SteroidPotion"},{"floor":6,"key":"PowerPotion"},{"floor":11,"key":"Dexterity Potion"},{"floor":16,"key":"GamblersBrew"},{"floor":20,"key":"Swift Potion"},{"floor":25,"key":"Ancient Potion"},{"floor":30,"key":"LiquidBronze"},{"floor":33,"key":"Weak Potion"},{"floor":36,"key":"FocusPotion"},{"floor":40,"key":"Explosive Potion"}],"is_trial":false,"path_per_floor":["M","M","M","M","M","E","R","$","T","M","M","E","?","E","R","B",null,"M","?","M","M","M","R","E","M","T","E","R","$","M","M","R","B",null,"M","M","M","M","?","E","R","M","T","M","$","M","M","?","R","B",null],"character_chosen":"DEFECT","items_purchased":["Self Repair+1","Whetstone","Strange Spoon","Ornamental Fan","Membership Card","Letter Opener","Lantern"],"campfire_rested":2,"item_purchase_floors":[8,29,29,29,45,45,45],"current_hp_per_floor":[70,65,65,55,49,44,44,44,44,54,56,66,71,69,69,46,80,80,80,80,80,78,78,64,70,70,58,58,58,62,55,80,71,80,80,80,80,80,80,56,56,66,66,76,76,86,96,96,97,85],"gold":36,"neow_bonus":"","is_prod":false,"is_daily":true,"chose_seed":false,"campfire_upgraded":2,"win_rate":0,"timestamp":1563067078,"path_taken":["M","M","M","M","M","E","R","$","T","M","M","E","?","E","R","BOSS","M","?","M","M","M","R","E","M","T","E","R","$","M","M","R","BOSS","M","M","M","M","?","E","R","M","T","?","$","M","M","?","R","BOSS"],"build_version":"2019-07-05","purchased_purges":0,"victory":true,"max_hp_per_floor":[75,75,75,75,75,75,75,75,75,75,75,75,80,80,80,80,80,80,80,80,80,80,80,80,80,80,80,80,80,80,80,80,80,80,80,80,80,80,80,80,80,80,80,87,87,87,97,97,97,97],"card_choices":[{"not_picked":["Recycle"],"picked":"Redo","floor":6},{"not_picked":["Undo","Reinforced Body"],"picked":"Stack","floor":12},{"not_picked":["Darkness","Steam Power"],"picked":"Buffer+1","floor":14},{"not_picked":["All For One","Biased Cognition+1"],"picked":"Core Surge","floor":16},{"not_picked":["Turbo","Gash","Steam Power+1"],"picked":"SKIP","floor":24},{"not_picked":["Ball Lightning","Conserve Battery"],"picked":"FTL","floor":27},{"not_picked":["Biased Cognition+1","Thunder Strike"],"picked":"Electrodynamics+1","floor":33},{"not_picked":["Auto Shields+1","Force Field"],"picked":"Chill+1","floor":40},{"not_picked":["Gash","Reinforced Body+1"],"picked":"Beam Cell","floor":49}],"player_experience":157282,"relics_obtained":[{"floor":1,"key":"Centennial Puzzle"},{"floor":2,"key":"FossilizedHelix"},{"floor":3,"key":"Pen Nib"},{"floor":4,"key":"Symbiotic Virus"},{"floor":5,"key":"Frozen Egg 2"},{"floor":6,"key":"PreservedInsect"},{"floor":9,"key":"Smiling Mask"},{"floor":10,"key":"Question Card"},{"floor":11,"key":"The Courier"},{"floor":12,"key":"Girya"},{"floor":14,"key":"Happy Flower"},{"floor":18,"key":"Regal Pillow"},{"floor":20,"key":"Kunai"},{"floor":21,"key":"Blue Candle"},{"floor":22,"key":"Ancient Tea Set"},{"floor":24,"key":"Orichalcum"},{"floor":25,"key":"Matryoshka"},{"floor":26,"key":"Art of War"},{"floor":26,"key":"Unceasing Top"},{"floor":27,"key":"DataDisk"},{"floor":30,"key":"Boot"},{"floor":31,"key":"Bronze Scales"},{"floor":35,"key":"Oddly Smooth Stone"},{"floor":36,"key":"Anchor"},{"floor":37,"key":"Dream Catcher"},{"floor":38,"key":"Cables"},{"floor":40,"key":"Omamori"},{"floor":42,"key":"Bag of Preparation"},{"floor":43,"key":"War Paint"},{"floor":43,"key":"MawBank"},{"floor":44,"key":"Strawberry"},{"floor":46,"key":"Gremlin Horn"},{"floor":47,"key":"Pear"}],"event_choices":[{"damage_healed":0,"gold_gain":0,"player_choice":"Donut","damage_taken":0,"max_hp_gain":5,"max_hp_loss":0,"event_name":"Big Fish","floor":13,"gold_loss":0},{"damage_healed":0,"gold_gain":0,"player_choice":"Read","damage_taken":0,"max_hp_gain":0,"max_hp_loss":0,"event_name":"The Library","floor":19,"gold_loss":0,"cards_obtained":["Capacitor"]},{"damage_healed":0,"gold_gain":0,"player_choice":"Ignored","damage_taken":0,"max_hp_gain":0,"max_hp_loss":0,"event_name":"Purifier","floor":39,"gold_loss":0},{"damage_healed":0,"gold_gain":0,"player_choice":"Ignored","damage_taken":0,"max_hp_gain":0,"max_hp_loss":0,"event_name":"SecretPortal","floor":48,"gold_loss":0}],"is_beta":false,"boss_relics":[{"not_picked":["Snecko Eye","Coffee Dripper"],"picked":"Nuclear Battery"},{"not_picked":["Eternal Feather","Pandora\u0027s Box"],"picked":"Empty Cage"}],"items_purged_floors":[],"is_endless":false,"potions_floor_spawned":[1,3,6,11,16,20,25,30,33,36,40,46],"ascension_level":0}