{"gold_per_floor":[111,111,136,4,22,61,74,88,160,175,175,216,216,237,237,368,368,386,65,85,98,98,118,137,137,163,197,197,107,141,164,164,283,283,298,316,329,353,353,353,368,368,438,438,451,487,512,537,537,537],"floor_reached":51,"playtime":4448,"items_purged":[],"score":787,"play_id":"4e4df15d-a134-4dc5-95f7-1b897e7f74ed","local_time":"20190317130023","is_ascension_mode":false,"campfire_choices":[{"floor":11.0,"key":"REST"},{"data":"Bouncing Flask","floor":13.0,"key":"SMITH"},{"data":"Venomology","floor":15.0,"key":"SMITH"},{"data":"Infinite Blades","floor":25.0,"key":"SMITH"},{"data":"Envenom","floor":32.0,"key":"SMITH"},{"floor":40,"key":"REST"},{"data":"Distraction","floor":42,"key":"SMITH"},{"data":"Tools of the Trade","floor":44,"key":"SMITH"},{"floor":49,"key":"REST"}],"neow_cost":"NONE","seed_source_timestamp":0,"circlet_count":0,"master_deck":["Defend_G","Defend_G","Defend_G","Defend_G","Defend_G","Strike_G","Strike_G","Strike_G","Strike_G","Survivor","Neutralize","Malaise","Deadly Poison","Injury","Backstab","Terror","Venomology+1","Escape Plan","Distraction+1","Bouncing Flask+1","PiercingWail+1","Deadly Poison","Glass Knife","Poisoned Stab+1","Envenom+1","Infinite Blades+1","Choke","Burst","Poisoned Stab","Caltrops+1","Dagger Throw+1","Tools of the Trade+1","Noxious Fumes","Outmaneuver+1","Writhe","Well Laid Plans+1"],"special_seed":0,"relics":["Ring of the Snake","Golden Idol","Thread and Needle","Bird Faced Urn","Meat on the Bone","Orichalcum","Eternal Feather","Letter Opener","Nilry\u0027s Codex","Bronze Scales","Potion Belt","Pear","Lizard Tail","Ninja Scroll","Ancient Tea Set"],"potions_floor_usage":[41,41,46,46,46,47,47,48,50,50,50,50,50,50],"damage_taken":[{"damage":0.0,"enemies":"2 Louse","floor":1.0,"turns":2.0},{"damage":6.0,"enemies":"Jaw Worm","floor":3.0,"turns":6.0},{"damage":0.0,"enemies":"Cultist","floor":5.0,"turns":3.0},{"damage":45.0,"enemies":"3 Sentries","floor":6.0,"turns":14.0},{"damage":1.0,"enemies":"Lots of Slimes","floor":7.0,"turns":5.0},{"damage":0.0,"enemies":"Looter","floor":8.0,"turns":3.0},{"damage":0.0,"enemies":"3 Louse","floor":10.0,"turns":4.0},{"damage":4.0,"enemies":"Gremlin Nob","floor":12.0,"turns":3.0},{"damage":0.0,"enemies":"Lots of Slimes","floor":14.0,"turns":5.0},{"damage":0.0,"enemies":"The Guardian","floor":16.0,"turns":7.0},{"damage":0.0,"enemies":"Chosen","floor":18.0,"turns":4.0},{"damage":0.0,"enemies":"Spheric Guardian","floor":20.0,"turns":4.0},{"damage":6.0,"enemies":"Cultist and Chosen","floor":21.0,"turns":6.0},{"damage":21.0,"enemies":"Snecko","floor":23.0,"turns":5.0},{"damage":0.0,"enemies":"Sentry and Sphere","floor":24.0,"turns":4.0},{"damage":41.0,"enemies":"Gremlin Leader","floor":27.0,"turns":4.0},{"damage":8.0,"enemies":"Colosseum Slavers","floor":28.0,"turns":5.0},{"damage":1.0,"enemies":"Book of Stabbing","floor":30.0,"turns":6.0},{"damage":13.0,"enemies":"Snake Plant","floor":31.0,"turns":4.0},{"damage":45.0,"enemies":"Champ","floor":33.0,"turns":10.0},{"damage":23.0,"enemies":"3 Shapes","floor":35.0,"turns":5.0},{"damage":63.0,"enemies":"3 Darklings","floor":36.0,"turns":6.0},{"damage":13.0,"enemies":"Maw","floor":37.0,"turns":6.0},{"damage":19.0,"enemies":"Sphere and 2 Shapes","floor":38.0,"turns":5.0},{"damage":0,"enemies":"Transient","floor":41,"turns":5},{"damage":28,"enemies":"Maw","floor":45,"turns":7},{"damage":58,"enemies":"Giant Head","floor":46,"turns":7},{"damage":18,"enemies":"Sphere and 2 Shapes","floor":47,"turns":5},{"damage":29,"enemies":"Spire Growth","floor":48,"turns":5},{"damage":52,"enemies":"Donu and Deca","floor":50,"turns":8}],"seed_played":"-237282094185945102","potions_obtained":[{"floor":5.0,"key":"FearPotion"},{"floor":7.0,"key":"SmokeBomb"},{"floor":10.0,"key":"Ancient Potion"},{"floor":14.0,"key":"SpeedPotion"},{"floor":21.0,"key":"Block Potion"},{"floor":24.0,"key":"Regen Potion"},{"floor":30.0,"key":"PowerPotion"},{"floor":33.0,"key":"FearPotion"},{"floor":35.0,"key":"SpeedPotion"},{"floor":37.0,"key":"AttackPotion"},{"floor":41,"key":"Energy Potion"}],"is_trial":false,"path_per_floor":["M","?","M","?","M","E","M","M","T","M","R","E","R","M","R","B",null,"M","$","M","M","?","M","M","R","T","E","?","?","E","M","R","B",null,"M","M","M","M","?","R","M","R","T","R","M","E","M","M","R","B",null],"character_chosen":"THE_SILENT","items_purchased":["Letter Opener","Envenom"],"campfire_rested":3,"item_purchase_floors":[19,19],"current_hp_per_floor":[70,70,64,64,64,19,18,18,18,30,51,47,47,47,47,47,70,70,70,70,65,49,42,42,57,57,44,40,40,49,42,60,33,80,59,14,25,24,44,80,80,80,80,80,52,18,22,27,72,48],"gold":537,"neow_bonus":"ONE_RANDOM_RARE_CARD","is_prod":false,"is_daily":false,"chose_seed":false,"campfire_upgraded":6,"win_rate":0,"timestamp":1552842023,"path_taken":["M","?","M","?","M","E","?","M","T","M","R","E","R","M","R","BOSS","M","$","?","M","?","M","M","R","T","E","?","?","E","M","R","BOSS","M","?","M","M","?","R","M","R","T","R","M","E","M","M","R","BOSS"],"build_version":"2019-01-23","purchased_purges":0,"victory":true,"max_hp_per_floor":[70,70,70,70,70,70,70,70,70,70,70,70,70,70,70,70,70,70,70,70,70,70,70,70,70,70,70,70,70,80,80,80,80,80,80,80,80,80,80,80,80,80,80,80,80,80,80,80,80,80],"card_choices":[{"not_picked":["Prepared","Acrobatics"],"picked":"Deadly Poison","floor":1.0},{"not_picked":["Cloak And Dagger","Acrobatics"],"picked":"Backstab","floor":3.0},{"not_picked":["Dash","Quick Slash"],"picked":"Terror","floor":5.0},{"not_picked":["Deflect","Acrobatics"],"picked":"Venomology","floor":6.0},{"not_picked":["Sucker Punch","Endless Agony"],"picked":"Escape Plan","floor":7.0},{"not_picked":["Acrobatics","Slice"],"picked":"Distraction","floor":8.0},{"not_picked":["Prepared","Bane"],"picked":"Bouncing Flask","floor":10.0},{"not_picked":["Catalyst","Sucker Punch"],"picked":"PiercingWail","floor":12.0},{"not_picked":["Blade Dance","Quick Slash"],"picked":"Deadly Poison","floor":14.0},{"not_picked":["Wraith Form v2","Venomology"],"picked":"Glass Knife","floor":16.0},{"not_picked":["Deadly Poison","Slice"],"picked":"Poisoned Stab+1","floor":18.0},{"not_picked":["Prepared","Accuracy+1"],"picked":"Infinite Blades","floor":20.0},{"not_picked":["Deadly Poison","Dagger Spray"],"picked":"Choke","floor":21.0},{"not_picked":["Deflect","Endless Agony","Dagger Spray"],"picked":"SKIP","floor":23.0},{"not_picked":["Dodge and Roll","Tactician"],"picked":"Burst","floor":24.0},{"not_picked":["Quick Slash","Terror"],"picked":"Poisoned Stab","floor":27.0},{"not_picked":["Dodge and Roll","Finisher+1"],"picked":"Caltrops+1","floor":30.0},{"not_picked":["Finisher","Dodge and Roll"],"picked":"Dagger Throw+1","floor":31.0},{"not_picked":["Unload","Night Terror"],"picked":"Tools of the Trade","floor":33.0},{"not_picked":["Bane","Blade Dance","Tactician+1"],"picked":"SKIP","floor":35.0},{"not_picked":["Riddle With Holes+1","Underhanded Strike+1"],"picked":"Noxious Fumes","floor":36.0},{"not_picked":["Blade Dance","Poisoned Stab+1"],"picked":"Outmaneuver+1","floor":37.0},{"not_picked":["Backstab","All Out Attack+1","Expertise"],"picked":"SKIP","floor":38.0},{"not_picked":["Acrobatics","Flechettes"],"picked":"Well Laid Plans+1","floor":41},{"not_picked":["Dodge and Roll","Endless Agony","Dash+1"],"picked":"SKIP","floor":45},{"not_picked":["Poisoned Stab+1","Bane+1","Tools of the Trade"],"picked":"SKIP","floor":46},{"not_picked":["Underhanded Strike","Tactician","Quick Slash+1"],"picked":"SKIP","floor":47},{"not_picked":["Dagger Spray","Bane","Caltrops+1"],"picked":"SKIP","floor":48}],"player_experience":69830,"relics_obtained":[{"floor":6.0,"key":"Bird Faced Urn"},{"floor":9.0,"key":"Meat on the Bone"},{"floor":12.0,"key":"Orichalcum"},{"floor":22.0,"key":"Nilry\u0027s Codex"},{"floor":26.0,"key":"Bronze Scales"},{"floor":27.0,"key":"Potion Belt"},{"floor":30.0,"key":"Pear"},{"floor":43,"key":"Ninja Scroll"},{"floor":46,"key":"Ancient Tea Set"}],"event_choices":[{"damage_healed":0.0,"max_hp_gain":0.0,"max_hp_loss":0.0,"gold_gain":0.0,"event_name":"Golden Idol","player_choice":"Take Wound","floor":2.0,"gold_loss":0.0,"damage_taken":0.0,"relics_obtained":["Golden Idol"],"cards_obtained":["Injury"]},{"damage_healed":0.0,"max_hp_gain":0.0,"max_hp_loss":0.0,"gold_gain":0.0,"event_name":"WeMeetAgain","player_choice":"Paid Gold","floor":4.0,"gold_loss":132.0,"damage_taken":0.0,"relics_obtained":["Thread and Needle"]},{"damage_healed":0.0,"max_hp_gain":0.0,"max_hp_loss":0.0,"gold_gain":0.0,"event_name":"Cursed Tome","player_choice":"Obtained Book","floor":22.0,"gold_loss":0.0,"damage_taken":16.0},{"damage_healed":0.0,"max_hp_gain":0.0,"max_hp_loss":0.0,"gold_gain":0.0,"event_name":"Colosseum","player_choice":"Fight","floor":28.0,"gold_loss":0.0,"damage_taken":0.0},{"damage_healed":0.0,"max_hp_gain":0.0,"max_hp_loss":0.0,"gold_gain":0.0,"event_name":"Colosseum","player_choice":"Fled From Nobs","floor":28.0,"gold_loss":0.0,"damage_taken":0.0},{"cards_removed":["Strike_G"],"damage_healed":0.0,"max_hp_gain":0.0,"max_hp_loss":0.0,"gold_gain":0.0,"event_name":"Designer","player_choice":"Upgrade and Remove","floor":29.0,"gold_loss":90.0,"damage_taken":0.0,"cards_upgraded":["PiercingWail"]},{"damage_healed":20.0,"max_hp_gain":0.0,"max_hp_loss":0.0,"gold_gain":0.0,"event_name":"Winding Halls","player_choice":"Writhe","floor":39.0,"gold_loss":0.0,"damage_taken":0.0,"cards_obtained":["Writhe"]}],"is_beta":false,"boss_relics":[{"not_picked":["Snecko Eye","White Beast Statue"],"picked":"Eternal Feather"},{"not_picked":["Velvet Choker","Pandora\u0027s Box"],"picked":"Lizard Tail"}],"items_purged_floors":[],"is_endless":false,"potions_floor_spawned":[5,7,8,10,14,21,24,28,30,33,35,36,37,41],"ascension_level":0}