{"gold_per_floor":[115,135,310,51,51,77,88,103,103,178,178,213,213,229,229,229],"floor_reached":16,"playtime":651,"items_purged":["Doubt"],"score":149,"play_id":"6834837a-2cbf-4c14-b9db-8151e95daec0","local_time":"20191002123223","is_ascension_mode":true,"campfire_choices":[{"data":"Zap","floor":11,"key":"SMITH"},{"floor":15,"key":"REST"}],"neow_cost":"NONE","seed_source_timestamp":60890271708800,"circlet_count":0,"master_deck":["Strike_B","Strike_B","Strike_B","Strike_B","Defend_B","Defend_B","Defend_B","Defend_B","Zap+1","Dualcast","Rebound","Streamline","Capacitor","Ball Lightning","Cold Snap","Chill","Conserve Battery","Echo Form+1","Genetic Algorithm"],"relics":["Cracked Core","NeowsBlessing","GremlinMask","Boot","Bottled Lightning"],"potions_floor_usage":[12],"damage_taken":[{"damage":0,"enemies":"2 Louse","floor":1,"turns":1},{"damage":0,"enemies":"Small Slimes","floor":2,"turns":1},{"damage":0,"enemies":"Gremlin Nob","floor":6,"turns":1},{"damage":2,"enemies":"Cultist","floor":7,"turns":3},{"damage":5,"enemies":"Blue Slaver","floor":8,"turns":4},{"damage":14,"enemies":"3 Sentries","floor":12,"turns":6},{"damage":14,"enemies":"3 Louse","floor":14,"turns":2},{"damage":52,"enemies":"The Guardian","floor":16,"turns":10}],"seed_played":"6505093341950536454","potions_obtained":[{"floor":1,"key":"Dexterity Potion"},{"floor":8,"key":"FearPotion"}],"is_trial":false,"path_per_floor":["M","M","?","$","?","E","M","M","T","?","R","E","?","M","R","B"],"character_chosen":"DEFECT","items_purchased":["Capacitor","Ball Lightning","Cold Snap"],"campfire_rested":1,"item_purchase_floors":[4,4,4],"current_hp_per_floor":[75,75,75,75,75,75,73,68,68,57,57,43,43,29,51,0],"gold":229,"neow_bonus":"THREE_ENEMY_KILL","is_prod":false,"is_daily":false,"chose_seed":false,"campfire_upgraded":1,"win_rate":0,"timestamp":1570044743,"path_taken":["M","M","?","$","?","E","?","M","T","?","R","E","?","M","R","BOSS"],"build_version":"2019-10-02","purchased_purges":1,"victory":false,"max_hp_per_floor":[75,75,75,75,75,75,75,75,75,75,75,75,75,75,75,75],"card_choices":[{"not_picked":["Skim","Aggregate"],"picked":"Rebound","floor":1},{"not_picked":["Compile Driver","Barrage"],"picked":"Streamline","floor":2},{"not_picked":["Rainbow","Redo"],"picked":"Chill","floor":6},{"not_picked":["Steam","Rip and Tear"],"picked":"Conserve Battery","floor":7},{"not_picked":["Compile Driver","Streamline","Rebound"],"picked":"SKIP","floor":8},{"not_picked":["Sweeping Beam","Steam Power"],"picked":"Echo Form","floor":12},{"not_picked":["BootSequence","Compile Driver"],"picked":"Genetic Algorithm","floor":14}],"player_experience":799898,"relics_obtained":[{"floor":9,"key":"Boot"},{"floor":12,"key":"Bottled Lightning"}],"event_choices":[{"damage_healed":0,"gold_gain":175,"player_choice":"AGREE","damage_taken":0,"max_hp_gain":0,"max_hp_loss":0,"event_name":"Liars Game","floor":3,"gold_loss":0,"cards_obtained":["Doubt"]},{"damage_healed":0,"gold_gain":0,"player_choice":"Trade","damage_taken":0,"relics_obtained":["GremlinMask"],"max_hp_gain":0,"max_hp_loss":0,"event_name":"FaceTrader","floor":5,"gold_loss":0},{"damage_healed":0,"gold_gain":75,"player_choice":"Gather Gold","damage_taken":11,"max_hp_gain":0,"max_hp_loss":0,"event_name":"World of Goop","floor":10,"gold_loss":0},{"damage_healed":0,"gold_gain":0,"player_choice":"Forge","damage_taken":0,"max_hp_gain":0,"max_hp_loss":0,"event_name":"Accursed Blacksmith","floor":13,"gold_loss":0,"cards_upgraded":["Echo Form"]}],"is_beta":true,"boss_relics":[],"items_purged_floors":[4],"is_endless":false,"potions_floor_spawned":[1,8],"killed_by":"The Guardian","ascension_level":2}