{"gold_per_floor":[115,135,146,156,156,181,181,195,276,294,294,311,311,331,331,433,433,423,442,86,99,99,129,129,129,129,129,149,149],"floor_reached":29,"playtime":1314,"items_purged":[],"score":274,"play_id":"6a979f97-ee25-40e9-9ea5-77c00807b2fc","local_time":"20190314185649","is_ascension_mode":false,"campfire_choices":[{"floor":7,"key":"REST"},{"floor":13,"key":"REST"},{"data":"Storm","floor":15,"key":"SMITH"},{"floor":25,"key":"REST"}],"neow_cost":"NONE","seed_source_timestamp":23586645310142,"circlet_count":0,"master_deck":["Strike_B","Strike_B","Strike_B","Strike_B","Defend_B","Defend_B","Defend_B","Defend_B","Zap+1","Dualcast","Doom and Gloom","Aggregate","Storm+1","Multi-Cast","Capacitor","White Noise","Steam Power","Beam Cell","Echo Form","Darkness","Self Repair","Coolheaded+1","White Noise","Static Discharge"],"relics":["Cracked Core","Cables","Pear","Inserter","Happy Flower","Toolbox","Unceasing Top","Darkstone Periapt"],"potions_floor_usage":[23,23,23,29],"damage_taken":[{"damage":3,"enemies":"2 Louse","floor":1,"turns":3},{"damage":0,"enemies":"Cultist","floor":2,"turns":3},{"damage":8,"enemies":"Jaw Worm","floor":3,"turns":3},{"damage":2,"enemies":"2 Fungi Beasts","floor":4,"turns":3},{"damage":26,"enemies":"3 Sentries","floor":6,"turns":6},{"damage":19,"enemies":"Blue Slaver","floor":8,"turns":3},{"damage":5,"enemies":"Looter","floor":10,"turns":3},{"damage":12,"enemies":"Exordium Thugs","floor":12,"turns":4},{"damage":3,"enemies":"2 Fungi Beasts","floor":14,"turns":3},{"damage":22,"enemies":"Slime Boss","floor":16,"turns":7},{"damage":41,"enemies":"2 Thieves","floor":18,"turns":5},{"damage":18,"enemies":"3 Byrds","floor":19,"turns":2},{"damage":25,"enemies":"Snecko","floor":21,"turns":4},{"damage":25,"enemies":"Slavers","floor":23,"turns":4},{"damage":16,"enemies":"Centurion and Healer","floor":28,"turns":5},{"damage":19,"enemies":"Snake Plant","floor":29,"turns":2}],"seed_played":"-9136018785814839735","potions_obtained":[{"floor":1,"key":"FearPotion"},{"floor":6,"key":"FearPotion"},{"floor":12,"key":"Swift Potion"},{"floor":16,"key":"AttackPotion"},{"floor":18,"key":"FocusPotion"},{"floor":23,"key":"AttackPotion"},{"floor":28,"key":"Ancient Potion"}],"is_trial":false,"path_per_floor":["M","M","M","M","?","E","R","M","T","M","?","M","R","M","R","B",null,"M","M","$","M","?","E","?","R","T","?","M","M"],"character_chosen":"DEFECT","items_purchased":["Happy Flower","Toolbox"],"campfire_rested":3,"item_purchase_floors":[20,20],"current_hp_per_floor":[72,72,64,62,62,36,58,39,49,44,49,37,64,61,61,39,90,49,31,31,6,36,18,18,45,45,27,18,0],"gold":149,"neow_bonus":"UPGRADE_CARD","is_prod":false,"is_daily":false,"chose_seed":false,"campfire_upgraded":1,"win_rate":0,"timestamp":1552604209,"path_taken":["M","M","M","M","?","E","R","?","T","M","?","M","R","M","R","BOSS","M","M","$","M","?","E","?","R","T","?","M","M"],"build_version":"2019-01-23","purchased_purges":0,"victory":false,"max_hp_per_floor":[75,75,75,75,75,75,75,75,85,85,90,90,90,90,90,90,90,90,90,90,90,90,90,90,90,90,95,95,95],"card_choices":[{"not_picked":["Beam Cell","Leap"],"picked":"Doom and Gloom","floor":1},{"not_picked":["Cold Snap","Redo"],"picked":"Aggregate","floor":2},{"not_picked":["Sunder","BootSequence"],"picked":"Storm","floor":3},{"not_picked":["Streamline","Leap","Coolheaded"],"picked":"SKIP","floor":4},{"not_picked":["Sweeping Beam","Stack"],"picked":"Multi-Cast","floor":6},{"not_picked":["Hologram","Scrape"],"picked":"Capacitor","floor":8},{"not_picked":["Conserve Battery","Compile Driver"],"picked":"White Noise","floor":10},{"not_picked":["Stack","Barrage"],"picked":"Steam Power","floor":12},{"not_picked":["Rebound","Streamline"],"picked":"Beam Cell","floor":14},{"not_picked":["Reboot","Thunder Strike"],"picked":"Echo Form","floor":16},{"not_picked":["Hologram","Conserve Battery"],"picked":"Darkness","floor":18},{"not_picked":["Fusion","Cold Snap"],"picked":"Self Repair","floor":19},{"not_picked":["Biased Cognition","Conserve Battery"],"picked":"Coolheaded+1","floor":21},{"not_picked":["Compile Driver+1","Steam"],"picked":"White Noise","floor":23},{"not_picked":["Barrage","Biased Cognition"],"picked":"Static Discharge","floor":28}],"player_experience":57281,"relics_obtained":[{"floor":6,"key":"Cables"},{"floor":9,"key":"Pear"},{"floor":23,"key":"Unceasing Top"},{"floor":26,"key":"Darkstone Periapt"}],"event_choices":[{"damage_healed":0,"gold_gain":0,"player_choice":"Ignored","damage_taken":0,"max_hp_gain":0,"max_hp_loss":0,"event_name":"NoteForYourself","floor":5,"gold_loss":0},{"damage_healed":0,"gold_gain":0,"player_choice":"Donut","damage_taken":0,"max_hp_gain":5,"max_hp_loss":0,"event_name":"Big Fish","floor":11,"gold_loss":0},{"damage_healed":30,"gold_gain":0,"player_choice":"Heal","damage_taken":0,"max_hp_gain":0,"max_hp_loss":0,"event_name":"The Library","floor":22,"gold_loss":0},{"damage_healed":0,"gold_gain":0,"player_choice":"Ignored","damage_taken":0,"max_hp_gain":0,"max_hp_loss":0,"event_name":"Vampires","floor":24,"gold_loss":0},{"damage_healed":0,"gold_gain":0,"player_choice":"Shed Blood","damage_taken":23,"max_hp_gain":5,"max_hp_loss":0,"event_name":"Forgotten Altar","floor":27,"gold_loss":0}],"is_beta":false,"boss_relics":[{"not_picked":["Empty Cage","Snecko Eye"],"picked":"Inserter"}],"items_purged_floors":[],"is_endless":false,"potions_floor_spawned":[1,6,12,16,18,23,28],"killed_by":"Snake Plant","ascension_level":0}