{"gold_per_floor":[109,125,125,140,140,171,95,95,95,105,105,138,158,158,158,256,256,270,281,281,300,69,69,69],"floor_reached":24,"playtime":1433,"items_purged":["Strike_G"],"score":206,"play_id":"8b1bdf2e-574a-44af-ab14-d081aba0c08d","local_time":"20190316204607","is_ascension_mode":false,"campfire_choices":[{"data":"Footwork","floor":8,"key":"SMITH"},{"floor":15,"key":"REST"},{"floor":23,"key":"REST"}],"neow_cost":"NONE","seed_source_timestamp":1698425921957,"circlet_count":0,"master_deck":["Defend_G","Defend_G","Defend_G","Defend_G","Defend_G","Strike_G","Strike_G","Strike_G","Strike_G","Survivor","Neutralize","Distraction","Footwork+1","Dash","Accuracy","Noxious Fumes","A Thousand Cuts","Well Laid Plans","Infinite Blades+1","After Image","Skewer","Accuracy","Terror"],"relics":["Ring of the Snake","GremlinMask","Pear","Pantograph","Question Card","Girya","Runic Pyramid","Nloth\u0027s Gift","Boot"],"potions_floor_usage":[6,12,21],"damage_taken":[{"damage":0,"enemies":"Cultist","floor":1,"turns":1},{"damage":0,"enemies":"2 Louse","floor":2,"turns":1},{"damage":0,"enemies":"Jaw Worm","floor":4,"turns":1},{"damage":14,"enemies":"3 Sentries","floor":6,"turns":12},{"damage":2,"enemies":"Looter","floor":10,"turns":4},{"damage":27,"enemies":"Gremlin Nob","floor":12,"turns":6},{"damage":13,"enemies":"2 Fungi Beasts","floor":13,"turns":4},{"damage":28,"enemies":"Slime Boss","floor":16,"turns":12},{"damage":36,"enemies":"2 Thieves","floor":18,"turns":4},{"damage":11,"enemies":"3 Byrds","floor":19,"turns":5},{"damage":10,"enemies":"Shelled Parasite and Fungi","floor":21,"turns":9},{"damage":54,"enemies":"Book of Stabbing","floor":24,"turns":6}],"seed_played":"4367692591257310413","potions_obtained":[{"floor":2,"key":"Block Potion"},{"floor":10,"key":"PowerPotion"},{"floor":16,"key":"SteroidPotion"},{"floor":19,"key":"GamblersBrew"}],"is_trial":false,"path_per_floor":["M","M","?","M","?","E","$","R","T","M","$","E","M","?","R","B",null,"M","M","?","M","$","R","E"],"character_chosen":"THE_SILENT","items_purchased":["Noxious Fumes","Boot"],"campfire_rested":2,"item_purchase_floors":[7,22],"current_hp_per_floor":[70,70,70,70,62,48,48,48,48,46,46,19,6,6,30,27,80,44,33,33,23,23,47,0],"gold":69,"neow_bonus":"THREE_ENEMY_KILL","is_prod":false,"is_daily":false,"chose_seed":false,"campfire_upgraded":1,"win_rate":0,"timestamp":1552783567,"path_taken":["M","M","?","?","?","E","?","R","T","M","$","E","M","?","R","BOSS","M","M","?","M","?","R","E"],"build_version":"2019-01-23","purchased_purges":1,"victory":false,"max_hp_per_floor":[70,70,70,70,80,80,80,80,80,80,80,80,80,80,80,80,80,80,80,80,80,80,80,80],"card_choices":[{"not_picked":["Deadly Poison","Eviscerate"],"picked":"Distraction","floor":1},{"not_picked":["Deflect","Dagger Throw"],"picked":"Footwork","floor":2},{"not_picked":["Backflip","Flechettes"],"picked":"Dash","floor":4},{"not_picked":["Night Terror","Prepared"],"picked":"Accuracy","floor":6},{"not_picked":["Slice","Cloak And Dagger","Flying Knee"],"picked":"A Thousand Cuts","floor":10},{"not_picked":["Footwork","Tactician","Bouncing Flask"],"picked":"Well Laid Plans","floor":12},{"not_picked":["All Out Attack","Quick Slash","Dash"],"picked":"Infinite Blades","floor":13},{"not_picked":["Night Terror","Doppelganger","Wraith Form v2"],"picked":"After Image","floor":16},{"not_picked":["Deflect","Sucker Punch","Infinite Blades"],"picked":"Skewer","floor":18},{"not_picked":["Flechettes","Outmaneuver+1","Catalyst"],"picked":"Accuracy","floor":19},{"not_picked":["Outmaneuver","Dodge and Roll","Deadly Poison"],"picked":"Terror","floor":21}],"player_experience":66561,"relics_obtained":[{"floor":6,"key":"Pantograph"},{"floor":9,"key":"Question Card"},{"floor":12,"key":"Girya"}],"event_choices":[{"damage_healed":0,"gold_gain":0,"player_choice":"Trade","damage_taken":0,"relics_obtained":["GremlinMask"],"max_hp_gain":0,"max_hp_loss":0,"event_name":"FaceTrader","floor":3,"gold_loss":0},{"damage_healed":0,"gold_gain":0,"player_choice":"Success","damage_taken":18,"relics_obtained":["Pear"],"max_hp_gain":0,"max_hp_loss":0,"event_name":"Scrap Ooze","floor":5,"gold_loss":0},{"damage_healed":0,"gold_gain":0,"player_choice":"Grow","damage_taken":0,"max_hp_gain":0,"max_hp_loss":0,"event_name":"Living Wall","floor":14,"gold_loss":0,"cards_upgraded":["Infinite Blades"]},{"damage_healed":0,"gold_gain":0,"player_choice":"Traded Relic","damage_taken":0,"relics_obtained":["Nloth\u0027s Gift"],"max_hp_gain":0,"max_hp_loss":0,"event_name":"N\u0027loth","floor":20,"relics_lost":["NeowsBlessing"],"gold_loss":0}],"is_beta":false,"boss_relics":[{"not_picked":["Ring of the Serpent","Eternal Feather"],"picked":"Runic Pyramid"}],"items_purged_floors":[22],"is_endless":false,"potions_floor_spawned":[2,10,16,19],"killed_by":"Book of Stabbing","ascension_level":0}