{"gold_per_floor":[109,34,53,53,68,68,101,101,101,130,180,197,232,242,242,317,317,330,92,110,126,26,26,26,37,37,37,56,74,74,89,89,161,161,173,63,79,98,98],"floor_reached":39,"playtime":3538,"items_purged":["Strike_R","Strike_R"],"score":810,"play_id":"0ec9e584-b476-4482-8889-dd54e2cfd580","local_time":"20190906003123","is_ascension_mode":true,"campfire_choices":[{"data":"Fiend Fire","floor":6,"key":"SMITH"},{"data":"Armaments","floor":8,"key":"SMITH"},{"data":"Shockwave","floor":15,"key":"SMITH"},{"data":"Immolate","floor":23,"key":"SMITH"},{"floor":27,"key":"REST"},{"floor":30,"key":"REST"},{"floor":32,"key":"REST"}],"neow_cost":"PERCENT_DAMAGE","seed_source_timestamp":169437430255900,"circlet_count":0,"master_deck":["AscendersBane","Defend_R","Defend_R","Defend_R","Bash+1","Fiend Fire+1","Shockwave+1","Armaments+1","Headbutt","Sword Boomerang","Rampage+1","Immolate+1","Headbutt","Offering","Evolve","Disarm","Shrug It Off","Battle Trance","Impervious","Uppercut"],"relics":["Black Blood","Bag of Marbles","Gremlin Horn","Mango","Whetstone","Empty Cage","Juzu Bracelet"],"potions_floor_usage":[13,18,18,39,39],"damage_taken":[{"damage":3,"enemies":"2 Louse","floor":1,"turns":2},{"damage":2,"enemies":"Jaw Worm","floor":3,"turns":3},{"damage":0,"enemies":"Cultist","floor":5,"turns":3},{"damage":6,"enemies":"Gremlin Nob","floor":7,"turns":3},{"damage":4,"enemies":"Lagavulin","floor":10,"turns":6},{"damage":8,"enemies":"Blue Slaver","floor":12,"turns":3},{"damage":6,"enemies":"Gremlin Nob","floor":13,"turns":3},{"damage":0,"enemies":"Looter","floor":14,"turns":1},{"damage":49,"enemies":"The Guardian","floor":16,"turns":11},{"damage":0,"enemies":"Chosen","floor":18,"turns":4},{"damage":22,"enemies":"2 Thieves","floor":20,"turns":2},{"damage":13,"enemies":"Snake Plant","floor":21,"turns":3},{"damage":0,"enemies":"3 Cultists","floor":25,"turns":2},{"damage":35,"enemies":"Shelled Parasite and Fungi","floor":28,"turns":5},{"damage":33,"enemies":"Snake Plant","floor":29,"turns":6},{"damage":6,"enemies":"3 Cultists","floor":31,"turns":2},{"damage":43,"enemies":"Champ","floor":33,"turns":12},{"damage":32,"enemies":"3 Darklings","floor":35,"turns":3},{"damage":12,"enemies":"3 Shapes","floor":37,"turns":7},{"damage":44,"enemies":"Maw","floor":38,"turns":9},{"damage":60,"enemies":"Transient","floor":39,"turns":6}],"seed_played":"3989144970254696814","potions_obtained":[{"floor":1,"key":"Block Potion"},{"floor":7,"key":"Ancient Potion"},{"floor":14,"key":"Block Potion"},{"floor":20,"key":"FearPotion"},{"floor":31,"key":"Energy Potion"}],"is_trial":false,"path_per_floor":["M","?","M","?","M","R","E","R","T","E","?","M","E","M","R","B",null,"M","$","M","M","$","R","?","M","T","R","M","M","R","M","R","B",null,"M","?","M","M","M"],"character_chosen":"IRONCLAD","items_purchased":["Offering"],"campfire_rested":3,"item_purchase_floors":[19],"current_hp_per_floor":[53,53,57,57,63,63,63,63,63,79,71,69,69,75,75,32,75,81,81,65,58,58,58,32,38,38,66,37,10,38,38,66,29,78,56,56,54,20,0],"gold":98,"neow_bonus":"THREE_RARE_CARDS","is_prod":false,"is_daily":false,"chose_seed":false,"campfire_upgraded":4,"win_rate":0,"timestamp":1567697483,"path_taken":["M","?","M","?","M","R","E","R","T","E","?","M","E","M","R","BOSS","M","?","M","M","$","R","?","M","T","R","M","M","R","M","R","BOSS","M","?","M","M","M"],"build_version":"2019-07-17","purchased_purges":2,"victory":false,"max_hp_per_floor":[75,75,75,75,75,75,75,75,75,89,89,89,89,89,89,89,89,89,89,89,89,89,89,94,94,94,94,94,94,94,94,94,94,94,94,94,94,94,94],"card_choices":[{"not_picked":["Berserk","Barricade"],"picked":"Fiend Fire","floor":0},{"not_picked":["Clash","Warcry"],"picked":"Shockwave","floor":1},{"not_picked":["Warcry","Havoc","Heavy Blade"],"picked":"SKIP","floor":3},{"not_picked":["Fire Breathing","Warcry"],"picked":"Armaments","floor":5},{"not_picked":["Barricade","Entrench"],"picked":"Headbutt","floor":7},{"not_picked":["Rage","Infernal Blade"],"picked":"Sword Boomerang","floor":10},{"not_picked":["Shrug It Off","Carnage"],"picked":"Rampage","floor":12},{"not_picked":["Pommel Strike","Wild Strike","Anger"],"picked":"SKIP","floor":13},{"not_picked":["Heavy Blade","Anger","Clash"],"picked":"SKIP","floor":14},{"not_picked":["Berserk","Feed"],"picked":"Immolate","floor":16},{"not_picked":["Intimidate","Thunderclap"],"picked":"Headbutt","floor":18},{"not_picked":["Ghostly Armor","Pummel"],"picked":"Evolve","floor":20},{"not_picked":["Shockwave","Sentinel+1","Clothesline"],"picked":"SKIP","floor":21},{"not_picked":["Cleave","Iron Wave"],"picked":"Disarm","floor":25},{"not_picked":["Twin Strike","Sentinel"],"picked":"Shrug It Off","floor":28},{"not_picked":["Whirlwind","Headbutt+1","Clothesline"],"picked":"SKIP","floor":29},{"not_picked":["Inflame","Twin Strike"],"picked":"Battle Trance","floor":31},{"not_picked":["Berserk","Juggernaut"],"picked":"Impervious","floor":33},{"not_picked":["Clothesline","Heavy Blade"],"picked":"Uppercut","floor":35},{"not_picked":["True Grit","Wild Strike","Seeing Red"],"picked":"SKIP","floor":37},{"not_picked":["Thunderclap+1","Headbutt","Fire Breathing"],"picked":"SKIP","floor":38}],"player_experience":635773,"relics_obtained":[{"floor":7,"key":"Bag of Marbles"},{"floor":9,"key":"Gremlin Horn"},{"floor":10,"key":"Mango"},{"floor":13,"key":"Whetstone"},{"floor":26,"key":"Juzu Bracelet"}],"event_choices":[{"cards_removed":["Defend_R"],"damage_healed":0,"gold_gain":0,"player_choice":"Card Removal","damage_taken":0,"max_hp_gain":0,"max_hp_loss":0,"event_name":"The Cleric","floor":2,"gold_loss":75},{"damage_healed":0,"gold_gain":0,"player_choice":"Ignored","damage_taken":0,"max_hp_gain":0,"max_hp_loss":0,"event_name":"Liars Game","floor":4,"gold_loss":0},{"damage_healed":0,"gold_gain":50,"player_choice":"Touch","damage_taken":8,"max_hp_gain":0,"max_hp_loss":0,"event_name":"FaceTrader","floor":11,"gold_loss":0},{"damage_healed":0,"gold_gain":0,"player_choice":"Shed Blood","damage_taken":31,"max_hp_gain":5,"max_hp_loss":0,"event_name":"Forgotten Altar","floor":24,"gold_loss":0},{"cards_removed":["Strike_R"],"damage_healed":0,"gold_gain":0,"player_choice":"Upgrade and Remove","damage_taken":0,"max_hp_gain":0,"max_hp_loss":0,"event_name":"Designer","floor":36,"gold_loss":110,"cards_upgraded":["Bash"]}],"is_beta":false,"boss_relics":[{"not_picked":["Pandora\u0027s Box","Astrolabe"],"picked":"Empty Cage"},{"not_picked":["Orrery","Tiny House"],"picked":"Black Blood"}],"items_purged_floors":[19,22],"is_endless":false,"potions_floor_spawned":[1,7,12,14,20,31,35,37],"killed_by":"Transient","ascension_level":20}