{"path_per_floor":["M","T","$","?","M","R","M","R","T","$","$","?","M","M","R","B",null,"M","?","?","T","M","R","M","R","T","$","?","M","E","M","R","B",null,"M","?","M","M","$","R","M","R","T","?","$","M","M","M","R","B"],"character_chosen":"THE_SILENT","items_purchased":["Blur","Slice","Noxious Fumes","Unceasing Top","Flash of Steel","Accuracy","Sadistic Nature","Deflect","Flash of Steel","PiercingWail"],"gold_per_floor":[144,169,12,12,57,57,102,102,127,12,12,187,232,277,277,577,577,622,622,622,622,667,667,712,712,712,212,127,172,262,307,307,607,607,652,612,657,702,182,182,227,227,277,277,73,118,163,208,208,208],"floor_reached":51,"campfire_rested":6,"playtime":2745,"current_hp_per_floor":[84,90,90,87,87,90,90,90,96,96,96,102,102,100,102,63,108,103,103,87,93,78,114,87,114,120,120,120,120,109,95,95,113,126,115,115,109,104,104,104,96,96,102,102,102,83,83,78,133,81],"items_purged":["Pain","Pain","Pain","Regret"],"gold":208,"score":859,"play_id":"386ed0c0-460d-460a-9d7e-1ae186b4fc32","local_time":"20180306123013","daily_mods":[{"name":"Heirloom","description":"Start with 1 Rare relic.","modID":"Heirloom","img":{"data":{"file":{"file":{"path":"images\\ui\\run_mods\\heirloom.png"},"type":"Internal"},"width":64,"height":64,"format":"RGBA8888","useMipMaps":false,"isPrepared":false},"glTarget":3553,"glHandle":683,"minFilter":"Linear","magFilter":"Linear","uWrap":"ClampToEdge","vWrap":"ClampToEdge"},"positive":true},{"name":"Cursed Run","description":"Whenever you defeat a Boss, become Cursed. Your starting relic is replaced with Cursed Key, Darkstone Periapt, and Du-Vu Doll.","modID":"Cursed Run","img":{"data":{"file":{"file":{"path":"images\\ui\\run_mods\\cursed_run.png"},"type":"Internal"},"width":64,"height":64,"format":"RGBA8888","useMipMaps":false,"isPrepared":false},"glTarget":3553,"glHandle":673,"minFilter":"Linear","magFilter":"Linear","uWrap":"ClampToEdge","vWrap":"ClampToEdge"},"positive":false},{"name":"Midas","description":"Enemies drop 200% more gold, but you cannot upgrade cards at Rest Sites.","modID":"Midas","img":{"data":{"file":{"file":{"path":"images\\ui\\run_mods\\midas.png"},"type":"Internal"},"width":64,"height":64,"format":"RGBA8888","useMipMaps":false,"isPrepared":false},"glTarget":3553,"glHandle":681,"minFilter":"Linear","magFilter":"Linear","uWrap":"ClampToEdge","vWrap":"ClampToEdge"},"positive":false}],"is_prod":false,"is_daily":true,"is_ascension_mode":false,"campfire_upgraded":0,"timestamp":1520368213,"path_taken":["M","?","$","?","?","R","M","R","T","?","$","?","?","M","R","BOSS","M","?","?","?","M","R","?","R","T","?","?","?","E","?","R","BOSS","M","?","M","M","$","R","M","R","T","?","$","M","M","?","R","BOSS"],"build_version":"2018-03-05-BETAv2","purchased_purges":4,"victory":true,"master_deck":["Defend_G","Defend_G","Defend_G","Defend_G","Strike_G","Strike_G","Strike_G","Survivor","Neutralize","Cloak And Dagger","Blur","Choke","Terror","Injury","Slice","Noxious Fumes","Doubt","Footwork","Outmaneuver","Injury","Backflip+1","Noxious Fumes+1","Heel Hook+1","Slice","Noxious Fumes","Finisher","Decay","Flash of Steel","Dagger Throw","Concentrate","Concentrate","Storm of Steel","Masterful Stab+1","Cloak And Dagger","Acrobatics","Accuracy","Sadistic Nature","Deflect","Flash of Steel","Dagger Spray","PiercingWail","Deflect","Deadly Poison+1","Regret"],"max_hp_per_floor":[84,90,90,90,90,90,90,90,96,96,96,102,102,102,102,108,108,108,108,108,114,114,114,114,114,120,120,120,120,120,120,120,126,126,126,126,126,126,126,126,126,126,132,132,132,134,134,134,134,140],"relics":["Cursed Key","Darkstone Periapt","Du-Vu Doll","Pen Nib","Ornamental Fan","Orichalcum","Astrolabe","Nloth\u0027s Gift","Nilry\u0027s Codex","Regal Pillow","Thread and Needle","Unceasing Top","Paper Crane","Girya","Runic Dome","Singing Bowl"],"card_choices":[{"not_picked":["Poisoned Stab","Flechettes"],"picked":"Cloak And Dagger"},{"not_picked":["Flechettes","Distraction"],"picked":"Choke"},{"not_picked":["Underhanded Strike","Bane"],"picked":"Terror"},{"not_picked":["Noxious Fumes","Dagger Throw"],"picked":"Footwork"},{"not_picked":["Backflip","Masterful Stab"],"picked":"Outmaneuver"},{"not_picked":["All Out Attack","Prepared"],"picked":"Slice"},{"not_picked":["Deflect","Unload"],"picked":"Noxious Fumes"},{"not_picked":["Slice","Corpse Explosion"],"picked":"Finisher"},{"not_picked":["Flying Knee","Phantasmal Killer"],"picked":"Dagger Throw"},{"not_picked":["Escape Plan","Poisoned Stab"],"picked":"Concentrate"},{"not_picked":["Prepared","Well Laid Plans"],"picked":"Concentrate"},{"not_picked":["Bullet Time","Doppelganger"],"picked":"Storm of Steel"},{"not_picked":["Dagger Throw","Prepared"],"picked":"Masterful Stab"},{"not_picked":["Endless Agony","Doppelganger"],"picked":"Cloak And Dagger"},{"not_picked":["Backflip","Reflex"],"picked":"Acrobatics"},{"not_picked":["Flying Knee","Backflip"],"picked":"Dagger Spray"},{"not_picked":["Glass Knife","Poisoned Stab"],"picked":"Deflect"},{"not_picked":["Outmaneuver","Dodge and Roll"],"picked":"Deadly Poison"}],"player_experience":320187,"potions_floor_usage":[16,16,18,18,30,33,33,38,46,50,50,50],"damage_taken":[{"damage":0,"enemies":"Cultist","floor":1,"turns":5},{"damage":0,"enemies":"Small Slimes","floor":5,"turns":4},{"damage":0,"enemies":"2 Louse","floor":7,"turns":2},{"damage":0,"enemies":"2 Fungi Beasts","floor":13,"turns":3},{"damage":2,"enemies":"Blue Slaver","floor":14,"turns":2},{"damage":45,"enemies":"Hexaghost","floor":16,"turns":8},{"damage":5,"enemies":"2 Thieves","floor":18,"turns":4},{"damage":15,"enemies":"Shell Parasite","floor":22,"turns":4},{"damage":27,"enemies":"Centurion and Healer","floor":24,"turns":7},{"damage":0,"enemies":"Snake Plant","floor":29,"turns":3},{"damage":11,"enemies":"Book of Stabbing","floor":30,"turns":4},{"damage":14,"enemies":"Chosen and Byrds","floor":31,"turns":7},{"damage":3,"enemies":"Champ","floor":33,"turns":7},{"damage":11,"enemies":"Flame Bruiser 1 Orb","floor":35,"turns":3},{"damage":6,"enemies":"Orb Walker","floor":37,"turns":3},{"damage":5,"enemies":"Sphere and 2 Shapes","floor":38,"turns":6},{"damage":8,"enemies":"3 Darklings","floor":41,"turns":6},{"damage":21,"enemies":"Spire Growth","floor":46,"turns":4},{"damage":0,"enemies":"Maw","floor":47,"turns":5},{"damage":5,"enemies":"4 Shapes","floor":48,"turns":6},{"damage":58,"enemies":"Awakened One","floor":50,"turns":8}],"event_choices":[{"event_name":"Scrap Ooze","player_choice":"success","floor":4,"damage_taken":3},{"event_name":"Liars Game","player_choice":"agreed","floor":12,"damage_taken":0},{"event_name":"N\u0027loth","player_choice":"Traded a Mango","floor":19,"damage_taken":0},{"event_name":"Cursed Tome","player_choice":"Obtained Book","floor":20,"damage_taken":0},{"event_name":"Addict","player_choice":"Obtained Relic","floor":28,"damage_taken":0},{"event_name":"The Woman in Blue","player_choice":"Bought 3 Potions","floor":36,"damage_taken":0},{"event_name":"Mysterious Sphere","player_choice":"Ignore","floor":44,"damage_taken":0}],"boss_relics":[{"not_picked":["Velvet Choker","Tiny House"],"picked":"Astrolabe"},{"not_picked":["Black Star","Philosopher\u0027s Stone"],"picked":"Runic Dome"}],"potions_floor_spawned":[1,13,14,16,22,24,37,41,47,48],"seed_played":"-348954196553452531","ascension_level":0,"is_trial":false}