{"path_per_floor":["M","M","$","?","M","R","M","E","T","R","M","M","$","T","R","B",null,"M","M","$","M","M","R","?","?","T","R","M","R","?","M","R","B",null,"M","?","$","?","M","?","R","M","T","M","R","?","$","M","R"],"character_chosen":"DEFECT","items_purchased":["Cold Snap","Doom and Gloom","Barrage","Blaster","War Paint","Apotheosis","Aggregate","Turbo"],"gold_per_floor":[368,378,256,256,267,267,287,312,312,312,328,344,65,65,65,160,160,177,189,189,202,221,221,221,221,221,221,231,231,231,244,244,343,343,358,358,283,283,298,298,298,315,315,335,335,335,10,21,21,21],"floor_reached":50,"campfire_rested":6,"playtime":3003,"current_hp_per_floor":[67,64,64,57,56,56,54,41,41,61,45,44,44,44,44,36,68,38,30,30,24,16,36,36,36,36,56,42,62,62,60,60,8,68,68,58,58,58,37,28,48,24,24,11,31,59,59,56,56,0],"items_purged":["Strike_B"],"gold":21,"score":494,"play_id":"8233ccf0-718a-465c-87e7-3a3149fc7bb7","local_time":"20180430160126","is_prod":false,"is_daily":false,"chose_seed":false,"is_ascension_mode":false,"campfire_upgraded":4,"timestamp":1525129286,"path_taken":["M","M","$","?","M","R","?","E","T","R","M","M","?","?","R","BOSS","M","M","?","M","M","R","?","?","T","R","?","R","?","M","R","BOSS","M","?","$","?","M","?","R","M","T","M","R","?","$","M","R","BOSS"],"build_version":"2018-04-27v3","seed_source_timestamp":0,"purchased_purges":1,"victory":false,"master_deck":["Strike_B+1","Strike_B+1","Defend_B+1","Defend_B+1","Defend_B+1","Defend_B+1","Zap+1","Ball Lightning","Turbo","Cold Snap","Doom and Gloom","Streamline","Capacitor+1","White Noise+1","Capacitor+1","Barrage","Blaster","Redo","Leap","Skim","Blaster","Coolheaded","FTL+1","Prime","Impulse","Madness","Mind Blast","Madness","Tempest+1","Madness","Madness","Defragment+1","Apotheosis+1","Aggregate","Turbo","Double Energy"],"max_hp_per_floor":[68,68,68,68,68,68,68,68,68,68,68,68,68,68,68,68,68,68,68,68,68,68,68,68,68,68,68,68,68,68,68,68,68,68,68,68,68,68,68,68,68,68,68,68,68,59,59,59,59,59],"relics":["Cracked Core","Happy Flower","Bag of Preparation","War Paint","Bottled Tornado","Sozu","Thread and Needle","Inserter","Du-Vu Doll"],"card_choices":[{"not_picked":["Hologram","Turbo"],"picked":"Ball Lightning","floor":1.0},{"not_picked":["Rebound","Conserve Battery"],"picked":"Turbo","floor":2.0},{"not_picked":["Rip and Tear","Turbo"],"picked":"Streamline","floor":5.0},{"not_picked":["Skim","Chaos"],"picked":"Capacitor","floor":7.0},{"not_picked":["Flux Capacitor","Buffer"],"picked":"White Noise","floor":8.0},{"not_picked":["Go for the Eyes","Rebound"],"picked":"Capacitor","floor":11.0},{"not_picked":["Biased Cognition","Reboot"],"picked":"Redo","floor":16.0},{"not_picked":["Rebound","Beam Cell"],"picked":"Leap","floor":18.0},{"not_picked":["Capacitor","Genetic Algorithm"],"picked":"Skim","floor":19.0},{"not_picked":["Skim","Gash"],"picked":"Blaster","floor":21.0},{"not_picked":["Skim","Reprogram"],"picked":"Coolheaded","floor":28.0},{"not_picked":["Streamline","Sweeping Beam"],"picked":"FTL","floor":31.0},{"not_picked":["Meteor Strike","Fission"],"picked":"Prime","floor":33.0},{"not_picked":["Coolheaded","Skim"],"picked":"Impulse","floor":35},{"not_picked":["Mind Blast","Dark Shackles"],"picked":"Madness","floor":36},{"not_picked":["Deep Breath","Panacea"],"picked":"Mind Blast","floor":36},{"not_picked":["Good Instincts","Dramatic Entrance"],"picked":"Madness","floor":36},{"not_picked":["Coolheaded","Undo"],"picked":"Tempest","floor":39},{"not_picked":["Barrage","Double Energy"],"picked":"Defragment","floor":42},{"not_picked":["Ball Lightning","Cold Snap"],"picked":"Double Energy","floor":48}],"player_experience":482171,"potions_floor_usage":[],"damage_taken":[{"damage":1.0,"enemies":"Cultist","floor":1.0,"turns":3.0},{"damage":3.0,"enemies":"2 Louse","floor":2.0,"turns":3.0},{"damage":1.0,"enemies":"Small Slimes","floor":5.0,"turns":2.0},{"damage":2.0,"enemies":"2 Fungi Beasts","floor":7.0,"turns":3.0},{"damage":13.0,"enemies":"3 Sentries","floor":8.0,"turns":4.0},{"damage":16.0,"enemies":"Lots of Slimes","floor":11.0,"turns":2.0},{"damage":1.0,"enemies":"Exordium Thugs","floor":12.0,"turns":3.0},{"damage":8.0,"enemies":"Hexaghost","floor":16.0,"turns":8.0},{"damage":30.0,"enemies":"2 Thieves","floor":18.0,"turns":3.0},{"damage":15.0,"enemies":"Shell Parasite","floor":19.0,"turns":6.0},{"damage":6.0,"enemies":"Snecko","floor":21.0,"turns":4.0},{"damage":8.0,"enemies":"3 Cultists","floor":22.0,"turns":4.0},{"damage":14.0,"enemies":"Cultist and Chosen","floor":28.0,"turns":6.0},{"damage":2.0,"enemies":"Snake Plant","floor":31.0,"turns":5.0},{"damage":52.0,"enemies":"Collector","floor":33.0,"turns":10.0},{"damage":0,"enemies":"Orb Walker","floor":35,"turns":4},{"damage":21,"enemies":"3 Darklings","floor":39,"turns":4},{"damage":24,"enemies":"Flame Bruiser 2 Orb","floor":42,"turns":5},{"damage":13,"enemies":"4 Shapes","floor":44,"turns":6},{"damage":3,"enemies":"Spire Growth","floor":48,"turns":4},{"damage":72,"enemies":"Donu and Deca","floor":50,"turns":6}],"event_choices":[{"event_name":"Golden Wing","player_choice":"Card Removal","floor":4.0,"damage_taken":0.0},{"event_name":"Back to Basics","player_choice":"Simplicity","floor":24.0,"damage_taken":0.0},{"event_name":"Purifier","player_choice":"One Purge","floor":25.0,"damage_taken":0.0},{"event_name":"Vampires","player_choice":"Ignored","floor":30.0,"damage_taken":0.0},{"event_name":"SensoryStone","player_choice":"Memory 3","floor":36,"damage_taken":0},{"event_name":"Mysterious Sphere","player_choice":"Ignore","floor":38,"damage_taken":0},{"event_name":"Winding Halls","player_choice":"Embrace Madness","floor":40,"damage_taken":0},{"event_name":"The Moai Head","player_choice":"Heal","floor":46,"damage_taken":0}],"boss_relics":[{"not_picked":["Calling Bell","Black Star"],"picked":"Inserter"}],"potions_floor_spawned":[5,7,12,19,22,31,42],"seed_played":"-5138398441138549560","killed_by":"Donu and Deca","ascension_level":0,"is_trial":false}