{"gold_per_floor":[110,110,122,122,23,48,61,89,137,137,172,185,38,50,50,129,129,141,151,14,34,34,34],"floor_reached":23,"playtime":2121,"items_purged":["Normality","Strike_B"],"score":359,"play_id":"90e9f1ce-536b-4d4c-a991-ed1b9de85d6c","local_time":"20191002064019","is_ascension_mode":true,"campfire_choices":[{"floor":10,"key":"REST"},{"floor":15,"key":"REST"}],"neow_cost":"CURSE","seed_source_timestamp":438856448020606,"circlet_count":0,"master_deck":["AscendersBane","Strike_B","Strike_B","Defend_B","Defend_B","Defend_B","Defend_B","Zap","Dualcast","Conserve Battery","Leap","Ball Lightning","Genetic Algorithm","Compile Driver","Rebound","Core Surge","Defragment","Sunder","Glacier","Creative AI","Ball Lightning","White Noise","Loop"],"relics":["Cracked Core","Thread and Needle","Ornamental Fan","Vajra","Anchor","Blue Candle","Nuclear Battery"],"potions_floor_usage":[6,11,23],"damage_taken":[{"damage":8,"enemies":"Jaw Worm","floor":1,"turns":4},{"damage":0,"enemies":"2 Louse","floor":3,"turns":3},{"damage":12,"enemies":"Lagavulin","floor":6,"turns":6},{"damage":0,"enemies":"Cultist","floor":7,"turns":3},{"damage":25,"enemies":"Gremlin Nob","floor":8,"turns":5},{"damage":16,"enemies":"3 Sentries","floor":11,"turns":9},{"damage":0,"enemies":"2 Fungi Beasts","floor":12,"turns":3},{"damage":1,"enemies":"Lots of Slimes","floor":14,"turns":3},{"damage":40,"enemies":"Hexaghost","floor":16,"turns":16},{"damage":7,"enemies":"2 Thieves","floor":18,"turns":4},{"damage":1,"enemies":"Spheric Guardian","floor":19,"turns":3},{"damage":10,"enemies":"Snake Plant","floor":21,"turns":5},{"damage":49,"enemies":"Gremlin Leader","floor":23,"turns":9}],"seed_played":"5230591931492386061","potions_obtained":[{"floor":1,"key":"Poison Potion"},{"floor":6,"key":"Regen Potion"},{"floor":8,"key":"SpeedPotion"},{"floor":11,"key":"SpeedPotion"},{"floor":12,"key":"LiquidBronze"},{"floor":19,"key":"Strength Potion"},{"floor":22,"key":"Swift Potion"},{"floor":22,"key":"Weak Potion"}],"is_trial":false,"path_per_floor":["M","?","M","?","$","E","M","E","T","R","E","M","$","M","R","B",null,"M","M","$","M","?","E"],"character_chosen":"DEFECT","items_purchased":["Ball Lightning","Defragment","Sunder","White Noise"],"campfire_rested":2,"item_purchase_floors":[5,13,13,20],"current_hp_per_floor":[56,49,49,49,49,37,37,12,12,33,32,32,32,31,52,12,56,49,48,48,38,38,0],"gold":34,"neow_bonus":"ONE_RARE_RELIC","is_prod":false,"is_daily":false,"chose_seed":false,"campfire_upgraded":0,"win_rate":0,"timestamp":1570023619,"path_taken":["M","?","M","?","$","E","?","E","T","R","E","M","$","M","R","BOSS","M","M","$","M","?","E"],"build_version":"2019-07-17","purchased_purges":2,"victory":false,"max_hp_per_floor":[71,71,71,71,71,71,71,71,71,71,71,71,71,71,71,71,71,71,71,71,71,71,71],"card_choices":[{"not_picked":["Cold Snap","Barrage"],"picked":"Conserve Battery","floor":1},{"not_picked":["Stack","Rebound"],"picked":"Leap","floor":3},{"not_picked":["Streamline","Stack"],"picked":"Genetic Algorithm","floor":6},{"not_picked":["Steam","Steam Power","Coolheaded"],"picked":"SKIP","floor":7},{"not_picked":["Redo","Steam"],"picked":"Compile Driver","floor":8},{"not_picked":["Compile Driver","Hologram"],"picked":"Rebound","floor":11},{"not_picked":["Stack","Redo"],"picked":"Core Surge","floor":12},{"not_picked":["Leap","Scrape"],"picked":"Glacier","floor":14},{"not_picked":["Core Surge","Multi-Cast"],"picked":"Creative AI","floor":16},{"not_picked":["Beam Cell","Barrage","Compile Driver"],"picked":"SKIP","floor":18},{"not_picked":["Barrage","Turbo"],"picked":"Ball Lightning","floor":19},{"not_picked":["Go for the Eyes","Sweeping Beam"],"picked":"Loop","floor":21}],"player_experience":650389,"relics_obtained":[{"floor":6,"key":"Ornamental Fan"},{"floor":8,"key":"Vajra"},{"floor":9,"key":"Anchor"},{"floor":11,"key":"Blue Candle"}],"event_choices":[{"cards_removed":["Strike_B"],"damage_healed":0,"gold_gain":0,"player_choice":"Card Removal","damage_taken":7,"max_hp_gain":0,"max_hp_loss":0,"event_name":"Golden Wing","floor":2,"gold_loss":0},{"damage_healed":0,"gold_gain":0,"player_choice":"Bought 0 Potions","damage_taken":0,"max_hp_gain":0,"max_hp_loss":0,"event_name":"The Woman in Blue","floor":4,"gold_loss":0},{"damage_healed":0,"gold_gain":0,"player_choice":"Got Potions","damage_taken":0,"max_hp_gain":0,"max_hp_loss":0,"event_name":"Lab","floor":22,"gold_loss":0}],"is_beta":false,"boss_relics":[{"not_picked":["Pandora\u0027s Box","Fusion Hammer"],"picked":"Nuclear Battery"}],"items_purged_floors":[5,20],"is_endless":false,"potions_floor_spawned":[1,6,8,11,12,19],"killed_by":"Gremlin Leader","ascension_level":14}