{"path_per_floor":["M","?","M","?","M","R","M","M","T","R","M","$","R","M","R","B",null,"M","?","?","$","M","R","M","M","T","?","R","$","M","$","R","B",null,"M","?","$","M","?","R","M","R","T","R","?","$","E","M","R","B"],"character_chosen":"THE_SILENT","items_purchased":["Gambling Chip","Mind Blast"],"gold_per_floor":[114,114,129,129,144,144,159,174,174,174,189,189,189,204,204,304,304,319,319,319,19,34,34,49,64,139,158,158,67,82,7,7,107,107,122,122,22,37,37,37,52,52,127,127,127,2,32,47,47,47],"floor_reached":51,"campfire_rested":2,"playtime":3751,"current_hp_per_floor":[70,58,55,48,48,69,57,57,63,63,56,56,56,56,56,70,82,73,79,79,79,69,69,66,47,53,53,81,81,81,81,81,84,100,100,100,100,100,100,100,96,96,102,102,102,102,102,102,102,51],"items_purged":["Reflex","Storm of Steel","Bullet Time"],"gold":47,"score":869,"play_id":"19855013-4a9b-42b7-a1d6-6950888d1f6b","local_time":"20180309000129","daily_mods":[{"name":"Shiny","description":"Start with 1 Rare card.","modID":"Shiny","img":{"data":{"file":{"file":{"path":"images\\ui\\run_mods\\shiny.png"},"type":"Internal"},"width":64,"height":64,"format":"RGBA8888","useMipMaps":false,"isPrepared":false},"glTarget":3553,"glHandle":684,"minFilter":"Linear","magFilter":"Linear","uWrap":"ClampToEdge","vWrap":"ClampToEdge"},"positive":true},{"name":"Cursed Run","description":"Whenever you defeat a Boss, become Cursed. Your starting relic is replaced with Cursed Key, Darkstone Periapt, and Du-Vu Doll.","modID":"Cursed Run","img":{"data":{"file":{"file":{"path":"images\\ui\\run_mods\\cursed_run.png"},"type":"Internal"},"width":64,"height":64,"format":"RGBA8888","useMipMaps":false,"isPrepared":false},"glTarget":3553,"glHandle":673,"minFilter":"Linear","magFilter":"Linear","uWrap":"ClampToEdge","vWrap":"ClampToEdge"},"positive":false},{"name":"Insanity","description":"Start with a random deck of 50 cards.","modID":"Insanity","img":{"data":{"file":{"file":{"path":"images\\ui\\run_mods\\restless_journey.png"},"type":"Internal"},"width":64,"height":64,"format":"RGBA8888","useMipMaps":false,"isPrepared":false},"glTarget":3553,"glHandle":676,"minFilter":"Linear","magFilter":"Linear","uWrap":"ClampToEdge","vWrap":"ClampToEdge"},"positive":false}],"is_prod":false,"is_daily":true,"is_ascension_mode":false,"campfire_upgraded":9,"timestamp":1520582489,"path_taken":["M","?","M","?","M","R","M","M","T","R","M","$","R","M","R","BOSS","M","?","?","$","?","R","M","M","T","?","R","?","M","$","R","BOSS","M","?","$","M","?","R","M","R","T","R","?","?","E","M","R","BOSS"],"build_version":"2018-03-06-BETA","purchased_purges":4,"victory":true,"master_deck":["Skewer","Dagger Spray","Venomology","Choke","Noxious Fumes+1","A Thousand Cuts","Corpse Explosion","Distraction","Neutralize","Distraction","Blur","Wraith Form+1","Poisoned Stab","Night Terror","Dodge and Roll","Cloak And Dagger","All Out Attack","Quick Slash","Storm of Steel","Setup","Predator","Doppelganger","Footwork+1","Noxious Fumes+1","Unload","Blur","Survivor","A Thousand Cuts","Dodge and Roll","Envenom+1","Caltrops","Bouncing Flask","Escape Plan","Backstab","Infinite Blades+1","Burst","Deadly Poison","Outmaneuver","Finisher","Distraction","Noxious Fumes+1","Doppelganger","Blur","Writhe","Dodge and Roll","Dodge and Roll","Writhe","After Image+1","Cloak And Dagger","Backflip","Deflect","Writhe","Backstab","Regret","Backflip","Mind Blast+1","Decay","Dodge and Roll+1","Adrenaline+1","Deadly Poison+1","Cloak And Dagger+1","Backflip+1","Backflip","Parasite","Riddle With Holes+1","Clumsy"],"max_hp_per_floor":[70,70,70,70,70,70,70,70,76,76,76,76,76,76,76,82,82,82,88,88,88,88,88,88,88,94,94,94,94,94,94,94,100,100,100,100,100,100,100,100,100,100,106,106,106,106,106,106,106,112],"relics":["Cursed Key","Darkstone Periapt","Du-Vu Doll","Lantern","Tingsha","Orrery","Gremlin Horn","Gambling Chip","Mercury Hourglass","Red Mask","Astrolabe","Ninja Scroll","Happy Flower"],"card_choices":[{"not_picked":["Deadly Poison","Catalyst"],"picked":"Blur"},{"not_picked":["Unload","Dagger Spray"],"picked":"Dodge and Roll"},{"not_picked":["Underhanded Strike","PiercingWail"],"picked":"Dodge and Roll"},{"not_picked":["Tools of the Trade","Venomology"],"picked":"After Image"},{"not_picked":["Bane","Adrenaline"],"picked":"Cloak And Dagger"},{"not_picked":["Deflect","Malaise"],"picked":"Backflip"},{"not_picked":["Outmaneuver","Sucker Punch"],"picked":"Deflect"},{"not_picked":["Deadly Poison","Prepared"],"picked":"Backflip"},{"not_picked":["Terror","Crippling Poison"],"picked":"Cloak And Dagger"},{"not_picked":["Underhanded Strike","Dodge and Roll"],"picked":"Backflip"},{"not_picked":["Bane","Corpse Explosion"],"picked":"Backflip"},{"not_picked":["Quick Slash","Dagger Spray"],"picked":"Riddle With Holes"}],"player_experience":327074,"potions_floor_usage":[3,8,14,16,16,18,18,22,30,33,33,38,50,50],"damage_taken":[{"damage":0,"enemies":"2 Louse","floor":1,"turns":1},{"damage":3,"enemies":"Jaw Worm","floor":3,"turns":2},{"damage":0,"enemies":"Small Slimes","floor":5,"turns":3},{"damage":12,"enemies":"Blue Slaver","floor":7,"turns":2},{"damage":0,"enemies":"2 Fungi Beasts","floor":8,"turns":2},{"damage":7,"enemies":"3 Louse","floor":11,"turns":2},{"damage":0,"enemies":"Looter","floor":14,"turns":2},{"damage":7,"enemies":"The Guardian","floor":16,"turns":7},{"damage":12,"enemies":"Shell Parasite","floor":18,"turns":3},{"damage":10,"enemies":"2 Thieves","floor":22,"turns":2},{"damage":3,"enemies":"Centurion and Healer","floor":24,"turns":5},{"damage":19,"enemies":"Snake Plant","floor":25,"turns":4},{"damage":0,"enemies":"Masked Bandits","floor":27,"turns":1},{"damage":0,"enemies":"Cultist and Chosen","floor":30,"turns":2},{"damage":12,"enemies":"Automaton","floor":33,"turns":5},{"damage":0,"enemies":"Flame Bruiser 1 Orb","floor":35,"turns":1},{"damage":0,"enemies":"3 Darklings","floor":38,"turns":1},{"damage":4,"enemies":"Maw","floor":41,"turns":5},{"damage":0,"enemies":"2 Orb Walkers","floor":47,"turns":1},{"damage":0,"enemies":"Spire Growth","floor":48,"turns":1},{"damage":57,"enemies":"Time Eater","floor":50,"turns":9}],"event_choices":[{"event_name":"Scrap Ooze","player_choice":"success","floor":2,"damage_taken":12},{"event_name":"Golden Wing","player_choice":"Card Removal","floor":4,"damage_taken":0},{"event_name":"The Mausoleum","player_choice":"Yes","floor":19,"damage_taken":0},{"event_name":"The Library","player_choice":"Read","floor":20,"damage_taken":0},{"event_name":"Masked Bandits","player_choice":"Fought over 139 gold","floor":27,"damage_taken":0},{"event_name":"Mysterious Sphere","player_choice":"Ignore","floor":36,"damage_taken":0},{"event_name":"Bonfire Elementals","player_choice":"UNCOMMON","floor":39,"damage_taken":0}],"boss_relics":[{"not_picked":["White Beast Statue","Black Star"],"picked":"Orrery"},{"not_picked":["Tiny House","The Specimen"],"picked":"Astrolabe"}],"potions_floor_spawned":[1,5,7,11,16,25,27,33,41],"seed_played":"4738739262917166186","ascension_level":0,"is_trial":false}