{"gold_per_floor":[117,117,117,117,42,42,42,55,55,71,97,159,159,159],"floor_reached":14,"playtime":601,"items_purged":["Strike_G"],"score":90,"play_id":"ffc11a74-de12-455c-866d-d5190b2480d8","local_time":"20190821131822","is_ascension_mode":true,"campfire_choices":[{"data":"Neutralize","floor":6,"key":"SMITH"},{"data":"Backflip","floor":13,"key":"SMITH"}],"neow_cost":"NONE","seed_source_timestamp":1817925249121318,"circlet_count":0,"master_deck":["Strike_G","Strike_G","Strike_G","Strike_G","Defend_G","Defend_G","Defend_G","Survivor","Neutralize+1","Backflip+1","Escape Plan"],"relics":["Ring of the Snake","NeowsBlessing","Happy Flower","Tough Bandages","Strawberry"],"potions_floor_usage":[12,14],"damage_taken":[{"damage":0,"enemies":"2 Louse","floor":1,"turns":2},{"damage":0,"enemies":"Small Slimes","floor":8,"turns":1},{"damage":0,"enemies":"Jaw Worm","floor":10,"turns":1},{"damage":28,"enemies":"Gremlin Nob","floor":11,"turns":5},{"damage":33,"enemies":"3 Sentries","floor":12,"turns":14},{"damage":21,"enemies":"3 Sentries","floor":14,"turns":6}],"seed_played":"2955878823083274689","potions_obtained":[{"floor":10,"key":"GhostInAJar"},{"floor":12,"key":"SneckoOil"}],"is_trial":false,"path_per_floor":["M","?","?","?","$","R","$","M","T","M","E","?","R","E"],"character_chosen":"THE_SILENT","items_purchased":[],"campfire_rested":0,"item_purchase_floors":[],"current_hp_per_floor":[70,63,68,68,68,68,68,68,68,68,40,14,14,0],"gold":159,"neow_bonus":"THREE_ENEMY_KILL","is_prod":false,"is_daily":false,"chose_seed":false,"campfire_upgraded":2,"win_rate":0,"timestamp":1566371902,"path_taken":["M","?","?","?","$","R","$","M","T","M","E","?","R","E"],"build_version":"2019-07-17","purchased_purges":1,"victory":false,"max_hp_per_floor":[70,70,75,75,75,75,75,75,75,75,75,82,82,82],"card_choices":[{"not_picked":["Acrobatics","Dodge and Roll"],"picked":"Backflip","floor":1},{"not_picked":["Cloak And Dagger","Poisoned Stab","Outmaneuver"],"picked":"SKIP","floor":8},{"not_picked":["Deadly Poison","Finisher"],"picked":"Escape Plan","floor":10},{"not_picked":["Masterful Stab","Underhanded Strike","Endless Agony"],"picked":"SKIP","floor":11}],"player_experience":1665440,"relics_obtained":[{"floor":9,"key":"Happy Flower"},{"floor":11,"key":"Tough Bandages"},{"floor":12,"key":"Strawberry"}],"event_choices":[{"cards_removed":["Defend_G"],"damage_healed":0,"gold_gain":0,"player_choice":"Card Removal","damage_taken":7,"max_hp_gain":0,"max_hp_loss":0,"event_name":"Golden Wing","floor":2,"gold_loss":0},{"damage_healed":0,"gold_gain":0,"player_choice":"Donut","damage_taken":0,"max_hp_gain":5,"max_hp_loss":0,"event_name":"Big Fish","floor":3,"gold_loss":0},{"cards_removed":["Defend_G"],"damage_healed":0,"gold_gain":0,"player_choice":"Forget","damage_taken":0,"max_hp_gain":0,"max_hp_loss":0,"event_name":"Living Wall","floor":4,"gold_loss":0},{"damage_healed":0,"gold_gain":0,"player_choice":"Searched \u00271\u0027 times","damage_taken":0,"max_hp_gain":0,"max_hp_loss":0,"event_name":"Dead Adventurer","floor":12,"gold_loss":0}],"is_beta":false,"boss_relics":[],"items_purged_floors":[5],"is_endless":false,"potions_floor_spawned":[10,12],"killed_by":"3 Sentries","ascension_level":1}