{"gold_per_floor":[114,114,129,129,54,54,54,69,69,69,84,144,144,144,144,144],"floor_reached":16,"playtime":540,"items_purged":["Decay"],"score":98,"play_id":"46a062c4-6eaa-4552-92d0-29f15967817a","local_time":"20180630185539","daily_mods":["Diverse","Lethality","Binary"],"is_ascension_mode":false,"campfire_choices":[{"data":"Neutralize","floor":6,"key":"SMITH"},{"floor":10,"key":"REST"},{"data":"Sword Boomerang","floor":15,"key":"SMITH"}],"neow_cost":"","seed_source_timestamp":0,"circlet_count":0,"master_deck":["Defend_G","Defend_G","Defend_G","Defend_G","Strike_G","Strike_G","Strike_G","Strike_G","Strike_G","Survivor","Neutralize+1","Go for the Eyes","Sword Boomerang+1"],"special_seed":17713,"relics":["Ring of the Snake","Juzu Bracelet","Tiny Chest"],"potions_floor_usage":[11,11,12,12],"damage_taken":[{"damage":14,"enemies":"Jaw Worm","floor":1,"turns":2},{"damage":6,"enemies":"Cultist","floor":3,"turns":3},{"damage":0,"enemies":"2 Louse","floor":8,"turns":2},{"damage":0,"enemies":"Gremlin Gang","floor":11,"turns":3},{"damage":11,"enemies":"Lagavulin","floor":12,"turns":5},{"damage":63,"enemies":"The Guardian","floor":16,"turns":8}],"seed_played":"-8851648875795215677","potions_obtained":[{"floor":7,"key":"Swift Potion"},{"floor":7,"key":"Fire Potion"},{"floor":7,"key":"SteroidPotion"},{"floor":8,"key":"FearPotion"},{"floor":11,"key":"EssenceOfSteel"}],"is_trial":false,"path_per_floor":["M","?","M","?","$","R","?","M","T","R","M","E","$","?","R"],"character_chosen":"THE_SILENT","items_purchased":[],"campfire_rested":1,"item_purchase_floors":[],"current_hp_per_floor":[56,56,50,50,50,50,50,50,50,70,70,59,59,59,59,0],"gold":144,"neow_bonus":"","is_prod":false,"is_daily":true,"chose_seed":false,"campfire_upgraded":2,"win_rate":0,"timestamp":1530410139,"path_taken":["M","?","?","?","$","R","?","?","T","R","M","E","$","?","R","BOSS"],"build_version":"2018-06-29","purchased_purges":1,"victory":false,"max_hp_per_floor":[70,70,70,70,70,70,70,70,70,70,70,70,70,70,70,70],"card_choices":[{"not_picked":["Fire Breathing"],"picked":"Go for the Eyes","floor":1},{"not_picked":["True Grit","Doom and Gloom"],"picked":"SKIP","floor":3},{"not_picked":["Barrage","Finisher"],"picked":"SKIP","floor":8},{"not_picked":["Sever Soul","Poisoned Stab"],"picked":"SKIP","floor":11},{"not_picked":["Prepared"],"picked":"Sword Boomerang","floor":12}],"player_experience":540021,"relics_obtained":[{"floor":9,"key":"Juzu Bracelet"},{"floor":12,"key":"Tiny Chest"}],"event_choices":[{"event_name":"Wheel of Change","player_choice":"Curse","floor":2,"damage_taken":0},{"event_name":"The Woman in Blue","player_choice":"Bought 0 Potions","floor":4,"damage_taken":0},{"event_name":"The Lab","player_choice":"Got Potions","floor":7,"damage_taken":0},{"event_name":"Purifier","player_choice":"One Purge","floor":14,"damage_taken":0}],"boss_relics":[],"items_purged_floors":[5],"is_endless":false,"potions_floor_spawned":[8,11],"killed_by":"The Guardian","ascension_level":0}