{"gold_per_floor":[112,112,112,126,201,201,275,302,348,373,373,384,395,410,410,484,484,495,505,9,9,9,9,43,43,125,125,139,139,158,170,170,170],"floor_reached":33,"playtime":982,"items_purged":["Strike_R"],"score":575,"play_id":"2b7fd562-b388-4101-880d-1dece9e24ee0","local_time":"20190930161604","is_ascension_mode":true,"campfire_choices":[{"data":"Anger","floor":6.0,"key":"SMITH"},{"data":"Disarm","floor":11.0,"key":"SMITH"},{"data":"Brutality","floor":15.0,"key":"SMITH"},{"data":"Apotheosis","floor":23,"key":"SMITH"},{"floor":25,"key":"REST"},{"floor":29,"key":"REST"},{"floor":32,"key":"REST"}],"neow_cost":"NONE","seed_source_timestamp":1180279691909800,"circlet_count":0,"master_deck":["AscendersBane","Strike_R","Strike_R","Strike_R","Strike_R","Defend_R","Defend_R","Defend_R","Defend_R","Bash","Clothesline+1","Anger+1","Brutality+1","Disarm+1","Berserk","Dual Wield+1","Apotheosis+1","Shrug It Off","Disarm+1","Combust"],"special_seed":0,"relics":["Burning Blood","Pen Nib","Pear","MealTicket","Juzu Bracelet","White Beast Statue","Velvet Choker","Blood Vial","PreservedInsect","Bottled Tornado"],"potions_floor_usage":[16,16,18,19,24,30],"damage_taken":[{"damage":2.0,"enemies":"Cultist","floor":1.0,"turns":4.0},{"damage":4.0,"enemies":"Jaw Worm","floor":4.0,"turns":3.0},{"damage":15.0,"enemies":"Lagavulin","floor":8.0,"turns":6.0},{"damage":25.0,"enemies":"Gremlin Nob","floor":10.0,"turns":4.0},{"damage":10.0,"enemies":"2 Louse","floor":12.0,"turns":2.0},{"damage":8.0,"enemies":"Looter","floor":13.0,"turns":4.0},{"damage":13.0,"enemies":"Blue Slaver","floor":14.0,"turns":3.0},{"damage":24,"enemies":"The Guardian","floor":16,"turns":16},{"damage":28,"enemies":"3 Byrds","floor":18,"turns":7},{"damage":22,"enemies":"2 Thieves","floor":19,"turns":4},{"damage":62,"enemies":"Slavers","floor":24,"turns":6},{"damage":6,"enemies":"Snake Plant","floor":28,"turns":4},{"damage":51,"enemies":"Sentry and Sphere","floor":30,"turns":6},{"damage":16,"enemies":"Centurion and Healer","floor":31,"turns":6},{"damage":0,"enemies":"Champ","floor":33,"turns":1}],"seed_played":"-1971152362005539873","potions_obtained":[{"floor":4.0,"key":"ElixirPotion"},{"floor":12.0,"key":"LiquidBronze"},{"floor":13.0,"key":"Fruit Juice"},{"floor":14.0,"key":"Swift Potion"},{"floor":16,"key":"Regen Potion"},{"floor":18,"key":"AttackPotion"},{"floor":19,"key":"Swift Potion"},{"floor":24,"key":"Explosive Potion"},{"floor":28,"key":"AttackPotion"},{"floor":30,"key":"DuplicationPotion"}],"is_trial":false,"path_per_floor":["M","?","?","M","?","R","T","E","T","E","R","M","M","M","R","B",null,"M","M","$","?","?","R","E","R","T","?","M","R","M","M","R","B"],"character_chosen":"IRONCLAD","items_purchased":["Apotheosis","Shrug It Off","Blood Vial"],"campfire_rested":3,"item_purchase_floors":[20,20,20],"current_hp_per_floor":[72,72,77,79,68,68,78,69,69,50,50,46,49,42,42,24,77,70,54,69,69,69,69,15,43,43,43,45,73,30,22,50,52],"gold":170,"neow_bonus":"RANDOM_COMMON_RELIC","is_prod":false,"is_daily":false,"chose_seed":false,"campfire_upgraded":4,"win_rate":0,"timestamp":1569885364,"path_taken":["M","?","?","M","?","R","?","E","T","E","R","M","M","M","R","BOSS","M","M","$","?","?","R","E","R","T","?","M","R","M","M","R","BOSS"],"build_version":"2019-09-27","purchased_purges":1,"victory":false,"max_hp_per_floor":[75,75,80,80,80,80,90,90,90,90,90,90,95,95,95,95,95,95,95,95,95,95,95,95,95,95,95,95,95,95,95,95,95],"card_choices":[{"not_picked":["True Grit","Havoc"],"picked":"Clothesline","floor":1.0},{"not_picked":["Iron Wave","Shrug It Off"],"picked":"Anger","floor":4.0},{"not_picked":["Searing Blow","Wild Strike"],"picked":"Brutality","floor":8.0},{"not_picked":["Thunderclap","Bludgeon"],"picked":"Disarm","floor":10.0},{"not_picked":["Wild Strike","Reckless Charge","Havoc"],"picked":"SKIP","floor":12.0},{"not_picked":["Heavy Blade","Clash","Intimidate"],"picked":"SKIP","floor":13.0},{"not_picked":["Pommel Strike","Perfected Strike","Second Wind"],"picked":"SKIP","floor":14.0},{"not_picked":["Bludgeon","Reaper"],"picked":"Berserk","floor":16},{"not_picked":["Headbutt","Pommel Strike"],"picked":"Dual Wield+1","floor":18},{"not_picked":["Havoc","Heavy Blade","Pommel Strike"],"picked":"SKIP","floor":19},{"not_picked":["Armaments","Bludgeon","Inflame"],"picked":"SKIP","floor":24},{"not_picked":["Searing Blow","Iron Wave","Thunderclap"],"picked":"SKIP","floor":28},{"not_picked":["Reckless Charge","Cleave","Iron Wave+1"],"picked":"SKIP","floor":30},{"not_picked":["Perfected Strike","Havoc","Corruption"],"picked":"SKIP","floor":31}],"player_experience":1147528,"relics_obtained":[{"floor":7.0,"key":"Pear"},{"floor":8.0,"key":"MealTicket"},{"floor":9.0,"key":"Juzu Bracelet"},{"floor":10.0,"key":"White Beast Statue"},{"floor":24,"key":"PreservedInsect"},{"floor":26,"key":"Bottled Tornado"}],"event_choices":[{"damage_healed":0.0,"max_hp_gain":0.0,"max_hp_loss":0.0,"gold_gain":0.0,"event_name":"Living Wall","player_choice":"Grow","floor":2.0,"gold_loss":0.0,"damage_taken":0.0,"cards_upgraded":["Clothesline"]},{"damage_healed":0.0,"max_hp_gain":5.0,"max_hp_loss":0.0,"gold_gain":0.0,"event_name":"Big Fish","player_choice":"Donut","floor":3.0,"gold_loss":0.0,"damage_taken":0.0},{"damage_healed":0.0,"max_hp_gain":0.0,"max_hp_loss":0.0,"gold_gain":75.0,"event_name":"World of Goop","player_choice":"Gather Gold","floor":5.0,"gold_loss":0.0,"damage_taken":11.0},{"damage_healed":0,"gold_gain":0,"player_choice":"Copied","damage_taken":0,"max_hp_gain":0,"max_hp_loss":0,"event_name":"Duplicator","floor":21,"gold_loss":0,"cards_obtained":["Disarm"]},{"damage_healed":0,"gold_gain":0,"player_choice":"Read","damage_taken":0,"max_hp_gain":0,"max_hp_loss":0,"event_name":"The Library","floor":22,"gold_loss":0,"cards_obtained":["Combust"]},{"damage_healed":0,"gold_gain":0,"player_choice":"Ignored","damage_taken":0,"max_hp_gain":0,"max_hp_loss":0,"event_name":"The Mausoleum","floor":27,"gold_loss":0}],"is_beta":true,"boss_relics":[{"not_picked":["Philosopher\u0027s Stone","Coffee Dripper"],"picked":"Velvet Choker"}],"items_purged_floors":[20],"is_endless":false,"potions_floor_spawned":[4,12,13,14,16,18,19,24,28,30,31],"killed_by":"Champ","ascension_level":20}