{"gold_per_floor":[116,127,141,216,6,41,41,66,66,66,83,83,118,132,132,132],"floor_reached":16,"playtime":569,"items_purged":[],"score":240,"play_id":"c6dfc8de-d1f3-4972-af1c-0a6722d34944","local_time":"20190722151714","is_ascension_mode":true,"campfire_choices":[{"floor":7.0,"key":"REST"},{"floor":12,"key":"REST"},{"data":"Footwork","floor":15,"key":"SMITH"}],"neow_cost":"NONE","seed_source_timestamp":9695054697044240,"circlet_count":0,"master_deck":["AscendersBane","Strike_G","Strike_G","Strike_G","Strike_G","Strike_G","Defend_G","Defend_G","Defend_G","Defend_G","Defend_G","Survivor","Neutralize","Predator","Footwork+1","Leg Sweep","Escape Plan","Dagger Spray","Leg Sweep","Cloak And Dagger","Escape Plan"],"special_seed":0,"relics":["Ring of the Snake","NeowsBlessing","OrangePellets","Strawberry","Bronze Scales","Singing Bowl"],"potions_floor_usage":[8,8],"damage_taken":[{"damage":0.0,"enemies":"2 Louse","floor":1.0,"turns":1.0},{"damage":0.0,"enemies":"Small Slimes","floor":2.0,"turns":1.0},{"damage":0.0,"enemies":"Jaw Worm","floor":3.0,"turns":1.0},{"damage":45.0,"enemies":"Gremlin Nob","floor":6.0,"turns":6.0},{"damage":25,"enemies":"Lagavulin","floor":8,"turns":8},{"damage":2,"enemies":"Blue Slaver","floor":11,"turns":4},{"damage":20,"enemies":"3 Sentries","floor":13,"turns":9},{"damage":0,"enemies":"Looter","floor":14,"turns":4},{"damage":22,"enemies":"Hexaghost","floor":16,"turns":14}],"seed_played":"8461613439267003415","potions_obtained":[{"floor":3.0,"key":"Regen Potion"},{"floor":6.0,"key":"Strength Potion"},{"floor":11,"key":"Weak Potion"},{"floor":13,"key":"Ancient Potion"}],"is_trial":false,"path_per_floor":["M","M","M","?","$","E","R","E","T","?","M","R","E","M","R","B"],"character_chosen":"THE_SILENT","items_purchased":["OrangePellets"],"campfire_rested":2,"item_purchase_floors":[5],"current_hp_per_floor":[59,59,59,48,48,10,31,21,21,21,19,40,20,20,20,0],"gold":132,"neow_bonus":"THREE_ENEMY_KILL","is_prod":false,"is_daily":false,"chose_seed":false,"campfire_upgraded":1,"win_rate":0,"timestamp":1563787034,"path_taken":["M","M","M","?","$","E","R","E","T","?","M","R","E","?","R","BOSS"],"build_version":"2019-07-17","purchased_purges":0,"victory":false,"max_hp_per_floor":[66,66,66,66,66,73,73,73,73,73,73,73,73,73,73,73],"card_choices":[{"not_picked":["Underhanded Strike","Flying Knee"],"picked":"Predator","floor":1.0},{"not_picked":["Concentrate","Choke"],"picked":"Footwork","floor":2.0},{"not_picked":["Sucker Punch","Slice"],"picked":"Leg Sweep","floor":3.0},{"not_picked":["Calculated Gamble","Underhanded Strike"],"picked":"Escape Plan","floor":6.0},{"not_picked":["Setup","Bane"],"picked":"Dagger Spray","floor":8},{"not_picked":["Storm of Steel","Flying Knee"],"picked":"Leg Sweep","floor":11},{"not_picked":["Bane","Dagger Spray"],"picked":"Cloak And Dagger","floor":13},{"not_picked":["Cloak And Dagger","Underhanded Strike"],"picked":"Escape Plan","floor":14}],"player_experience":1576018,"relics_obtained":[{"floor":6.0,"key":"Strawberry"},{"floor":9,"key":"Bronze Scales"},{"floor":13,"key":"Singing Bowl"}],"event_choices":[{"damage_healed":0.0,"max_hp_gain":0.0,"max_hp_loss":0.0,"gold_gain":75.0,"event_name":"World of Goop","player_choice":"Gather Gold","floor":4.0,"gold_loss":0.0,"damage_taken":11.0},{"damage_healed":0,"gold_gain":0,"player_choice":"Ignored","damage_taken":0,"max_hp_gain":0,"max_hp_loss":0,"event_name":"Liars Game","floor":10,"gold_loss":0}],"is_beta":false,"boss_relics":[],"items_purged_floors":[],"is_endless":false,"potions_floor_spawned":[3,6,11,13],"killed_by":"Hexaghost","ascension_level":20}