{"gold_per_floor":[116,191,40,40,51,69,69,69,120,155,155,155,155,187,187,285,285,301,216,235,235,235,235,250,250,250,250,65,29,29,57,57,157,157,173,42,42],"floor_reached":37,"playtime":2718,"items_purged":["Writhe"],"score":389,"play_id":"d78eec50-66d8-4dda-afc3-4a283e160c98","local_time":"20190915030450","is_ascension_mode":false,"campfire_choices":[{"data":"ForeignInfluence","floor":8,"key":"SMITH"},{"floor":11,"key":"REST"},{"data":"Eruption","floor":13,"key":"SMITH"},{"data":"Evaluate","floor":15,"key":"SMITH"},{"data":"RitualDagger","floor":23,"key":"SMITH"},{"data":"MasterReality","floor":30,"key":"SMITH"},{"data":"Establishment","floor":32,"key":"SMITH"}],"neow_cost":"NONE","seed_source_timestamp":104728671266500,"circlet_count":0,"master_deck":["Eruption+1","Vigilance+1","Fasting","JustLucky","ForeignInfluence+1","Evaluate+1","SignatureMove","Ragnarok","Weave","EmptyBody","FearNoEvil","TalkToTheHand","MasterReality+1","SpiritShield","Consecrate","RitualDagger+1","EmptyFist","Establishment+1","DevaForm"],"relics":["PureWater","MealTicket","Anchor","Juzu Bracelet","PreservedInsect","Orichalcum","Pandora\u0027s Box","Singing Bowl","Ancient Tea Set","Enchiridion","TungstenRod","Membership Card","Vajra","Runic Pyramid","Sundial"],"potions_floor_usage":[10,16,24,31,33],"damage_taken":[{"damage":2,"enemies":"Small Slimes","floor":1,"turns":4},{"damage":2,"enemies":"Jaw Worm","floor":5,"turns":3},{"damage":0,"enemies":"Cultist","floor":6,"turns":2},{"damage":10,"enemies":"3 Sentries","floor":10,"turns":5},{"damage":7,"enemies":"Lagavulin","floor":14,"turns":7},{"damage":36,"enemies":"The Guardian","floor":16,"turns":10},{"damage":7,"enemies":"2 Thieves","floor":18,"turns":4},{"damage":0,"enemies":"Chosen","floor":20,"turns":2},{"damage":0,"enemies":"Centurion and Healer","floor":24,"turns":4},{"damage":4,"enemies":"Gremlin Leader","floor":31,"turns":4},{"damage":15,"enemies":"Champ","floor":33,"turns":10},{"damage":35,"enemies":"3 Darklings","floor":35,"turns":5},{"damage":64,"enemies":"2 Orb Walkers","floor":37,"turns":6}],"seed_played":"-3754804028153684788","potions_obtained":[{"floor":6,"key":"SkillPotion"},{"floor":14,"key":"SkillPotion"},{"floor":16,"key":"PowerPotion"},{"floor":20,"key":"SkillPotion"},{"floor":31,"key":"Fruit Juice"}],"is_trial":false,"path_per_floor":["M","?","$","?","M","M","?","R","T","E","R","$","R","E","R","B",null,"M","?","M","?","?","R","M","?","T","?","$","$","R","E","R","B",null,"M","$","?"],"character_chosen":"WATCHER","items_purchased":["Anchor","Membership Card","Establishment","Sundial"],"campfire_rested":1,"item_purchase_floors":[3,28,29,36],"current_hp_per_floor":[63,52,65,52,50,50,43,43,43,33,52,65,65,58,58,22,65,58,58,58,52,52,52,52,36,36,36,51,65,65,68,68,53,72,39,54,0],"gold":42,"neow_bonus":"RANDOM_COMMON_RELIC","is_prod":false,"is_daily":false,"chose_seed":false,"campfire_upgraded":6,"win_rate":0,"timestamp":1568541890,"path_taken":["M","?","$","?","M","M","?","R","T","E","R","?","R","E","R","BOSS","M","?","M","?","?","R","M","?","T","?","?","$","R","E","R","BOSS","M","$","?"],"build_version":"2019-09-12","purchased_purges":1,"victory":false,"max_hp_per_floor":[65,65,65,65,65,65,65,65,65,65,65,65,65,65,65,65,65,65,65,65,65,65,65,65,65,65,65,65,65,65,72,72,72,72,74,74,74],"card_choices":[{"not_picked":["Sanctity","Meditate"],"picked":"Fasting","floor":1},{"not_picked":["WaveOfTheHand","Halt"],"picked":"JustLucky","floor":5},{"not_picked":["ClearTheMind","ThirdEye"],"picked":"ForeignInfluence","floor":6},{"not_picked":["ClearTheMind","WaveOfTheHand","SpiritShield"],"picked":"SKIP","floor":10},{"not_picked":["FlyingSleeves","Omniscience"],"picked":"Evaluate","floor":14},{"not_picked":["Unraveling","Brilliance"],"picked":"SignatureMove","floor":16},{"not_picked":["FlyingSleeves","Meditate","Sanctity"],"picked":"SKIP","floor":18},{"not_picked":["Prostrate","TalkToTheHand"],"picked":"Consecrate","floor":20},{"not_picked":["FearNoEvil","FlyingSleeves"],"picked":"EmptyFist","floor":24},{"not_picked":["FlyingSleeves","Adaptation+1","EmptyFist"],"picked":"Singing Bowl","floor":31},{"not_picked":["LessonLearned","FlowState"],"picked":"DevaForm","floor":33},{"not_picked":["Collect","ClearTheMind+1","Sanctity"],"picked":"Singing Bowl","floor":35}],"player_experience":701840,"relics_obtained":[{"floor":9,"key":"Juzu Bracelet"},{"floor":10,"key":"PreservedInsect"},{"floor":14,"key":"Orichalcum"},{"floor":25,"key":"Enchiridion"},{"floor":26,"key":"TungstenRod"},{"floor":31,"key":"Vajra"}],"event_choices":[{"damage_healed":0,"gold_gain":75,"player_choice":"Gather Gold","damage_taken":11,"max_hp_gain":0,"max_hp_loss":0,"event_name":"World of Goop","floor":2,"gold_loss":0},{"damage_healed":0,"gold_gain":0,"player_choice":"Entered Light","damage_taken":13,"max_hp_gain":0,"max_hp_loss":0,"event_name":"Shining Light","floor":4,"gold_loss":0,"cards_upgraded":["Strike_P","Vigilance"]},{"cards_removed":["Strike_P"],"damage_healed":0,"gold_gain":0,"player_choice":"Card Removal","damage_taken":7,"max_hp_gain":0,"max_hp_loss":0,"event_name":"Golden Wing","floor":7,"gold_loss":0},{"damage_healed":0,"gold_gain":0,"player_choice":"Obtained Relic","damage_taken":0,"relics_obtained":["Singing Bowl"],"max_hp_gain":0,"max_hp_loss":0,"event_name":"Addict","floor":19,"gold_loss":85},{"damage_healed":0,"gold_gain":0,"player_choice":"Joined the Cult","damage_taken":6,"max_hp_gain":0,"max_hp_loss":0,"event_name":"Nest","floor":21,"gold_loss":0,"cards_obtained":["RitualDagger"]},{"damage_healed":0,"gold_gain":0,"player_choice":"Opened","damage_taken":0,"relics_obtained":["Ancient Tea Set"],"max_hp_gain":0,"max_hp_loss":0,"event_name":"The Mausoleum","floor":22,"gold_loss":0,"cards_obtained":["Writhe"]},{"damage_healed":0,"gold_gain":0,"player_choice":"Obtained Book","damage_taken":16,"max_hp_gain":0,"max_hp_loss":0,"event_name":"Cursed Tome","floor":25,"gold_loss":0},{"damage_healed":0,"gold_gain":0,"player_choice":"Ignored","damage_taken":0,"max_hp_gain":0,"max_hp_loss":0,"event_name":"Vampires","floor":27,"gold_loss":0},{"damage_healed":0,"gold_gain":0,"player_choice":"Fight","damage_taken":0,"max_hp_gain":0,"max_hp_loss":0,"event_name":"Mysterious Sphere","floor":37,"gold_loss":0}],"is_beta":true,"boss_relics":[{"not_picked":["Sozu","Calling Bell"],"picked":"Pandora\u0027s Box"},{"not_picked":["Black Star","Astrolabe"],"picked":"Runic Pyramid"}],"items_purged_floors":[28],"is_endless":false,"potions_floor_spawned":[6,14,16,20,31],"killed_by":"2 Orb Walkers","ascension_level":0}