{"gold_per_floor":[11,31,31,47,47,47,72,132,132,132,153,186,32,51,51,129,129,146,146,146,158,177,177,202,202,255,289,307,327,337,337,337,416,416,432,432,444,464,477,477,511,511,511,511,58,58,90,109,109,109,109],"floor_reached":52,"playtime":2399,"items_purged":["Pain","Dropkick"],"score":1920,"play_id":"6b707001-0a5e-43c4-8e20-50a3c8bb3d69","local_time":"20190930112653","is_ascension_mode":true,"campfire_choices":[{"data":"Anger","floor":6.0,"key":"SMITH"},{"floor":10.0,"key":"REST"},{"data":"Inflame","floor":15.0,"key":"SMITH"},{"data":"Fiend Fire","floor":23.0,"key":"SMITH"},{"floor":25.0,"key":"REST"},{"floor":32,"key":"REST"},{"floor":40,"key":"REST"},{"data":"Juggernaut","floor":46,"key":"SMITH"},{"floor":49,"key":"REST"}],"neow_cost":"NO_GOLD","seed_source_timestamp":0,"circlet_count":0,"master_deck":["AscendersBane","Defend_R","Defend_R","Defend_R","Defend_R","Bash","Shrug It Off","Anger+1","Feel No Pain","True Grit","Wild Strike","Power Through","Ghostly Armor","Inflame+1","Fiend Fire+1","Power Through","Uppercut","Feel No Pain","Second Wind","Offering","True Grit","Body Slam","Juggernaut+1","Pommel Strike+1","True Grit+1","Battle Trance","Seeing Red+1","Power Through","Impervious","Seeing Red"],"special_seed":0,"relics":["Burning Blood","Pocketwatch","WarpedTongs","Blood Vial","Dream Catcher","Kunai","Odd Mushroom","Pen Nib","Runic Pyramid","Bag of Marbles","Tiny Chest","Juzu Bracelet","Astrolabe","Centennial Puzzle","Red Skull","Paper Frog","Smiling Mask"],"potions_floor_usage":[33,41,47,47,51],"damage_taken":[{"damage":1.0,"enemies":"2 Louse","floor":1.0,"turns":4.0},{"damage":1.0,"enemies":"Cultist","floor":2.0,"turns":4.0},{"damage":4.0,"enemies":"Small Slimes","floor":4.0,"turns":3.0},{"damage":35.0,"enemies":"Lagavulin","floor":7.0,"turns":6.0},{"damage":42.0,"enemies":"Lagavulin Event","floor":8.0,"turns":6.0},{"damage":14.0,"enemies":"The Mushroom Lair","floor":11.0,"turns":5.0},{"damage":13.0,"enemies":"Gremlin Nob","floor":12.0,"turns":4.0},{"damage":1.0,"enemies":"2 Fungi Beasts","floor":14.0,"turns":3.0},{"damage":11.0,"enemies":"Hexaghost","floor":16.0,"turns":8.0},{"damage":7.0,"enemies":"Chosen","floor":18.0,"turns":4.0},{"damage":5.0,"enemies":"2 Thieves","floor":21.0,"turns":4.0},{"damage":0.0,"enemies":"Snake Plant","floor":22.0,"turns":4.0},{"damage":62.0,"enemies":"Slavers","floor":24.0,"turns":12.0},{"damage":12,"enemies":"Gremlin Leader","floor":27,"turns":3},{"damage":23,"enemies":"3 Cultists","floor":28,"turns":6},{"damage":0,"enemies":"Snecko","floor":29,"turns":2},{"damage":6,"enemies":"Cultist and Chosen","floor":30,"turns":5},{"damage":42,"enemies":"Collector","floor":33,"turns":8},{"damage":0,"enemies":"Orb Walker","floor":35,"turns":2},{"damage":21,"enemies":"3 Darklings","floor":37,"turns":5},{"damage":20,"enemies":"Writhing Mass","floor":38,"turns":4},{"damage":6,"enemies":"Maw","floor":39,"turns":6},{"damage":21,"enemies":"Reptomancer","floor":41,"turns":4},{"damage":19,"enemies":"Giant Head","floor":47,"turns":7},{"damage":11,"enemies":"Spire Growth","floor":48,"turns":5},{"damage":26,"enemies":"Time Eater","floor":50,"turns":6},{"damage":24,"enemies":"Awakened One","floor":51,"turns":8}],"seed_played":"4880638576868981113","potions_obtained":[{"floor":7.0,"key":"Fire Potion"},{"floor":8.0,"key":"SkillPotion"},{"floor":11.0,"key":"GamblersBrew"},{"floor":12.0,"key":"SkillPotion"},{"floor":14.0,"key":"AttackPotion"},{"floor":18.0,"key":"Ancient Potion"},{"floor":27,"key":"PowerPotion"},{"floor":33,"key":"AttackPotion"},{"floor":41,"key":"Energy Potion"},{"floor":48,"key":"SteroidPotion"}],"is_trial":false,"path_per_floor":["M","M","?","M","$","R","E","?","T","R","?","E","$","M","R","B",null,"M","?","?","M","M","R","E","R","T","E","M","M","M","?","R","B",null,"M","?","M","M","M","R","E","?","T","?","$","R","E","M","R","B","B",null],"character_chosen":"IRONCLAD","items_purchased":["Inflame","Paper Frog","Seeing Red"],"campfire_rested":5,"item_purchase_floors":[13,45,45],"current_hp_per_floor":[73,75,75,75,75,75,46,12,12,34,28,23,23,30,30,27,63,64,64,64,67,75,75,19,41,41,37,22,30,32,32,54,20,61,69,69,56,44,46,68,55,55,55,55,55,55,44,41,62,44,28],"gold":109,"neow_bonus":"ONE_RARE_RELIC","is_prod":false,"is_daily":false,"chose_seed":false,"campfire_upgraded":4,"win_rate":0,"timestamp":1569868013,"path_taken":["M","M","?","M","?","R","E","?","T","R","?","E","$","M","R","BOSS","M","?","?","M","M","R","E","R","T","E","M","M","M","?","R","BOSS","M","?","M","M","M","R","E","?","T","?","$","R","E","M","R","BOSS","BOSS"],"build_version":"2019-09-27","purchased_purges":2,"victory":true,"max_hp_per_floor":[75,75,75,75,75,75,75,75,75,75,75,75,75,75,75,75,75,75,75,75,75,75,75,75,75,75,75,75,75,75,75,75,75,75,75,75,75,75,75,75,75,75,75,71,71,71,71,71,71,71,71],"card_choices":[{"not_picked":["Body Slam","Pommel Strike"],"picked":"Shrug It Off","floor":1.0},{"not_picked":["True Grit","Twin Strike"],"picked":"Anger","floor":2.0},{"not_picked":["Cleave","Dark Embrace"],"picked":"Feel No Pain","floor":4.0},{"not_picked":["Rampage","Burning Pact"],"picked":"True Grit","floor":7.0},{"not_picked":["Twin Strike","Flex"],"picked":"Wild Strike","floor":8.0},{"not_picked":["Body Slam","Flex"],"picked":"Power Through","floor":10.0},{"not_picked":["Heavy Blade","Sword Boomerang"],"picked":"Ghostly Armor","floor":11.0},{"not_picked":["True Grit","Body Slam","Thunderclap"],"picked":"SKIP","floor":12.0},{"not_picked":["Headbutt","Dual Wield"],"picked":"Rampage","floor":14.0},{"not_picked":["Feed","Reaper"],"picked":"Fiend Fire","floor":16.0},{"not_picked":["Shrug It Off","Heavy Blade"],"picked":"Power Through","floor":18.0},{"not_picked":["Perfected Strike","Heavy Blade","Rupture"],"picked":"SKIP","floor":21.0},{"not_picked":["Carnage+1","Pommel Strike","Rage"],"picked":"SKIP","floor":22.0},{"not_picked":["Hemokinesis","Rage+1"],"picked":"Second Wind","floor":24.0},{"not_picked":["Warcry","Cleave"],"picked":"Offering","floor":27},{"not_picked":["Cleave+1","Pummel"],"picked":"True Grit","floor":28},{"not_picked":["Combust","Cleave","Wild Strike+1"],"picked":"SKIP","floor":29},{"not_picked":["Sentinel","Cleave+1","Shrug It Off"],"picked":"SKIP","floor":30},{"not_picked":["Flame Barrier","True Grit"],"picked":"Body Slam","floor":32},{"not_picked":["Fiend Fire","Reaper"],"picked":"Juggernaut","floor":33},{"not_picked":["Combust","Evolve+1"],"picked":"Battle Trance","floor":35},{"not_picked":["Iron Wave+1","Rampage","Thunderclap"],"picked":"SKIP","floor":37},{"not_picked":["Armaments","Havoc"],"picked":"Seeing Red+1","floor":38},{"not_picked":["Warcry","Burning Pact"],"picked":"Power Through","floor":39},{"not_picked":["Warcry","Dual Wield+1"],"picked":"Impervious","floor":41},{"not_picked":["Entrench","Rampage","Ghostly Armor+1"],"picked":"SKIP","floor":47},{"not_picked":["Ghostly Armor","Anger","Havoc"],"picked":"SKIP","floor":48}],"player_experience":1134851,"relics_obtained":[{"floor":7.0,"key":"Blood Vial"},{"floor":8.0,"key":"Dream Catcher"},{"floor":9.0,"key":"Kunai"},{"floor":11.0,"key":"Odd Mushroom"},{"floor":12.0,"key":"Pen Nib"},{"floor":24.0,"key":"Bag of Marbles"},{"floor":26.0,"key":"Tiny Chest"},{"floor":27,"key":"Juzu Bracelet"},{"floor":41,"key":"Centennial Puzzle"},{"floor":43,"key":"Red Skull"},{"floor":47,"key":"Smiling Mask"}],"event_choices":[{"damage_healed":0.0,"max_hp_gain":0.0,"max_hp_loss":0.0,"gold_gain":0.0,"event_name":"Accursed Blacksmith","player_choice":"Rummage","floor":3.0,"gold_loss":0.0,"damage_taken":0.0,"relics_obtained":["WarpedTongs"],"cards_obtained":["Pain"]},{"damage_healed":0.0,"max_hp_gain":0.0,"max_hp_loss":0.0,"gold_gain":0.0,"event_name":"Dead Adventurer","player_choice":"Searched \u00272\u0027 times","floor":8.0,"gold_loss":0.0,"damage_taken":0.0},{"damage_healed":0.0,"max_hp_gain":0.0,"max_hp_loss":0.0,"gold_gain":0.0,"event_name":"Mushrooms","player_choice":"Fought Mushrooms","floor":11.0,"gold_loss":0.0,"damage_taken":0.0},{"damage_healed":0.0,"max_hp_gain":0.0,"max_hp_loss":0.0,"gold_gain":0.0,"cards_transformed":["Strike_R","Strike_R"],"event_name":"Drug Dealer","player_choice":"Became Test Subject","floor":19.0,"gold_loss":0.0,"damage_taken":0.0,"cards_obtained":["Uppercut","Feel No Pain"]},{"damage_healed":0.0,"max_hp_gain":0.0,"max_hp_loss":0.0,"gold_gain":0.0,"event_name":"The Mausoleum","player_choice":"Ignored","floor":20.0,"gold_loss":0.0,"damage_taken":0.0},{"damage_healed":0,"gold_gain":0,"cards_transformed":["Strike_R"],"player_choice":"Transformed","damage_taken":0,"max_hp_gain":0,"max_hp_loss":0,"event_name":"Transmorgrifier","floor":31,"gold_loss":0,"cards_obtained":["Dropkick"]},{"cards_removed":["Rampage"],"damage_healed":0,"gold_gain":0,"player_choice":"Removed Attack","damage_taken":0,"max_hp_gain":0,"max_hp_loss":0,"event_name":"Falling","floor":36,"gold_loss":0},{"damage_healed":0,"gold_gain":0,"cards_transformed":["Perfected Strike"],"player_choice":"Transformed","damage_taken":0,"max_hp_gain":0,"max_hp_loss":0,"event_name":"Transmorgrifier","floor":42,"gold_loss":0,"cards_obtained":["Dropkick"]},{"damage_healed":0,"gold_gain":0,"player_choice":"Max HP","damage_taken":0,"max_hp_gain":0,"max_hp_loss":4,"event_name":"Winding Halls","floor":44,"gold_loss":0}],"is_beta":true,"boss_relics":[{"not_picked":["Ectoplasm","Black Blood"],"picked":"Runic Pyramid"},{"not_picked":["Snecko Eye","Coffee Dripper"],"picked":"Astrolabe"}],"items_purged_floors":[13,45],"is_endless":false,"potions_floor_spawned":[7,8,11,12,14,18,27,30,33,35,37,41,48],"ascension_level":20}