{"gold_per_floor":[116,116,116,116,116,116,131,49,73,88,88,118,134,166,166,271,271,287,287,562,370,381,410,427,455,455,64,64,64,90,104,104,206,206,226,31,31,31,42,75,99,99,99,0,38,54,68,68,68,68],"floor_reached":50,"playtime":4483,"items_purged":["Regret","Strike_P","Strike_P"],"score":811,"play_id":"271d399d-9667-4d84-9392-6adc7c74ae86","local_time":"20190922091543","is_ascension_mode":true,"campfire_choices":[{"data":"Eruption","floor":6,"key":"SMITH"},{"data":"Protect","floor":11,"key":"SMITH"},{"floor":15,"key":"REST"},{"data":"MentalFortress","floor":29,"key":"SMITH"},{"floor":32,"key":"REST"},{"floor":42,"key":"REST"},{"data":"MentalFortress","floor":49,"key":"SMITH"}],"neow_cost":"PERCENT_DAMAGE","seed_source_timestamp":3887947972400,"circlet_count":0,"master_deck":["Strike_P","Strike_P","Defend_P","Defend_P","Defend_P","Eruption+1","Vigilance","EmptyBody","Wallop","Protect+1","BattleHymn","CrushJoints","BowlingBash","InnerPeace","EmptyFist","Crescendo","Devotion","MentalFortress+1","EmptyFist","Consecrate+1","ClearTheMind","Adaptation","FlurryOfBlows","Ghostly","Ghostly","Ghostly","Ghostly","Ghostly","DevaForm","FearNoEvil","MentalFortress+1","ClearTheMind","Wish","Trip","Dramatic Entrance"],"relics":["HolyWater","Torii","Anchor","PreservedInsect","Ginger","VioletLotus","WingedGreaves","Centennial Puzzle","Potion Belt","Matryoshka","DollysMirror","Bronze Scales","GremlinMask","Happy Flower","Orichalcum","Regal Pillow","CeramicFish","Bottled Lightning","Red Mask","Darkstone Periapt"],"potions_floor_usage":[12,14,14,14,23,30,30,33,50],"damage_taken":[{"damage":1,"enemies":"Small Slimes","floor":1,"turns":4},{"damage":0,"enemies":"Cultist","floor":7,"turns":2},{"damage":0,"enemies":"Jaw Worm","floor":10,"turns":3},{"damage":14,"enemies":"Lagavulin","floor":12,"turns":4},{"damage":1,"enemies":"Exordium Thugs","floor":13,"turns":3},{"damage":0,"enemies":"3 Sentries","floor":14,"turns":2},{"damage":16,"enemies":"Hexaghost","floor":16,"turns":8},{"damage":6,"enemies":"3 Byrds","floor":18,"turns":6},{"damage":12,"enemies":"2 Thieves","floor":22,"turns":4},{"damage":37,"enemies":"Slavers","floor":23,"turns":6},{"damage":1,"enemies":"Centurion and Healer","floor":24,"turns":6},{"damage":0,"enemies":"Gremlin Leader","floor":25,"turns":5},{"damage":0,"enemies":"Slavers","floor":30,"turns":5},{"damage":7,"enemies":"Cultist and Chosen","floor":31,"turns":7},{"damage":10,"enemies":"Collector","floor":33,"turns":8},{"damage":1,"enemies":"3 Shapes","floor":35,"turns":5},{"damage":1,"enemies":"Orb Walker","floor":39,"turns":5},{"damage":28,"enemies":"Nemesis","floor":40,"turns":9},{"damage":0,"enemies":"Giant Head","floor":45,"turns":8},{"damage":0,"enemies":"4 Shapes","floor":46,"turns":8},{"damage":30,"enemies":"Time Eater","floor":50,"turns":14}],"seed_played":"-8124498696173184266","potions_obtained":[{"floor":7,"key":"Regen Potion"},{"floor":10,"key":"BottledMiracle"},{"floor":12,"key":"AttackPotion"},{"floor":13,"key":"AttackPotion"},{"floor":22,"key":"PowerPotion"},{"floor":24,"key":"Swift Potion"},{"floor":25,"key":"Energy Potion"},{"floor":31,"key":"BottledMiracle"},{"floor":40,"key":"SpeedPotion"}],"is_trial":false,"path_per_floor":["M","$","?","$","$","R","M","$","T","M","R","E","M","E","R","B",null,"M","?","?","$","M","E","M","E","T","$","?","R","E","M","R","B",null,"M","$","?","$","M","E","T","R","T","?","E","M","?","?","R","B"],"character_chosen":"WATCHER","items_purchased":["Protect","BattleHymn","Crescendo","Devotion","Adaptation","DollysMirror","FlurryOfBlows","MentalFortress"],"campfire_rested":3,"item_purchase_floors":[8,8,21,21,27,27,27,36],"current_hp_per_floor":[46,46,46,46,46,46,46,46,46,46,46,32,31,36,55,39,65,59,59,59,59,47,10,9,9,9,9,9,9,9,2,11,1,32,31,31,31,31,30,2,2,26,26,26,26,26,21,21,21,0],"gold":68,"neow_bonus":"ONE_RARE_RELIC","is_prod":false,"is_daily":false,"chose_seed":false,"campfire_upgraded":4,"win_rate":0,"timestamp":1569168943,"path_taken":["M","$","?","?","$","R","M","?","T","?","R","E","M","E","R","BOSS","M","?","?","$","?","E","M","E","T","$","?","R","E","M","R","BOSS","M","$","?","$","?","E","?","R","T","?","E","M","?","?","R","BOSS"],"build_version":"2019-09-20","purchased_purges":3,"victory":false,"max_hp_per_floor":[65,65,65,65,65,65,65,65,65,65,65,65,65,65,65,65,65,65,65,65,65,65,65,65,65,65,65,32,32,32,32,32,32,32,32,32,32,32,32,32,32,32,32,32,32,32,32,32,32,32],"card_choices":[{"not_picked":["ThirdEye","StepAndStrike"],"picked":"EmptyBody","floor":1},{"not_picked":["MentalFortress","ForeignInfluence"],"picked":"Wallop","floor":7},{"not_picked":["Halt","Prostrate"],"picked":"CrushJoints","floor":10},{"not_picked":["CrushJoints","Blasphemy"],"picked":"BowlingBash","floor":12},{"not_picked":["BowlingBash","Prostrate"],"picked":"InnerPeace","floor":13},{"not_picked":["SashWhip","Perseverance"],"picked":"EmptyFist","floor":14},{"not_picked":["SashWhip","PathToVictory","FollowUp"],"picked":"SKIP","floor":18},{"not_picked":["Halt+1","SashWhip"],"picked":"MentalFortress","floor":22},{"not_picked":["Vault","CrushJoints+1"],"picked":"EmptyFist","floor":23},{"not_picked":["Collect","WaveOfTheHand"],"picked":"Consecrate+1","floor":24},{"not_picked":["BowlingBash","Collect"],"picked":"ClearTheMind","floor":25},{"not_picked":["Consecrate","ReachHeaven","FollowUp"],"picked":"SKIP","floor":30},{"not_picked":["PathToVictory","EmptyBody","SpiritShield"],"picked":"SKIP","floor":31},{"not_picked":["Unraveling","Blasphemy"],"picked":"DevaForm","floor":33},{"not_picked":["WaveOfTheHand+1","EmptyFist"],"picked":"FearNoEvil","floor":35},{"not_picked":["CarveReality","ThirdEye","PathToVictory+1"],"picked":"SKIP","floor":39},{"not_picked":["LessonLearned","Judgement"],"picked":"ClearTheMind","floor":40},{"not_picked":["StepAndStrike","DeusExMachina"],"picked":"Wish","floor":45},{"not_picked":["ThirdEye","Sanctity+1","Tantrum+1"],"picked":"SKIP","floor":46},{"not_picked":["Magnetism","Panacea"],"picked":"Trip","floor":47},{"not_picked":["Blind","Swift Strike"],"picked":"Dramatic Entrance","floor":47}],"player_experience":748765,"relics_obtained":[{"floor":9,"key":"Anchor"},{"floor":12,"key":"PreservedInsect"},{"floor":14,"key":"Ginger"},{"floor":23,"key":"Centennial Puzzle"},{"floor":25,"key":"Potion Belt"},{"floor":26,"key":"Matryoshka"},{"floor":30,"key":"Bronze Scales"},{"floor":40,"key":"Happy Flower"},{"floor":41,"key":"Orichalcum"},{"floor":41,"key":"Regal Pillow"},{"floor":43,"key":"CeramicFish"},{"floor":43,"key":"Bottled Lightning"},{"floor":45,"key":"Darkstone Periapt"}],"event_choices":[{"cards_removed":["Defend_P"],"damage_healed":0,"gold_gain":0,"player_choice":"Offered Basic","damage_taken":0,"max_hp_gain":0,"max_hp_loss":0,"event_name":"Bonfire Elementals","floor":3,"gold_loss":0},{"damage_healed":0,"gold_gain":0,"player_choice":"Opened","damage_taken":0,"relics_obtained":["WingedGreaves"],"max_hp_gain":0,"max_hp_loss":0,"event_name":"The Mausoleum","floor":19,"gold_loss":0},{"damage_healed":0,"gold_gain":275,"player_choice":"Desecrate","damage_taken":0,"max_hp_gain":0,"max_hp_loss":0,"event_name":"Golden Shrine","floor":20,"gold_loss":0,"cards_obtained":["Regret"]},{"damage_healed":0,"gold_gain":0,"player_choice":"Became a Ghost","damage_taken":0,"max_hp_gain":0,"max_hp_loss":33,"event_name":"Ghosts","floor":28,"gold_loss":0,"cards_obtained":["Ghostly","Ghostly","Ghostly","Ghostly","Ghostly"]},{"damage_healed":0,"gold_gain":0,"player_choice":"Trade","damage_taken":0,"relics_obtained":["GremlinMask"],"max_hp_gain":0,"max_hp_loss":0,"event_name":"FaceTrader","floor":37,"gold_loss":0},{"damage_healed":0,"gold_gain":0,"player_choice":"Paid","damage_taken":0,"relics_obtained":["Red Mask"],"max_hp_gain":0,"max_hp_loss":0,"event_name":"Tomb of Lord Red Mask","floor":44,"gold_loss":99},{"damage_healed":0,"gold_gain":0,"player_choice":"Memory 2","damage_taken":5,"max_hp_gain":0,"max_hp_loss":0,"event_name":"SensoryStone","floor":47,"gold_loss":0},{"cards_removed":["Adaptation"],"damage_healed":0,"gold_gain":0,"player_choice":"Removed Power","damage_taken":0,"max_hp_gain":0,"max_hp_loss":0,"event_name":"Falling","floor":48,"gold_loss":0}],"is_beta":true,"boss_relics":[{"not_picked":["Astrolabe","Black Star"],"picked":"VioletLotus"},{"not_picked":["Velvet Choker","Pandora\u0027s Box"],"picked":"HolyWater"}],"items_purged_floors":[21,27,36],"is_endless":false,"potions_floor_spawned":[7,10,12,13,22,24,25,31,40],"killed_by":"Time Eater","ascension_level":3}