{"gold_per_floor":[119,119,139,139,68,68,93,108,135,35,0,35,35,68,68,68],"floor_reached":16,"playtime":554,"items_purged":["Strike_G"],"score":268,"play_id":"40c22fe7-1898-4e0a-bb34-26f7dcaceea9","local_time":"20190705144000","is_ascension_mode":true,"campfire_choices":[{"data":"Caltrops","floor":6,"key":"SMITH"},{"floor":15,"key":"REST"}],"neow_cost":"NONE","seed_source_timestamp":8224046774630434,"circlet_count":0,"master_deck":["AscendersBane","Strike_G","Strike_G","Strike_G","Strike_G","Defend_G","Defend_G","Defend_G","Defend_G","Defend_G","Survivor","Neutralize","Caltrops+1","Underhanded Strike","Flechettes","Blur","Backflip","Acrobatics","Noxious Fumes","Corpse Explosion"],"relics":["Ring of the Snake","NeowsBlessing","GremlinMask","MawBank","Ninja Scroll","Centennial Puzzle","Vajra","Shovel","Ornamental Fan"],"potions_floor_usage":[14,16],"damage_taken":[{"damage":0,"enemies":"2 Louse","floor":1,"turns":1},{"damage":0,"enemies":"Cultist","floor":3,"turns":1},{"damage":0,"enemies":"Gremlin Nob","floor":7,"turns":1},{"damage":2,"enemies":"Jaw Worm","floor":8,"turns":4},{"damage":0,"enemies":"Looter","floor":11,"turns":4},{"damage":16,"enemies":"3 Sentries","floor":12,"turns":9},{"damage":22,"enemies":"Lagavulin","floor":14,"turns":6},{"damage":42,"enemies":"Slime Boss","floor":16,"turns":6}],"seed_played":"4637722579107325951","potions_obtained":[{"floor":12,"key":"EssenceOfSteel"},{"floor":14,"key":"Poison Potion"}],"is_trial":false,"path_per_floor":["M","?","M","?","$","R","E","M","T","$","M","E","T","E","R","B"],"character_chosen":"THE_SILENT","items_purchased":["Flechettes","Acrobatics"],"campfire_rested":1,"item_purchase_floors":[5,10],"current_hp_per_floor":[59,59,59,59,59,59,59,57,57,57,57,41,41,19,38,0],"gold":68,"neow_bonus":"THREE_ENEMY_KILL","is_prod":false,"is_daily":false,"chose_seed":false,"campfire_upgraded":1,"win_rate":0,"timestamp":1562316000,"path_taken":["M","?","?","?","?","R","E","M","T","$","M","E","?","E","R","BOSS"],"build_version":"2019-07-01","purchased_purges":1,"victory":false,"max_hp_per_floor":[66,66,66,66,66,66,66,66,66,66,66,66,66,66,66,66],"card_choices":[{"not_picked":["Deflect","Slice"],"picked":"Caltrops","floor":1},{"not_picked":["Cloak And Dagger","Expertise"],"picked":"Underhanded Strike","floor":3},{"not_picked":["Setup","Phantasmal Killer"],"picked":"Blur","floor":7},{"not_picked":["PiercingWail","Catalyst"],"picked":"Backflip","floor":8},{"not_picked":["Sucker Punch","Prepared"],"picked":"Noxious Fumes","floor":11},{"not_picked":["Prepared","Cloak And Dagger"],"picked":"Corpse Explosion","floor":12},{"not_picked":["Acrobatics","Dagger Spray","Blade Dance"],"picked":"SKIP","floor":14}],"player_experience":1505792,"relics_obtained":[{"floor":4,"key":"MawBank"},{"floor":7,"key":"Ninja Scroll"},{"floor":9,"key":"Centennial Puzzle"},{"floor":12,"key":"Vajra"},{"floor":13,"key":"Shovel"},{"floor":14,"key":"Ornamental Fan"}],"event_choices":[{"damage_healed":0,"gold_gain":0,"player_choice":"Trade","damage_taken":0,"relics_obtained":["GremlinMask"],"max_hp_gain":0,"max_hp_loss":0,"event_name":"FaceTrader","floor":2,"gold_loss":0},{"damage_healed":0,"gold_gain":0,"player_choice":"Relic","damage_taken":0,"max_hp_gain":0,"max_hp_loss":0,"event_name":"Wheel of Change","floor":4,"gold_loss":0}],"is_beta":false,"boss_relics":[],"items_purged_floors":[10],"is_endless":false,"potions_floor_spawned":[12,14],"killed_by":"Slime Boss","ascension_level":18}