{"gold_per_floor":[212,230,241,80,91,124,124,143,143,156,170,170,95,125,125,199,199,217,217,229,57,72,72,100,100,100,100,119,119,152,167,167,242,242,259,259,259,11,11,11,26,26,49,60,60,60,72,102,102,102,102],"floor_reached":51,"playtime":5432,"items_purged":["Strike_R"],"score":1354,"play_id":"74d68967-6d38-4d9a-a7f1-c82d9397bb65","local_time":"20190928174409","is_ascension_mode":true,"campfire_choices":[{"data":"Armaments","floor":7.0,"key":"SMITH"},{"data":"Berserk","floor":12.0,"key":"SMITH"},{"floor":15.0,"key":"REST"},{"data":"Fiend Fire","floor":23.0,"key":"SMITH"},{"data":"Metallicize","floor":27.0,"key":"SMITH"},{"floor":29.0,"key":"REST"},{"floor":32.0,"key":"REST"},{"data":"Juggernaut","floor":40.0,"key":"SMITH"},{"floor":42.0,"key":"REST"},{"floor":46.0,"key":"REST"},{"floor":49.0,"key":"REST"}],"neow_cost":"NONE","seed_source_timestamp":1008262856627300,"circlet_count":0,"master_deck":["AscendersBane","Strike_R","Strike_R","Strike_R","Defend_R","Defend_R","Defend_R","Defend_R","Bash","Berserk+1","Metallicize","Battle Trance","Fiend Fire+1","Metallicize+1","Anger","Armaments+1","Battle Trance","Disarm","Flame Barrier","Rampage","Juggernaut+1","Sentinel","Power Through","True Grit+1","Offering","Corruption+1","Madness","Madness","PanicButton","Seeing Red+1","Sentinel+1","Barricade"],"special_seed":0,"relics":["Burning Blood","Orrery","Kunai","Lizard Tail","Charon\u0027s Ashes","Runic Pyramid","Lee\u0027s Waffle","Ice Cream","Calipers","TungstenRod","Velvet Choker","Blood Vial","Toxic Egg 2","Pen Nib","Ornamental Fan"],"potions_floor_usage":[51,51],"damage_taken":[{"damage":8.0,"enemies":"Cultist","floor":1.0,"turns":5.0},{"damage":4.0,"enemies":"Jaw Worm","floor":2.0,"turns":6.0},{"damage":9.0,"enemies":"2 Louse","floor":3.0,"turns":4.0},{"damage":0.0,"enemies":"Looter","floor":5.0,"turns":3.0},{"damage":16.0,"enemies":"3 Sentries","floor":6.0,"turns":10.0},{"damage":7.0,"enemies":"Exordium Wildlife","floor":8.0,"turns":4.0},{"damage":7.0,"enemies":"Blue Slaver","floor":10.0,"turns":4.0},{"damage":15.0,"enemies":"Lots of Slimes","floor":11.0,"turns":6.0},{"damage":44.0,"enemies":"Gremlin Nob","floor":14.0,"turns":5.0},{"damage":2.0,"enemies":"Hexaghost","floor":16.0,"turns":9.0},{"damage":21.0,"enemies":"2 Thieves","floor":18.0,"turns":3.0},{"damage":15.0,"enemies":"Shell Parasite","floor":20.0,"turns":3.0},{"damage":8.0,"enemies":"Centurion and Healer","floor":22.0,"turns":7.0},{"damage":22.0,"enemies":"Gremlin Leader","floor":24.0,"turns":4.0},{"damage":29.0,"enemies":"Shelled Parasite and Fungi","floor":28.0,"turns":4.0},{"damage":74.0,"enemies":"Slavers","floor":30.0,"turns":6.0},{"damage":11.0,"enemies":"3 Cultists","floor":31.0,"turns":5.0},{"damage":16.0,"enemies":"Automaton","floor":33.0,"turns":13.0},{"damage":7.0,"enemies":"Orb Walker","floor":35.0,"turns":4.0},{"damage":22.0,"enemies":"3 Darklings","floor":41.0,"turns":4.0},{"damage":44.0,"enemies":"Jaw Worm Horde","floor":44.0,"turns":4.0},{"damage":10.0,"enemies":"Maw","floor":47.0,"turns":7.0},{"damage":11.0,"enemies":"Nemesis","floor":48.0,"turns":7.0},{"damage":66,"enemies":"Donu and Deca","floor":50,"turns":16},{"damage":75,"enemies":"Awakened One","floor":51,"turns":5}],"seed_played":"6955120916676299241","potions_obtained":[{"floor":2.0,"key":"LiquidBronze"},{"floor":6.0,"key":"SkillPotion"},{"floor":8.0,"key":"Swift Potion"},{"floor":11.0,"key":"Block Potion"},{"floor":18.0,"key":"EssenceOfSteel"},{"floor":20.0,"key":"Energy Potion"},{"floor":22.0,"key":"Regen Potion"},{"floor":28.0,"key":"Fruit Juice"},{"floor":44.0,"key":"LiquidBronze"},{"floor":47.0,"key":"BloodPotion"},{"floor":48.0,"key":"LiquidBronze"}],"is_trial":false,"path_per_floor":["M","M","M","$","M","E","R","M","T","M","M","R","?","E","R","B",null,"M","?","M","$","M","R","E","?","T","R","M","R","E","M","R","B",null,"M","?","?","$","T","R","M","R","T","M","?","R","M","E","R","B","B"],"character_chosen":"IRONCLAD","items_purchased":["Orrery","Lee\u0027s Waffle","Blood Vial"],"campfire_rested":6,"item_purchase_floors":[4,21,38],"current_hp_per_floor":[66,68,65,65,71,61,61,60,60,59,50,50,50,12,34,38,66,51,51,42,82,80,80,73,73,73,73,55,81,13,8,34,24,71,70,55,46,46,46,46,32,58,58,22,22,48,46,60,86,27,0],"gold":102,"neow_bonus":"HUNDRED_GOLD","is_prod":false,"is_daily":false,"chose_seed":false,"campfire_upgraded":5,"win_rate":0,"timestamp":1569717849,"path_taken":["M","?","M","$","M","E","R","M","T","M","M","R","?","E","R","BOSS","M","?","M","$","M","R","E","?","T","R","M","R","E","?","R","BOSS","M","?","?","$","?","R","?","R","T","M","?","R","?","E","R","BOSS","BOSS"],"build_version":"2019-09-27","purchased_purges":1,"victory":false,"max_hp_per_floor":[75,75,75,75,75,75,75,75,75,75,75,75,75,75,75,75,75,75,75,75,82,82,82,82,82,82,82,87,87,87,87,87,87,87,87,87,87,87,87,87,87,87,87,87,87,87,87,87,87,87,87],"card_choices":[{"not_picked":["Thunderclap","Body Slam","Iron Wave"],"picked":"SKIP","floor":1.0},{"not_picked":["Clothesline","Warcry"],"picked":"Berserk","floor":2.0},{"not_picked":["Ghostly Armor","Shrug It Off"],"picked":"Metallicize","floor":3.0},{"not_picked":["True Grit","Cleave"],"picked":"Battle Trance","floor":4.0},{"not_picked":["Havoc","Second Wind"],"picked":"Fiend Fire","floor":4.0},{"not_picked":["True Grit","Dual Wield"],"picked":"Metallicize","floor":4.0},{"not_picked":["Rage","Armaments"],"picked":"Anger","floor":4.0},{"not_picked":["Twin Strike","Entrench"],"picked":"Armaments","floor":4.0},{"not_picked":["Clash","Clothesline"],"picked":"Battle Trance","floor":5.0},{"not_picked":["Warcry","Combust","Sever Soul"],"picked":"SKIP","floor":6.0},{"not_picked":["Sentinel","Shockwave"],"picked":"Disarm","floor":8.0},{"not_picked":["Anger","Exhume"],"picked":"Flame Barrier","floor":10.0},{"not_picked":["Clash","Fire Breathing"],"picked":"Rampage","floor":11.0},{"not_picked":["Armaments","Entrench","Perfected Strike"],"picked":"SKIP","floor":14.0},{"not_picked":["Double Tap","Limit Break"],"picked":"Juggernaut","floor":16.0},{"not_picked":["Headbutt","Spot Weakness","Shrug It Off"],"picked":"SKIP","floor":18.0},{"not_picked":["Rampage","Shockwave","Intimidate"],"picked":"SKIP","floor":20.0},{"not_picked":["Havoc","Flame Barrier"],"picked":"Sentinel","floor":22.0},{"not_picked":["Dual Wield","Headbutt","Clash+1"],"picked":"SKIP","floor":24.0},{"not_picked":["Blood for Blood","Thunderclap","Sword Boomerang"],"picked":"SKIP","floor":28.0},{"not_picked":["Armaments","Ghostly Armor"],"picked":"True Grit+1","floor":30.0},{"not_picked":["Thunderclap","Feed","Evolve"],"picked":"SKIP","floor":31.0},{"not_picked":["Berserk","Feed"],"picked":"Offering","floor":33.0},{"not_picked":["Cleave","Warcry"],"picked":"Corruption","floor":35.0},{"not_picked":["Finesse","Discovery"],"picked":"PanicButton","floor":37.0},{"not_picked":["Cleave","Wild Strike+1"],"picked":"Seeing Red+1","floor":41.0},{"not_picked":["Wild Strike+1","Thunderclap+1"],"picked":"Sentinel+1","floor":44.0},{"not_picked":["Anger","Twin Strike+1"],"picked":"Barricade","floor":47.0},{"not_picked":["Headbutt+1","Rampage+1","Warcry+1"],"picked":"SKIP","floor":48.0}],"player_experience":1103730,"relics_obtained":[{"floor":6.0,"key":"Kunai"},{"floor":9.0,"key":"Lizard Tail"},{"floor":14.0,"key":"Charon\u0027s Ashes"},{"floor":24.0,"key":"Ice Cream"},{"floor":26.0,"key":"Calipers"},{"floor":30.0,"key":"TungstenRod"},{"floor":39.0,"key":"Toxic Egg 2"},{"floor":43.0,"key":"Pen Nib"},{"floor":48.0,"key":"Ornamental Fan"}],"event_choices":[{"cards_removed":["Strike_R"],"damage_healed":0.0,"max_hp_gain":0.0,"max_hp_loss":0.0,"gold_gain":0.0,"event_name":"The Cleric","player_choice":"Card Removal","floor":13.0,"gold_loss":75.0,"damage_taken":0.0},{"damage_healed":0.0,"max_hp_gain":0.0,"max_hp_loss":0.0,"gold_gain":0.0,"event_name":"Vampires","player_choice":"Ignored","floor":19.0,"gold_loss":0.0,"damage_taken":0.0},{"damage_healed":0.0,"max_hp_gain":0.0,"max_hp_loss":0.0,"gold_gain":0.0,"event_name":"The Library","player_choice":"Read","floor":25.0,"gold_loss":0.0,"damage_taken":0.0,"cards_obtained":["Power Through"]},{"damage_healed":0.0,"max_hp_gain":0.0,"max_hp_loss":0.0,"gold_gain":0.0,"event_name":"Winding Halls","player_choice":"Embrace Madness","floor":36.0,"gold_loss":0.0,"damage_taken":16.0,"cards_obtained":["Madness","Madness"]},{"damage_healed":0.0,"max_hp_gain":0.0,"max_hp_loss":0.0,"gold_gain":0.0,"event_name":"SensoryStone","player_choice":"Memory 3","floor":37.0,"gold_loss":0.0,"damage_taken":10.0},{"damage_healed":0.0,"max_hp_gain":0.0,"max_hp_loss":0.0,"gold_gain":0.0,"event_name":"Upgrade Shrine","player_choice":"Upgraded","floor":45.0,"gold_loss":0.0,"damage_taken":0.0,"cards_upgraded":["Corruption"]}],"is_beta":true,"boss_relics":[{"not_picked":["Pandora\u0027s Box","Mark of Pain"],"picked":"Runic Pyramid"},{"not_picked":["Snecko Eye","Runic Cube"],"picked":"Velvet Choker"}],"items_purged_floors":[38],"is_endless":false,"potions_floor_spawned":[2,6,8,11,18,20,22,28,44,47,48],"killed_by":"Awakened One","ascension_level":20}