{"gold_per_floor":[114,114,135,159,159,159,81,106,159,178,219,75,94,110,110,239,239,254,26,26,26,0,0,0,36,36,52,52,91,91,134,134,264,264,288,288,306,109,109,148,160,206,245,306,359,387,417,429,441,453],"floor_reached":50,"playtime":3554,"items_purged":["Strike_P","Conclude","Injury"],"score":808,"play_id":"467f6c36-a2a0-4be9-8e80-e92d44361ca8","local_time":"20190929184657","is_ascension_mode":true,"campfire_choices":[{"data":"Eruption","floor":6.0,"key":"SMITH"},{"data":"Devotion","floor":15.0,"key":"SMITH"},{"data":"Devotion","floor":23,"key":"SMITH"},{"data":"Devotion","floor":28,"key":"SMITH"},{"data":"Worship","floor":30,"key":"SMITH"},{"data":"Wireheading","floor":32,"key":"SMITH"},{"data":"SashWhip","floor":41,"key":"SMITH"},{"floor":49,"key":"REST"}],"neow_cost":"NONE","seed_source_timestamp":0,"circlet_count":0,"master_deck":["Defend_P+1","Defend_P+1","Vigilance+1","CurseOfTheBell","SashWhip+1","Wireheading+1","PathToVictory+1","Devotion+1","Consecrate+1","Weave+1","Prostrate+1","Devotion+1","CutThroughFate+1","SignatureMove+1","ThirdEye+1","Devotion+1","Prostrate+1","Worship+1","Bite+1","Bite+1","Bite+1","Bite+1","Bite+1","Sanctity+1","Unraveling+1","FlyingSleeves+1","Fasting+1","EmptyFist+1","Protect+1","CrushJoints+1","EmptyMind+1","FearNoEvil+1","Nirvana+1","Pain","Writhe","Wireheading+1","Sanctity+1"],"special_seed":0,"relics":["Calling Bell","Potion Belt","Pear","CaptainsWheel","Golden Idol","MealTicket","Centennial Puzzle","Cursed Key","Bag of Marbles","Pocketwatch","Toxic Egg 2","Bronze Scales","Astrolabe","MawBank","Singing Bowl","Oddly Smooth Stone","Juzu Bracelet","Ice Cream","Mark of the Bloom"],"potions_floor_usage":[25,29,33,33,40,42,50,50,50,50],"damage_taken":[{"damage":6.0,"enemies":"Small Slimes","floor":1.0,"turns":5.0},{"damage":0.0,"enemies":"2 Louse","floor":3.0,"turns":2.0},{"damage":2.0,"enemies":"Jaw Worm","floor":4.0,"turns":5.0},{"damage":10.0,"enemies":"Red Slaver","floor":8.0,"turns":5.0},{"damage":12.0,"enemies":"3 Louse","floor":10.0,"turns":2.0},{"damage":16.0,"enemies":"Gremlin Nob","floor":11.0,"turns":4.0},{"damage":8.0,"enemies":"Blue Slaver","floor":13.0,"turns":5.0},{"damage":1.0,"enemies":"2 Fungi Beasts","floor":14.0,"turns":3.0},{"damage":10.0,"enemies":"Hexaghost","floor":16.0,"turns":7.0},{"damage":31,"enemies":"2 Thieves","floor":18,"turns":4},{"damage":17,"enemies":"Book of Stabbing","floor":25,"turns":3},{"damage":14,"enemies":"Shell Parasite","floor":27,"turns":5},{"damage":15,"enemies":"Slavers","floor":29,"turns":4},{"damage":21,"enemies":"Gremlin Leader","floor":31,"turns":5},{"damage":11,"enemies":"Champ","floor":33,"turns":7},{"damage":11,"enemies":"3 Shapes","floor":35,"turns":7},{"damage":12,"enemies":"3 Darklings","floor":37,"turns":5},{"damage":13,"enemies":"Giant Head","floor":40,"turns":4},{"damage":33,"enemies":"Nemesis","floor":42,"turns":7},{"damage":36,"enemies":"Giant Head","floor":45,"turns":7},{"damage":0,"enemies":"4 Shapes","floor":46,"turns":7},{"damage":7,"enemies":"Sphere and 2 Shapes","floor":47,"turns":3},{"damage":19,"enemies":"Time Eater","floor":50,"turns":1}],"seed_played":"-7725552690046855156","potions_obtained":[{"floor":1.0,"key":"Regen Potion"},{"floor":3.0,"key":"LiquidBronze"},{"floor":10.0,"key":"DuplicationPotion"},{"floor":18,"key":"EssenceOfSteel"},{"floor":25,"key":"FearPotion"},{"floor":27,"key":"AttackPotion"},{"floor":31,"key":"SteroidPotion"},{"floor":37,"key":"PowerPotion"},{"floor":40,"key":"PowerPotion"},{"floor":45,"key":"PowerPotion"},{"floor":46,"key":"Ancient Potion"},{"floor":47,"key":"Regen Potion"}],"is_trial":false,"path_per_floor":["M","?","M","M","?","R","$","M","T","M","E","$","M","M","R","B",null,"M","$","?","?","?","R","?","E","T","M","R","E","R","E","R","B",null,"M","?","M","$","?","E","R","E","T","T","E","M","M","?","R","B"],"character_chosen":"WATCHER","items_purchased":["Devotion","Devotion","Devotion","Prostrate","EmptyMind+1"],"campfire_rested":1,"item_purchase_floors":[7,12,19,19,38],"current_hp_per_floor":[76,76,76,74,74,74,74,64,64,52,36,51,43,42,42,47,82,51,66,66,66,66,66,57,50,50,44,44,39,39,30,30,31,57,48,48,44,57,54,47,47,28,28,28,6,16,17,17,17,0],"gold":453,"neow_bonus":"BOSS_RELIC","is_prod":false,"is_daily":false,"chose_seed":false,"campfire_upgraded":7,"win_rate":0,"timestamp":1569808017,"path_taken":["M","?","M","M","?","R","$","M","T","M","E","?","M","M","R","BOSS","M","?","?","?","?","R","?","E","T","M","R","E","R","E","R","BOSS","M","?","M","$","?","E","R","E","T","?","E","M","M","?","R","BOSS"],"build_version":"2019-09-27","purchased_purges":3,"victory":false,"max_hp_per_floor":[82,82,82,82,82,82,82,82,82,82,82,82,82,82,82,82,82,82,82,82,82,82,82,57,57,57,57,57,57,57,57,57,57,57,57,57,57,57,54,54,54,54,54,54,54,54,56,56,56,56],"card_choices":[{"not_picked":["Indignation","ThirdEye"],"picked":"SashWhip","floor":1.0},{"not_picked":["Weave","Halt"],"picked":"Wireheading","floor":3.0},{"not_picked":["Prostrate","Consecrate"],"picked":"PathToVictory","floor":4.0},{"not_picked":["Wireheading","EmptyFist"],"picked":"Consecrate","floor":8.0},{"not_picked":["BowlingBash","InnerPeace"],"picked":"Weave","floor":10.0},{"not_picked":["Protect","PathToVictory"],"picked":"Prostrate","floor":11.0},{"not_picked":["FlyingSleeves","Meditate"],"picked":"CutThroughFate","floor":13.0},{"not_picked":["Crescendo","Wish"],"picked":"Conclude","floor":14.0},{"not_picked":["ConjureBlade","Blasphemy"],"picked":"SignatureMove","floor":16.0},{"not_picked":["Sanctity","ClearTheMind"],"picked":"ThirdEye+1","floor":18},{"not_picked":["FlyingSleeves+1","CutThroughFate"],"picked":"Sanctity","floor":25},{"not_picked":["ThirdEye","Consecrate","ClearTheMind"],"picked":"SKIP","floor":27},{"not_picked":["Consecrate","EmptyFist","FlyingSleeves"],"picked":"SKIP","floor":29},{"not_picked":["Consecrate+1","ThirdEye+1","SignatureMove"],"picked":"SKIP","floor":31},{"not_picked":["DevaForm","SignatureMove"],"picked":"Unraveling+1","floor":33},{"not_picked":["SashWhip+1","WreathOfFlame+1"],"picked":"Protect+1","floor":35},{"not_picked":["Prostrate+1","FlyingSleeves"],"picked":"CrushJoints+1","floor":37},{"not_picked":["Fasting+1","Prostrate+1"],"picked":"FearNoEvil+1","floor":40},{"not_picked":["CrushJoints","Meditate+1"],"picked":"Nirvana","floor":42},{"not_picked":["EmptyBody+1","JustLucky+1"],"picked":"Wireheading+1","floor":45},{"not_picked":["Devotion+1","EmptyBody+1"],"picked":"Sanctity+1","floor":46},{"not_picked":["Fasting+1","EmptyBody+1","Perseverance+1"],"picked":"Singing Bowl","floor":47}],"player_experience":781368,"relics_obtained":[{"floor":0.0,"key":"Potion Belt"},{"floor":0.0,"key":"Pear"},{"floor":0.0,"key":"CaptainsWheel"},{"floor":9.0,"key":"MealTicket"},{"floor":11.0,"key":"Centennial Puzzle"},{"floor":25,"key":"Bag of Marbles"},{"floor":26,"key":"Pocketwatch"},{"floor":29,"key":"Toxic Egg 2"},{"floor":31,"key":"Bronze Scales"},{"floor":40,"key":"MawBank"},{"floor":42,"key":"Singing Bowl"},{"floor":43,"key":"Oddly Smooth Stone"},{"floor":44,"key":"Juzu Bracelet"},{"floor":45,"key":"Ice Cream"}],"event_choices":[{"damage_healed":0.0,"max_hp_gain":0.0,"max_hp_loss":0.0,"gold_gain":0.0,"event_name":"Golden Idol","player_choice":"Take Wound","floor":2.0,"gold_loss":0.0,"damage_taken":0.0,"relics_obtained":["Golden Idol"],"cards_obtained":["Injury"]},{"cards_removed":["Injury"],"damage_healed":0.0,"max_hp_gain":0.0,"max_hp_loss":0.0,"gold_gain":0.0,"event_name":"Living Wall","player_choice":"Forget","floor":5.0,"gold_loss":0.0,"damage_taken":0.0},{"damage_healed":0,"gold_gain":0,"player_choice":"Read","damage_taken":0,"max_hp_gain":0,"max_hp_loss":0,"event_name":"The Library","floor":20,"gold_loss":0,"cards_obtained":["Worship"]},{"damage_healed":0,"gold_gain":0,"player_choice":"Paid Fearfully","damage_taken":0,"max_hp_gain":0,"max_hp_loss":0,"event_name":"Masked Bandits","floor":22,"gold_loss":26},{"damage_healed":0,"gold_gain":0,"player_choice":"Became a vampire","damage_taken":0,"max_hp_gain":0,"max_hp_loss":25,"event_name":"Vampires","floor":24,"gold_loss":0,"cards_obtained":["Bite","Bite","Bite","Bite","Bite"]},{"damage_healed":0,"gold_gain":0,"player_choice":"Ignored","damage_taken":0,"max_hp_gain":0,"max_hp_loss":0,"event_name":"Tomb of Lord Red Mask","floor":36,"gold_loss":0},{"damage_healed":0,"gold_gain":0,"player_choice":"Max HP","damage_taken":0,"max_hp_gain":0,"max_hp_loss":3,"event_name":"Winding Halls","floor":39,"gold_loss":0},{"damage_healed":0,"gold_gain":0,"player_choice":"Upgrade","damage_taken":0,"relics_obtained":["Mark of the Bloom"],"max_hp_gain":0,"max_hp_loss":0,"event_name":"MindBloom","floor":48,"gold_loss":0,"cards_upgraded":["Defend_P","Defend_P","Vigilance","PathToVictory","Consecrate","Weave","Prostrate","CutThroughFate","SignatureMove","Prostrate","Bite","Bite","Bite","Bite","Bite","Sanctity","Nirvana"]}],"is_beta":true,"boss_relics":[{"not_picked":["Philosopher\u0027s Stone","Empty Cage"],"picked":"Cursed Key"},{"not_picked":["VioletLotus","Runic Pyramid"],"picked":"Astrolabe"}],"items_purged_floors":[12,19,38],"is_endless":false,"potions_floor_spawned":[1,3,10,18,25,27,31,37,40,45,46,47],"killed_by":"Time Eater","ascension_level":4}