{"gold_per_floor":[119,119,51,78,3,29,29,55,55,55,69,69,95,113,113,209,209,224,224,30,30,30,30,30,30,30,30,95,26,45,63,63,168,168,179,179,195,212,224,224,238,238,262,290,190,190,224,242,242,242],"floor_reached":51,"playtime":4436,"items_purged":["Regret","Normality"],"score":1146,"play_id":"ede1ddb0-442d-4dac-b0da-202d6dc5c09f","local_time":"20190829183858","is_ascension_mode":true,"campfire_choices":[{"data":"Defragment","floor":7,"key":"SMITH"},{"data":"Streamline","floor":10,"key":"SMITH"},{"data":"Zap","floor":15,"key":"SMITH"},{"data":"Apotheosis","floor":23,"key":"SMITH"},{"data":"Tempest","floor":25,"key":"SMITH"},{"floor":27,"key":"REST"},{"floor":32,"key":"REST"},{"data":"Hologram","floor":40,"key":"SMITH"},{"floor":42,"key":"REST"},{"data":"BootSequence","floor":46,"key":"SMITH"},{"data":"Dualcast","floor":49,"key":"SMITH"}],"neow_cost":"NONE","seed_source_timestamp":10365789728600,"circlet_count":0,"master_deck":["AscendersBane","Strike_B","Strike_B","Defend_B","Defend_B","Defend_B","Defend_B","Zap+1","Dualcast+1","Tempest+1","Defragment+1","Streamline+1","Ball Lightning","FTL","Self Repair+1","Conserve Battery","Electrodynamics+1","Go for the Eyes+1","Apotheosis+1","Reinforced Body","Auto Shields","Cold Snap","Hologram+1","Creative AI+1","Go for the Eyes","Skim+1","Reinforced Body","BootSequence+1","Machine Learning+1","Storm+1","Darkness+1","Static Discharge+1"],"relics":["Cracked Core","NeowsBlessing","Du-Vu Doll","Juzu Bracelet","Question Card","Frozen Egg 2","Meat on the Bone","Bag of Marbles","Inserter","Enchiridion","Darkstone Periapt","Tiny Chest","Cursed Key","DataDisk","Strawberry","Nunchaku"],"potions_floor_usage":[16,33,33,33,50],"damage_taken":[{"damage":0,"enemies":"Jaw Worm","floor":1,"turns":1},{"damage":0,"enemies":"3 Sentries","floor":6,"turns":1},{"damage":0,"enemies":"Gremlin Nob","floor":8,"turns":1},{"damage":12,"enemies":"Small Slimes","floor":11,"turns":2},{"damage":10,"enemies":"Lagavulin","floor":13,"turns":5},{"damage":0,"enemies":"Cultist","floor":14,"turns":2},{"damage":15,"enemies":"Hexaghost","floor":16,"turns":7},{"damage":34,"enemies":"3 Byrds","floor":18,"turns":3},{"damage":34,"enemies":"Book of Stabbing","floor":28,"turns":6},{"damage":12,"enemies":"Shell Parasite","floor":30,"turns":4},{"damage":12,"enemies":"Snecko","floor":31,"turns":4},{"damage":51,"enemies":"Automaton","floor":33,"turns":10},{"damage":4,"enemies":"3 Shapes","floor":35,"turns":2},{"damage":23,"enemies":"3 Darklings","floor":37,"turns":3},{"damage":37,"enemies":"Jaw Worm Horde","floor":38,"turns":5},{"damage":26,"enemies":"Maw","floor":39,"turns":7},{"damage":5,"enemies":"3 Darklings","floor":41,"turns":3},{"damage":0,"enemies":"Nemesis","floor":44,"turns":9},{"damage":7,"enemies":"Giant Head","floor":47,"turns":8},{"damage":0,"enemies":"Jaw Worm Horde","floor":48,"turns":2},{"damage":48,"enemies":"Time Eater","floor":50,"turns":8}],"seed_played":"-4820952532020684562","potions_obtained":[{"floor":8,"key":"Strength Potion"},{"floor":11,"key":"SpeedPotion"},{"floor":14,"key":"Weak Potion"},{"floor":28,"key":"AttackPotion"},{"floor":33,"key":"LiquidBronze"},{"floor":35,"key":"SteroidPotion"},{"floor":38,"key":"FearPotion"},{"floor":41,"key":"SmokeBomb"}],"is_trial":false,"path_per_floor":["M","?","$","T","$","E","R","E","T","R","M","?","E","M","R","B",null,"M","?","$","?","$","R","$","R","T","R","E","$","M","M","R","B",null,"M","?","M","M","M","R","M","R","T","E","$","R","E","M","R","B",null],"character_chosen":"DEFECT","items_purchased":["Defragment","Apotheosis","Auto Shields"],"campfire_rested":3,"item_purchase_floors":[3,20,29],"current_hp_per_floor":[68,68,68,68,68,68,68,68,68,68,56,56,46,56,56,51,69,57,41,41,41,41,41,41,41,41,63,51,51,39,49,71,42,67,63,63,60,45,41,41,48,70,76,83,83,83,86,88,88,52],"gold":242,"neow_bonus":"THREE_ENEMY_KILL","is_prod":false,"is_daily":false,"chose_seed":false,"campfire_upgraded":8,"win_rate":0,"timestamp":1567071538,"path_taken":["M","?","?","?","$","E","R","E","T","R","M","?","E","M","R","BOSS","M","?","$","?","?","R","?","R","T","R","E","$","M","M","R","BOSS","M","?","M","M","M","R","M","R","T","E","$","R","E","M","R","BOSS"],"build_version":"2019-07-17","purchased_purges":2,"victory":true,"max_hp_per_floor":[75,75,75,75,75,75,75,75,75,75,75,75,75,75,75,75,75,75,75,75,75,75,75,75,75,75,75,75,75,75,75,75,75,75,75,75,75,75,75,75,75,75,81,88,88,88,88,88,88,88],"card_choices":[{"not_picked":["Go for the Eyes","Hologram"],"picked":"Tempest","floor":1},{"not_picked":["Hologram","Coolheaded"],"picked":"Streamline","floor":6},{"not_picked":["Go for the Eyes","Stack","Barrage"],"picked":"Ball Lightning","floor":8},{"not_picked":["Cold Snap","Ball Lightning","Doom and Gloom"],"picked":"FTL","floor":11},{"not_picked":["Hyperbeam","Force Field","Go for the Eyes"],"picked":"Self Repair+1","floor":13},{"not_picked":["Streamline","Heatsinks+1","Steam"],"picked":"Conserve Battery","floor":14},{"not_picked":["Fission","Seek","Creative AI+1"],"picked":"Electrodynamics+1","floor":16},{"not_picked":["Conserve Battery","Coolheaded+1","Genetic Algorithm"],"picked":"Go for the Eyes+1","floor":18},{"not_picked":["Hello World+1","Chill","Gash"],"picked":"Reinforced Body","floor":28},{"not_picked":["Redo","Compile Driver","Steam"],"picked":"Cold Snap","floor":30},{"not_picked":["Fusion","Auto Shields","Steam+1"],"picked":"Hologram","floor":31},{"not_picked":["Biased Cognition+1","Rainbow","Seek"],"picked":"Creative AI+1","floor":33},{"not_picked":["Sweeping Beam","Double Energy+1","Turbo"],"picked":"Go for the Eyes","floor":35},{"not_picked":["Ball Lightning+1","Sweeping Beam+1","Blizzard"],"picked":"Skim+1","floor":37},{"not_picked":["Auto Shields","Redo+1","Compile Driver"],"picked":"Reinforced Body","floor":38},{"not_picked":["Aggregate+1","Barrage","Conserve Battery+1"],"picked":"BootSequence","floor":39},{"not_picked":["Hologram","Leap+1","Sweeping Beam"],"picked":"Machine Learning+1","floor":41},{"not_picked":["Cold Snap","Tempest+1","Ball Lightning+1"],"picked":"Storm+1","floor":44},{"not_picked":["Coolheaded","Conserve Battery+1","Tempest+1"],"picked":"Darkness+1","floor":47},{"not_picked":["Go for the Eyes+1","Hologram","Steam+1"],"picked":"Static Discharge+1","floor":48}],"player_experience":472083,"relics_obtained":[{"floor":4,"key":"Juzu Bracelet"},{"floor":6,"key":"Question Card"},{"floor":8,"key":"Frozen Egg 2"},{"floor":9,"key":"Meat on the Bone"},{"floor":13,"key":"Bag of Marbles"},{"floor":19,"key":"Enchiridion"},{"floor":26,"key":"Darkstone Periapt"},{"floor":28,"key":"Tiny Chest"},{"floor":43,"key":"DataDisk"},{"floor":44,"key":"Strawberry"},{"floor":47,"key":"Nunchaku"}],"event_choices":[{"damage_healed":0,"gold_gain":0,"player_choice":"Box","damage_taken":0,"relics_obtained":["Du-Vu Doll"],"max_hp_gain":0,"max_hp_loss":0,"event_name":"Big Fish","floor":2,"gold_loss":0,"cards_obtained":["Regret"]},{"cards_removed":["Strike_B"],"damage_healed":0,"gold_gain":0,"player_choice":"Offered Basic","damage_taken":0,"max_hp_gain":0,"max_hp_loss":0,"event_name":"Bonfire Elementals","floor":12,"gold_loss":0},{"damage_healed":0,"gold_gain":0,"player_choice":"Obtained Book","damage_taken":16,"max_hp_gain":0,"max_hp_loss":0,"event_name":"Cursed Tome","floor":19,"gold_loss":0},{"cards_removed":["Strike_B"],"damage_healed":0,"gold_gain":0,"player_choice":"Purged","damage_taken":0,"max_hp_gain":0,"max_hp_loss":0,"event_name":"Purifier","floor":21,"gold_loss":0},{"damage_healed":0,"gold_gain":0,"player_choice":"Ignored","damage_taken":0,"max_hp_gain":0,"max_hp_loss":0,"event_name":"Tomb of Lord Red Mask","floor":36,"gold_loss":0}],"is_beta":false,"boss_relics":[{"not_picked":["Runic Pyramid","Orrery"],"picked":"Inserter"},{"not_picked":["Lizard Tail","Sozu"],"picked":"Cursed Key"}],"items_purged_floors":[5,45],"is_endless":false,"potions_floor_spawned":[8,11,14,28,31,33,35,38,41,47],"ascension_level":10}