{"gold_per_floor":[116,116,41,56,56,56,90,90,90,106,106,124,143,172,172,244,244,260,14,14,24,36,36,55,4,27,27,53,53,64,75,75,152,152,165,165,55,68,87,87],"floor_reached":40,"playtime":1132,"items_purged":["Pain"],"score":936,"play_id":"86c857b5-104e-4e30-be19-800ed9a966db","local_time":"20191002133541","is_ascension_mode":true,"campfire_choices":[{"data":"Bash","floor":6.0,"key":"SMITH"},{"data":"Shrug It Off","floor":11.0,"key":"SMITH"},{"data":"Limit Break","floor":15.0,"key":"SMITH"},{"floor":23,"key":"REST"},{"floor":27,"key":"REST"},{"data":"Demon Form","floor":29,"key":"SMITH"},{"floor":32,"key":"REST"}],"neow_cost":"NONE","seed_source_timestamp":83869906933200,"circlet_count":0,"master_deck":["AscendersBane","Strike_R","Strike_R","Strike_R","Strike_R","Defend_R+1","Defend_R","Defend_R","Defend_R","Bash+1","Headbutt","Headbutt+1","Shrug It Off+1","Combust","Limit Break+1","Uppercut+1","Demon Form+1","Offering","Inflame","Sword Boomerang+1","True Grit","Spot Weakness","Shrug It Off","Inflame+1","Reaper+1","Power Through","Shrug It Off+1"],"special_seed":0,"relics":["Burning Blood","NeowsBlessing","WarpedTongs","Bag of Marbles","Molten Egg 2","Red Skull","Lantern","Anchor","Velvet Choker","PreservedInsect","Blood Vial","Fusion Hammer"],"potions_floor_usage":[22,33],"damage_taken":[{"damage":0.0,"enemies":"Jaw Worm","floor":1.0,"turns":1.0},{"damage":0.0,"enemies":"Cultist","floor":4.0,"turns":1.0},{"damage":0.0,"enemies":"3 Sentries","floor":7.0,"turns":1.0},{"damage":0.0,"enemies":"2 Louse","floor":10.0,"turns":1.0},{"damage":7.0,"enemies":"Exordium Wildlife","floor":12.0,"turns":4.0},{"damage":16.0,"enemies":"2 Fungi Beasts","floor":13.0,"turns":3.0},{"damage":27.0,"enemies":"Lagavulin","floor":14.0,"turns":6.0},{"damage":17.0,"enemies":"The Guardian","floor":16.0,"turns":7.0},{"damage":21.0,"enemies":"Spheric Guardian","floor":18.0,"turns":5.0},{"damage":14,"enemies":"2 Thieves","floor":21,"turns":4},{"damage":15,"enemies":"Snake Plant","floor":22,"turns":3},{"damage":20,"enemies":"3 Cultists","floor":24,"turns":4},{"damage":28,"enemies":"Slavers","floor":28,"turns":4},{"damage":9,"enemies":"Centurion and Healer","floor":30,"turns":5},{"damage":20,"enemies":"Snake Plant","floor":31,"turns":4},{"damage":33,"enemies":"Collector","floor":33,"turns":6},{"damage":23,"enemies":"3 Darklings","floor":35,"turns":4},{"damage":0,"enemies":"Orb Walker","floor":38,"turns":3},{"damage":59,"enemies":"Maw","floor":39,"turns":8},{"damage":93,"enemies":"Reptomancer","floor":40,"turns":3}],"seed_played":"-8928146916957877878","potions_obtained":[{"floor":1.0,"key":"Explosive Potion"},{"floor":4.0,"key":"LiquidBronze"},{"floor":7.0,"key":"SkillPotion"},{"floor":13.0,"key":"Strength Potion"},{"floor":21,"key":"Block Potion"},{"floor":22,"key":"FearPotion"},{"floor":24,"key":"Block Potion"}],"is_trial":false,"path_per_floor":["M","?","$","M","?","R","E","T","T","M","R","M","M","E","R","B",null,"M","$","?","M","M","R","M","$","T","R","E","R","M","M","R","B",null,"M","?","?","M","M","E"],"character_chosen":"IRONCLAD","items_purchased":["Offering","Inflame","Shrug It Off"],"campfire_rested":3,"item_purchase_floors":[19,19,25],"current_hp_per_floor":[74,74,74,75,64,64,70,70,70,75,75,74,64,43,43,32,64,49,49,49,41,32,54,40,40,40,62,40,40,39,27,49,24,62,75,71,71,71,70,0],"gold":87,"neow_bonus":"THREE_ENEMY_KILL","is_prod":false,"is_daily":false,"chose_seed":false,"campfire_upgraded":4,"win_rate":0,"timestamp":1570048541,"path_taken":["M","?","?","?","?","R","E","?","T","M","R","M","M","E","R","BOSS","M","$","?","?","?","R","M","?","T","R","E","R","M","?","R","BOSS","M","?","?","M","M","E"],"build_version":"2019-10-01","purchased_purges":1,"victory":false,"max_hp_per_floor":[75,75,75,75,75,75,75,75,75,75,75,75,75,75,75,75,75,75,75,75,75,75,75,75,75,75,75,75,75,75,75,75,75,75,75,71,71,71,71,71],"card_choices":[{"not_picked":["Inflame","Perfected Strike"],"picked":"Headbutt","floor":1.0},{"not_picked":["Twin Strike","Intimidate","Thunderclap"],"picked":"SKIP","floor":4.0},{"not_picked":["Flex","Pommel Strike"],"picked":"Headbutt","floor":7.0},{"not_picked":["Twin Strike+1","Searing Blow+1"],"picked":"Shrug It Off","floor":10.0},{"not_picked":["True Grit","Clash+1"],"picked":"Combust","floor":12.0},{"not_picked":["Rage","Flex"],"picked":"Limit Break","floor":13.0},{"not_picked":["Dual Wield","Rage"],"picked":"Uppercut+1","floor":14.0},{"not_picked":["Fiend Fire+1","Double Tap"],"picked":"Demon Form","floor":16.0},{"not_picked":["Rampage+1","Twin Strike+1","Cleave+1"],"picked":"SKIP","floor":18.0},{"not_picked":["Shockwave","Second Wind"],"picked":"True Grit","floor":21},{"not_picked":["Headbutt+1","Clothesline+1"],"picked":"Spot Weakness","floor":22},{"not_picked":["Intimidate","Searing Blow+1","Rage"],"picked":"SKIP","floor":24},{"not_picked":["Corruption","Second Wind+1"],"picked":"Inflame+1","floor":28},{"not_picked":["Anger+1","Corruption","Iron Wave+1"],"picked":"SKIP","floor":30},{"not_picked":["Headbutt+1","Armaments+1","Barricade"],"picked":"SKIP","floor":31},{"not_picked":["Feed+1","Brutality"],"picked":"Reaper+1","floor":33},{"not_picked":["Pommel Strike+1","True Grit"],"picked":"Power Through","floor":35},{"not_picked":["Clash+1","Warcry"],"picked":"Shrug It Off+1","floor":38},{"not_picked":["Cleave+1","Perfected Strike+1","Thunderclap+1"],"picked":"SKIP","floor":39}],"player_experience":1198542,"relics_obtained":[{"floor":7.0,"key":"Molten Egg 2"},{"floor":8.0,"key":"Red Skull"},{"floor":9.0,"key":"Lantern"},{"floor":14.0,"key":"Anchor"},{"floor":26,"key":"PreservedInsect"},{"floor":28,"key":"Blood Vial"}],"event_choices":[{"damage_healed":0.0,"max_hp_gain":0.0,"max_hp_loss":0.0,"gold_gain":0.0,"event_name":"Accursed Blacksmith","player_choice":"Rummage","floor":2.0,"gold_loss":0.0,"damage_taken":0.0,"relics_obtained":["WarpedTongs"],"cards_obtained":["Pain"]},{"damage_healed":0.0,"max_hp_gain":0.0,"max_hp_loss":0.0,"gold_gain":0.0,"event_name":"Scrap Ooze","player_choice":"Success","floor":5.0,"gold_loss":0.0,"damage_taken":11.0,"relics_obtained":["Bag of Marbles"]},{"damage_healed":0,"gold_gain":0,"player_choice":"1 cards matched","damage_taken":0,"max_hp_gain":0,"max_hp_loss":0,"event_name":"Match and Keep!","floor":20,"gold_loss":0,"cards_obtained":["Sword Boomerang"]},{"damage_healed":0,"gold_gain":0,"player_choice":"Max HP","damage_taken":0,"max_hp_gain":0,"max_hp_loss":4,"event_name":"Winding Halls","floor":36,"gold_loss":0},{"cards_removed":["Strike_R"],"damage_healed":0,"gold_gain":0,"player_choice":"Upgrade and Remove","damage_taken":0,"max_hp_gain":0,"max_hp_loss":0,"event_name":"Designer","floor":37,"gold_loss":110,"cards_upgraded":["Defend_R"]}],"is_beta":true,"boss_relics":[{"not_picked":["Runic Pyramid","Philosopher\u0027s Stone"],"picked":"Velvet Choker"},{"not_picked":["SlaversCollar","Calling Bell"],"picked":"Fusion Hammer"}],"items_purged_floors":[3],"is_endless":false,"potions_floor_spawned":[1,4,7,13,21,22,24,31],"killed_by":"Reptomancer","ascension_level":20}