{"path_per_floor":["M","?","?","?","M","R","M","R","T","M","R","M","M","$","R","B",null,"M","?","M","M","?","R","M","R","T","M","$","T","M","?","R","B",null,"M","M","?","M","?","R","M","M","T","?","R","?","M","$","R","B"],"character_chosen":"IRONCLAD","items_purchased":["Metallicize","Pommel Strike"],"gold_per_floor":[114,64,64,64,79,79,94,94,94,109,109,124,139,64,64,164,164,179,179,194,209,189,189,204,204,204,219,82,82,97,97,97,197,227,242,257,257,272,272,272,287,302,302,302,302,338,353,217,217,217],"floor_reached":51,"campfire_rested":0,"playtime":2321,"current_hp_per_floor":[80,80,85,68,68,68,66,66,72,72,72,71,70,70,70,66,97,96,96,94,93,93,93,91,91,101,100,100,100,100,106,106,109,124,122,121,121,116,122,122,120,106,112,112,112,113,111,111,111,85],"items_purged":["Strike_R","Strike_R","Strike_R"],"gold":217,"score":841,"play_id":"0eb9c276-f7eb-4d40-93c5-e333ba271602","local_time":"20180313193818","daily_mods":["Diverse","Cursed Run","Vintage"],"is_prod":false,"is_daily":true,"is_ascension_mode":false,"campfire_upgraded":2,"timestamp":1520995098,"path_taken":["M","?","?","?","M","R","M","R","T","M","R","M","M","?","R","BOSS","M","?","M","M","?","R","?","R","T","M","$","?","M","?","R","BOSS","M","M","?","M","?","R","?","M","T","?","R","?","M","$","R","BOSS"],"build_version":"2018-03-12v2","purchased_purges":4,"victory":true,"master_deck":["Strike_R+1","Defend_R+1","Defend_R+1","Defend_R+1","Bash+1","Poisoned Stab+1","Blur+1","Decay","Injury","Bludgeon+1","Sword Boomerang+1","Metallicize","Rupture","Normality","Dark Embrace+1","Inflame+1","Regret","Regret","Body Slam","Pommel Strike","Regret"],"max_hp_per_floor":[80,80,85,85,85,85,85,85,91,91,91,91,91,91,91,97,97,97,97,97,97,97,97,97,97,107,107,107,107,107,113,113,119,124,124,124,124,124,130,130,130,130,136,136,136,138,138,138,138,144],"relics":["Cursed Key","Darkstone Periapt","Du-Vu Doll","Toxic Egg 2","Oddly Smooth Stone","Champion Belt","Anchor","Shovel","Blue Candle","Prayer Wheel","Toolbox","Kunai","Mercury Hourglass","Sozu","Girya","Pen Nib","Omamori","Meat on the Bone","Pear","Matryoshka","Charon\u0027s Ashes","War Paint","Vajra","Thread and Needle","Sundial","Tiny House","Whetstone","Shuriken","Ice Cream","Mummified Hand","Juzu Bracelet","Gambling Chip","Singing Bowl","Dead Branch","The Courier","Calipers","Bottled Flame","Magic Flower"],"card_choices":[{"not_picked":["Dark Embrace","Barricade"],"picked":"Bludgeon"},{"not_picked":["Shrug It Off","Pommel Strike"],"picked":"Sword Boomerang"},{"not_picked":["Searing Blow","Flame Barrier"],"picked":"Rupture"},{"not_picked":["Berserk","Demon Form"],"picked":"Dark Embrace"},{"not_picked":["Carnage","Shrug It Off"],"picked":"Inflame"},{"not_picked":["Anger","Flex"],"picked":"Body Slam"}],"player_experience":355456,"potions_floor_usage":[16,16,24],"damage_taken":[{"damage":0,"enemies":"2 Louse","floor":1,"turns":3},{"damage":0,"enemies":"Small Slimes","floor":5,"turns":3},{"damage":2,"enemies":"Jaw Worm","floor":7,"turns":2},{"damage":0,"enemies":"Looter","floor":10,"turns":2},{"damage":1,"enemies":"Large Slime","floor":12,"turns":4},{"damage":1,"enemies":"Blue Slaver","floor":13,"turns":3},{"damage":10,"enemies":"Slime Boss","floor":16,"turns":11},{"damage":1,"enemies":"3 Byrds","floor":18,"turns":4},{"damage":2,"enemies":"Spheric Guardian","floor":20,"turns":4},{"damage":1,"enemies":"Centurion and Healer","floor":21,"turns":4},{"damage":2,"enemies":"Sentry and Sphere","floor":24,"turns":3},{"damage":1,"enemies":"Snecko","floor":27,"turns":2},{"damage":0,"enemies":"Snake Plant","floor":30,"turns":2},{"damage":3,"enemies":"Automaton","floor":33,"turns":7},{"damage":2,"enemies":"Orb Walker","floor":35,"turns":2},{"damage":1,"enemies":"3 Shapes","floor":36,"turns":2},{"damage":5,"enemies":"Spire Growth","floor":38,"turns":3},{"damage":2,"enemies":"3 Darklings","floor":41,"turns":4},{"damage":14,"enemies":"4 Shapes","floor":42,"turns":3},{"damage":1,"enemies":"Mysterious Sphere","floor":46,"turns":2},{"damage":2,"enemies":"Spire Growth","floor":47,"turns":2},{"damage":32,"enemies":"Donu and Deca","floor":50,"turns":4}],"event_choices":[{"event_name":"The Cleric","player_choice":"Card Removal","floor":2,"damage_taken":0},{"event_name":"Big Fish","player_choice":"Donut","floor":3,"damage_taken":0},{"event_name":"Shining Light","player_choice":"Entered Light","floor":4,"damage_taken":0},{"event_name":"Back to Basics","player_choice":"Simplicity","floor":19,"damage_taken":0},{"event_name":"The Woman in Blue","player_choice":"Bought 1 Potion","floor":22,"damage_taken":0},{"event_name":"Accursed Blacksmith","player_choice":"Rummage","floor":31,"damage_taken":0},{"event_name":"Purifier","player_choice":"One Purge","floor":37,"damage_taken":0},{"event_name":"Transmorgrifier","player_choice":"Transform","floor":39,"damage_taken":0},{"event_name":"Upgrade Shrine","player_choice":"Upgraded","floor":44,"damage_taken":0},{"event_name":"Mysterious Sphere","player_choice":"Fight","floor":46,"damage_taken":0}],"boss_relics":[{"not_picked":["Runic Dome","Astrolabe"],"picked":"Sozu"},{"not_picked":["Orrery","Black Star"],"picked":"Tiny House"}],"potions_floor_spawned":[1,10,12,21,27,33,38,42],"seed_played":"2308081983426786839","ascension_level":0,"is_trial":false}