{"gold_per_floor":[110,260,272,272,13,48,60,60,86,99,99,119,154,170,170,245,275,293,312,328,8,27,27,42,42,67,96,128,140,65,65,65,65],"floor_reached":33,"playtime":1422,"items_purged":["Strike_R"],"score":758,"play_id":"a5f51d47-8bce-4d7e-8082-b5936fc2fb16","local_time":"20190930121849","is_ascension_mode":true,"campfire_choices":[{"data":"Inflame","floor":8,"key":"SMITH"},{"data":"Armaments","floor":11,"key":"SMITH"},{"floor":15,"key":"REST"},{"data":"Fiend Fire","floor":23,"key":"SMITH"},{"floor":25,"key":"REST"},{"floor":32,"key":"REST"}],"neow_cost":"NONE","seed_source_timestamp":1165683052148100,"circlet_count":0,"master_deck":["AscendersBane","Strike_R","Strike_R","Strike_R","Strike_R","Defend_R","Defend_R","Defend_R","Defend_R","Bash","Flame Barrier","Doubt","Armaments+1","Inflame+1","Pummel","Sword Boomerang","Seeing Red","Evolve","True Grit","Spot Weakness","Fiend Fire+1","CurseOfTheBell","Combust+1","Sword Boomerang","Fire Breathing","Disarm","Discovery","Battle Trance","Feed","Necronomicurse"],"special_seed":0,"relics":["Burning Blood","Blue Candle","Centennial Puzzle","Strawberry","Mummified Hand","Calling Bell","Tiny Chest","Self Forming Clay","Thread and Needle","Bag of Preparation","Art of War","Red Mask","Necronomicon"],"potions_floor_usage":[6,13,13,14,22,24,29],"damage_taken":[{"damage":19,"enemies":"Jaw Worm","floor":1,"turns":4},{"damage":4,"enemies":"Small Slimes","floor":3,"turns":4},{"damage":24,"enemies":"3 Sentries","floor":6,"turns":9},{"damage":0,"enemies":"Cultist","floor":7,"turns":2},{"damage":5,"enemies":"3 Louse","floor":10,"turns":5},{"damage":9,"enemies":"2 Fungi Beasts","floor":12,"turns":3},{"damage":28,"enemies":"Lagavulin","floor":13,"turns":7},{"damage":0,"enemies":"Large Slime","floor":14,"turns":4},{"damage":49,"enemies":"Slime Boss","floor":16,"turns":10},{"damage":2,"enemies":"Chosen","floor":18,"turns":4},{"damage":36,"enemies":"Spheric Guardian","floor":19,"turns":6},{"damage":20,"enemies":"Shelled Parasite and Fungi","floor":20,"turns":4},{"damage":5,"enemies":"Snake Plant","floor":22,"turns":5},{"damage":1,"enemies":"Centurion and Healer","floor":24,"turns":5},{"damage":30,"enemies":"Book of Stabbing","floor":27,"turns":4},{"damage":12,"enemies":"Masked Bandits","floor":28,"turns":4},{"damage":16,"enemies":"Cultist and Chosen","floor":29,"turns":4},{"damage":45,"enemies":"Collector","floor":33,"turns":8}],"seed_played":"-5173443019724549840","potions_obtained":[{"floor":1,"key":"AttackPotion"},{"floor":6,"key":"Ancient Potion"},{"floor":7,"key":"FearPotion"},{"floor":13,"key":"Regen Potion"},{"floor":18,"key":"Energy Potion"},{"floor":19,"key":"SteroidPotion"},{"floor":28,"key":"Regen Potion"}],"is_trial":false,"path_per_floor":["M","?","M","?","$","E","M","R","T","M","R","M","E","M","R","B",null,"M","M","M","$","M","R","M","R","T","E","?","M","$","?","R","B"],"character_chosen":"IRONCLAD","items_purchased":["Inflame","Pummel","Sword Boomerang","Seeing Red","BloodPotion","Fire Breathing","Disarm","Discovery"],"campfire_rested":3,"item_purchase_floors":[5,5,5,5,21,21,21,21],"current_hp_per_floor":[55,55,57,39,39,21,27,27,34,35,35,32,10,28,52,9,64,68,38,24,24,41,41,46,70,70,46,40,42,42,21,45,0],"gold":65,"neow_bonus":"RANDOM_COLORLESS","is_prod":false,"is_daily":false,"chose_seed":false,"campfire_upgraded":3,"win_rate":0,"timestamp":1569871129,"path_taken":["M","?","M","?","$","E","M","R","T","M","R","?","E","?","R","BOSS","M","M","M","$","M","R","M","R","T","E","?","M","$","?","R","BOSS"],"build_version":"2019-09-27","purchased_purges":1,"victory":false,"max_hp_per_floor":[75,75,75,75,75,75,75,75,82,82,82,82,82,82,82,82,82,82,82,82,82,82,82,82,82,82,82,82,82,82,82,82,82],"card_choices":[{"not_picked":["Forethought","Enlightenment"],"picked":"Trip","floor":0.0},{"not_picked":["Thunderclap","Clash"],"picked":"Flame Barrier","floor":1},{"not_picked":["Flex","Pommel Strike"],"picked":"Armaments","floor":3},{"not_picked":["Heavy Blade","Combust"],"picked":"Evolve","floor":6},{"not_picked":["Evolve","Uppercut"],"picked":"True Grit","floor":7},{"not_picked":["Iron Wave","Searing Blow","Rampage"],"picked":"SKIP","floor":10},{"not_picked":["Perfected Strike","Pommel Strike"],"picked":"Spot Weakness","floor":12},{"not_picked":["Clothesline","Havoc","Wild Strike"],"picked":"SKIP","floor":13},{"not_picked":["Juggernaut","Armaments","Clothesline"],"picked":"SKIP","floor":14},{"not_picked":["Juggernaut","Impervious"],"picked":"Fiend Fire","floor":16},{"not_picked":["Anger","Warcry"],"picked":"Combust+1","floor":18},{"not_picked":["Shrug It Off","True Grit"],"picked":"Sword Boomerang","floor":19},{"not_picked":["Hemokinesis+1","Pommel Strike","Whirlwind+1"],"picked":"SKIP","floor":20},{"not_picked":["Seeing Red","Twin Strike","Clothesline"],"picked":"SKIP","floor":22},{"not_picked":["Fire Breathing","Disarm"],"picked":"Battle Trance","floor":24},{"not_picked":["True Grit","Clash","Reckless Charge"],"picked":"SKIP","floor":27},{"not_picked":["Twin Strike","Warcry"],"picked":"Feed","floor":28},{"not_picked":["Evolve","Body Slam","Clothesline"],"picked":"SKIP","floor":29}],"player_experience":1138297,"relics_obtained":[{"floor":6,"key":"Centennial Puzzle"},{"floor":9,"key":"Strawberry"},{"floor":13,"key":"Mummified Hand"},{"floor":17,"key":"Tiny Chest"},{"floor":17,"key":"Self Forming Clay"},{"floor":17,"key":"Thread and Needle"},{"floor":26,"key":"Bag of Preparation"},{"floor":27,"key":"Art of War"},{"floor":28,"key":"Red Mask"},{"floor":31,"key":"Necronomicon"}],"event_choices":[{"damage_healed":0,"gold_gain":150,"player_choice":"AGREE","damage_taken":0,"max_hp_gain":0,"max_hp_loss":0,"event_name":"Liars Game","floor":2,"gold_loss":0,"cards_obtained":["Doubt"]},{"damage_healed":0,"gold_gain":0,"player_choice":"Success","damage_taken":18,"relics_obtained":["Blue Candle"],"max_hp_gain":0,"max_hp_loss":0,"event_name":"Scrap Ooze","floor":4,"gold_loss":0},{"damage_healed":0,"gold_gain":0,"player_choice":"Fought Bandits","damage_taken":0,"max_hp_gain":0,"max_hp_loss":0,"event_name":"Masked Bandits","floor":28,"gold_loss":0},{"damage_healed":0,"gold_gain":0,"player_choice":"Obtained Book","damage_taken":21,"max_hp_gain":0,"max_hp_loss":0,"event_name":"Cursed Tome","floor":31,"gold_loss":0}],"is_beta":true,"boss_relics":[{"not_picked":["Black Star","Black Blood"],"picked":"Calling Bell"}],"items_purged_floors":[30],"is_endless":false,"potions_floor_spawned":[1,6,7,13,18,19,28],"killed_by":"Collector","ascension_level":20}