{"gold_per_floor":[113,128,85,96,107,107,136,136,212,242,269,269,294,17,17,94,94,112,112,130,156,173,173,187,220,220,220,248,28,42,62,62,137,137,153,153,168,168,180,208,208,242,242,253,475,489,489,118,118,118],"floor_reached":51,"playtime":4256,"items_purged":["Strike_R","Strike_R"],"score":1369,"play_id":"9f7df164-711a-41bd-b914-2583ba1a8647","local_time":"20190902043356","is_ascension_mode":true,"campfire_choices":[{"data":"Carnage","floor":6,"key":"SMITH"},{"data":"Immolate","floor":8,"key":"SMITH"},{"data":"Iron Wave","floor":12,"key":"SMITH"},{"floor":15,"key":"REST"},{"data":"Limit Break","floor":23,"key":"SMITH"},{"floor":32,"key":"REST"},{"floor":41,"key":"REST"},{"floor":47,"key":"REST"},{"floor":49,"key":"REST"}],"neow_cost":"NONE","seed_source_timestamp":305443125888100,"circlet_count":0,"master_deck":["AscendersBane","Strike_R","Strike_R","Strike_R","Defend_R","Defend_R","Defend_R","Bash+1","Carnage+1","Shrug It Off","Iron Wave+1","Anger","Immolate+1","Flame Barrier","Second Wind","Metallicize","Limit Break+1","J.A.X.","Clothesline","Havoc+1","Limit Break+1","Metallicize","Headbutt","Twin Strike","Sword Boomerang","Twin Strike"],"relics":["Burning Blood","Du-Vu Doll","Darkstone Periapt","PreservedInsect","Red Skull","Busted Crown","Red Mask","Omamori","Mercury Hourglass","Unceasing Top","DollysMirror","Fusion Hammer","Bag of Marbles","Boot","Question Card","Pen Nib"],"potions_floor_usage":[11,25,30,30,30,46,50,50],"damage_taken":[{"damage":13,"enemies":"Small Slimes","floor":1,"turns":5},{"damage":7,"enemies":"Jaw Worm","floor":2,"turns":3},{"damage":0,"enemies":"Cultist","floor":4,"turns":2},{"damage":34,"enemies":"Large Slime","floor":5,"turns":9},{"damage":15,"enemies":"3 Sentries","floor":7,"turns":8},{"damage":11,"enemies":"Gremlin Nob","floor":11,"turns":3},{"damage":10,"enemies":"3 Sentries","floor":13,"turns":3},{"damage":18,"enemies":"Slime Boss","floor":16,"turns":7},{"damage":4,"enemies":"Spheric Guardian","floor":18,"turns":3},{"damage":5,"enemies":"3 Byrds","floor":20,"turns":5},{"damage":0,"enemies":"Masked Bandits","floor":21,"turns":2},{"damage":3,"enemies":"Centurion and Healer","floor":22,"turns":5},{"damage":7,"enemies":"3 Cultists","floor":24,"turns":4},{"damage":15,"enemies":"Gremlin Leader","floor":25,"turns":3},{"damage":9,"enemies":"Book of Stabbing","floor":28,"turns":3},{"damage":13,"enemies":"Snecko","floor":30,"turns":5},{"damage":33,"enemies":"Cultist and Chosen","floor":31,"turns":5},{"damage":39,"enemies":"Champ","floor":33,"turns":9},{"damage":8,"enemies":"Orb Walker","floor":35,"turns":2},{"damage":18,"enemies":"3 Darklings","floor":37,"turns":5},{"damage":11,"enemies":"Jaw Worm Horde","floor":39,"turns":5},{"damage":33,"enemies":"Reptomancer","floor":40,"turns":4},{"damage":4,"enemies":"Giant Head","floor":42,"turns":5},{"damage":7,"enemies":"Sphere and 2 Shapes","floor":44,"turns":2},{"damage":8,"enemies":"Writhing Mass","floor":46,"turns":5},{"damage":67,"enemies":"Donu and Deca","floor":50,"turns":5}],"seed_played":"-4172399880429516451","potions_obtained":[{"floor":1,"key":"Ancient Potion"},{"floor":2,"key":"FearPotion"},{"floor":7,"key":"Poison Potion"},{"floor":11,"key":"SkillPotion"},{"floor":18,"key":"GamblersBrew"},{"floor":21,"key":"Explosive Potion"},{"floor":28,"key":"EntropicBrew"},{"floor":33,"key":"Dexterity Potion"},{"floor":40,"key":"GamblersBrew"},{"floor":42,"key":"Strength Potion"},{"floor":46,"key":"Ancient Potion"}],"is_trial":false,"path_per_floor":["M","M","?","M","M","R","E","R","T","?","E","R","E","$","R","B",null,"M","?","M","?","M","R","M","E","T","$","E","$","M","M","R","B",null,"M","?","M","?","M","E","R","E","T","M","?","M","R","$","R","B",null],"character_chosen":"IRONCLAD","items_purchased":["Flame Barrier","Second Wind","Metallicize","DollysMirror","Twin Strike","GamblersBrew","Pen Nib"],"campfire_rested":5,"item_purchase_floors":[14,14,14,29,48,48,48],"current_hp_per_floor":[61,60,60,66,38,38,29,29,29,29,24,24,20,20,42,30,64,66,66,67,73,75,75,74,65,65,65,62,62,55,28,50,17,61,59,59,47,47,42,15,36,38,38,37,37,35,56,56,71,10],"gold":118,"neow_bonus":"UPGRADE_CARD","is_prod":false,"is_daily":false,"chose_seed":false,"campfire_upgraded":4,"win_rate":0,"timestamp":1567366436,"path_taken":["M","M","?","M","M","R","E","R","T","?","E","R","E","?","R","BOSS","M","?","M","?","M","R","M","E","T","$","E","$","M","M","R","BOSS","M","?","M","?","M","E","R","E","T","M","?","M","R","$","R","BOSS"],"build_version":"2019-07-17","purchased_purges":2,"victory":true,"max_hp_per_floor":[75,75,75,75,75,75,75,75,75,75,75,75,75,75,75,75,75,75,75,75,75,75,75,75,75,75,75,75,75,75,75,75,75,75,75,75,75,71,71,71,71,71,71,71,71,71,71,71,71,71],"card_choices":[{"not_picked":["Uppercut","Whirlwind"],"picked":"Carnage","floor":1},{"not_picked":["Power Through","Uppercut"],"picked":"Shrug It Off","floor":2},{"not_picked":["Wild Strike","Body Slam"],"picked":"Iron Wave","floor":4},{"not_picked":["Shrug It Off","Clothesline"],"picked":"Anger","floor":5},{"not_picked":["Pummel","Headbutt"],"picked":"Immolate","floor":7},{"not_picked":["Heavy Blade","Armaments","Sword Boomerang"],"picked":"SKIP","floor":11},{"not_picked":["Heavy Blade","Infernal Blade","Sever Soul"],"picked":"SKIP","floor":13},{"not_picked":["Fiend Fire","Bludgeon"],"picked":"Limit Break","floor":16},{"not_picked":["Body Slam"],"picked":"SKIP","floor":18},{"not_picked":["Body Slam"],"picked":"SKIP","floor":20},{"not_picked":[],"picked":"Clothesline","floor":22},{"not_picked":["Body Slam"],"picked":"SKIP","floor":24},{"not_picked":[],"picked":"Havoc+1","floor":25},{"not_picked":["Anger"],"picked":"SKIP","floor":28},{"not_picked":["Anger"],"picked":"SKIP","floor":28},{"not_picked":["Feel No Pain"],"picked":"SKIP","floor":30},{"not_picked":["Iron Wave+1"],"picked":"SKIP","floor":31},{"not_picked":["Body Slam"],"picked":"SKIP","floor":35},{"not_picked":[],"picked":"Metallicize","floor":37},{"not_picked":[],"picked":"Headbutt","floor":39},{"not_picked":["Second Wind+1"],"picked":"SKIP","floor":40},{"not_picked":["Thunderclap"],"picked":"SKIP","floor":42},{"not_picked":["Searing Blow"],"picked":"Twin Strike","floor":44},{"not_picked":["Havoc"],"picked":"Sword Boomerang","floor":46}],"player_experience":549402,"relics_obtained":[{"floor":7,"key":"Du-Vu Doll"},{"floor":9,"key":"Darkstone Periapt"},{"floor":11,"key":"PreservedInsect"},{"floor":13,"key":"Red Skull"},{"floor":21,"key":"Red Mask"},{"floor":25,"key":"Omamori"},{"floor":26,"key":"Mercury Hourglass"},{"floor":28,"key":"Unceasing Top"},{"floor":40,"key":"Bag of Marbles"},{"floor":42,"key":"Boot"},{"floor":43,"key":"Question Card"}],"event_choices":[{"damage_healed":0,"gold_gain":0,"player_choice":"Left Gold","damage_taken":0,"max_hp_gain":0,"max_hp_loss":0,"event_name":"World of Goop","floor":3,"gold_loss":43},{"damage_healed":0,"gold_gain":30,"player_choice":"Searched \u00271\u0027 times","damage_taken":0,"max_hp_gain":0,"max_hp_loss":0,"event_name":"Dead Adventurer","floor":10,"gold_loss":0},{"damage_healed":0,"gold_gain":0,"player_choice":"Obtain J.A.X.","damage_taken":0,"max_hp_gain":0,"max_hp_loss":0,"event_name":"Drug Dealer","floor":19,"gold_loss":0,"cards_obtained":["J.A.X."]},{"damage_healed":0,"gold_gain":0,"player_choice":"Fought Bandits","damage_taken":0,"max_hp_gain":0,"max_hp_loss":0,"event_name":"Masked Bandits","floor":21,"gold_loss":0},{"cards_removed":["Defend_R"],"damage_healed":0,"gold_gain":0,"player_choice":"Removed Skill","damage_taken":0,"max_hp_gain":0,"max_hp_loss":0,"event_name":"Falling","floor":36,"gold_loss":0},{"damage_healed":0,"gold_gain":0,"player_choice":"Max HP","damage_taken":0,"max_hp_gain":0,"max_hp_loss":4,"event_name":"Winding Halls","floor":38,"gold_loss":0},{"damage_healed":0,"gold_gain":222,"player_choice":"Wore Mask","damage_taken":0,"max_hp_gain":0,"max_hp_loss":0,"event_name":"Tomb of Lord Red Mask","floor":45,"gold_loss":0}],"is_beta":false,"boss_relics":[{"not_picked":["Runic Pyramid","Orrery"],"picked":"Busted Crown"},{"not_picked":["Philosopher\u0027s Stone","Tiny House"],"picked":"Fusion Hammer"}],"items_purged_floors":[14,48],"is_endless":false,"potions_floor_spawned":[1,2,7,11,18,21,28,33,40,42,44,46],"ascension_level":17}