{"gold_per_floor":[10,10,10,35,49,49,49,84,133,183,209,244,256,36,36,36],"floor_reached":16,"playtime":1025,"items_purged":["Strike_R"],"score":220,"play_id":"93e3534c-1472-4859-87d9-dffd03e8babc","local_time":"20190915115222","is_ascension_mode":true,"campfire_choices":[{"data":"Bash","floor":6,"key":"SMITH"},{"data":"Armaments","floor":13,"key":"SMITH"},{"floor":15,"key":"REST"}],"neow_cost":"NO_GOLD","seed_source_timestamp":129250380286000,"circlet_count":0,"master_deck":["AscendersBane","Strike_R","Strike_R","Strike_R","Strike_R","Defend_R","Defend_R","Defend_R","Defend_R","Bash+1","Offering","Armaments+1","Blood for Blood","Feel No Pain","Fiend Fire","Anger","Second Wind","Flame Barrier","Metallicize"],"relics":["Burning Blood","Golden Idol","Centennial Puzzle","MawBank","Omamori"],"potions_floor_usage":[8,10],"damage_taken":[{"damage":10,"enemies":"Jaw Worm","floor":1,"turns":4},{"damage":6,"enemies":"Cultist","floor":4,"turns":2},{"damage":10,"enemies":"2 Louse","floor":5,"turns":2},{"damage":42,"enemies":"Gremlin Nob","floor":8,"turns":4},{"damage":14,"enemies":"3 Sentries","floor":10,"turns":15},{"damage":9,"enemies":"Blue Slaver","floor":11,"turns":3},{"damage":6,"enemies":"2 Fungi Beasts","floor":12,"turns":2},{"damage":46,"enemies":"Slime Boss","floor":16,"turns":7}],"seed_played":"2396337624211002995","potions_obtained":[{"floor":1,"key":"LiquidBronze"},{"floor":4,"key":"Swift Potion"},{"floor":8,"key":"Swift Potion"},{"floor":11,"key":"GamblersBrew"}],"is_trial":false,"path_per_floor":["M","?","?","M","M","R","?","E","T","E","M","M","R","$","R","B"],"character_chosen":"IRONCLAD","items_purchased":["Flame Barrier","Metallicize"],"campfire_rested":1,"item_purchase_floors":[14,14],"current_hp_per_floor":[64,64,64,64,60,60,65,29,29,21,18,18,18,18,39,0],"gold":36,"neow_bonus":"THREE_RARE_CARDS","is_prod":false,"is_daily":false,"chose_seed":false,"campfire_upgraded":2,"win_rate":0,"timestamp":1568515942,"path_taken":["M","?","?","M","M","R","?","E","T","E","?","M","R","?","R","BOSS"],"build_version":"2019-09-12","purchased_purges":1,"victory":false,"max_hp_per_floor":[75,68,68,68,68,68,73,73,73,73,73,73,73,73,73,73],"card_choices":[{"not_picked":["Exhume","Impervious"],"picked":"Offering","floor":0},{"not_picked":["Pummel","Searing Blow"],"picked":"Armaments","floor":1},{"not_picked":["Pummel","Heavy Blade"],"picked":"Blood for Blood","floor":4},{"not_picked":["Warcry","Uppercut"],"picked":"Feel No Pain","floor":5},{"not_picked":["Flex","Evolve"],"picked":"Fiend Fire","floor":8},{"not_picked":["Heavy Blade","Armaments"],"picked":"Anger","floor":10},{"not_picked":["Clash","True Grit","Anger"],"picked":"SKIP","floor":11},{"not_picked":["Clothesline","Armaments"],"picked":"Second Wind","floor":12}],"player_experience":744642,"relics_obtained":[{"floor":8,"key":"Centennial Puzzle"},{"floor":9,"key":"MawBank"},{"floor":10,"key":"Omamori"}],"event_choices":[{"damage_healed":0,"gold_gain":0,"player_choice":"Lose Max HP","damage_taken":0,"relics_obtained":["Golden Idol"],"max_hp_gain":0,"max_hp_loss":7,"event_name":"Golden Idol","floor":2,"gold_loss":0},{"damage_healed":0,"gold_gain":0,"player_choice":"Ignored","damage_taken":0,"max_hp_gain":0,"max_hp_loss":0,"event_name":"Shining Light","floor":3,"gold_loss":0},{"damage_healed":0,"gold_gain":0,"player_choice":"Donut","damage_taken":0,"max_hp_gain":5,"max_hp_loss":0,"event_name":"Big Fish","floor":7,"gold_loss":0}],"is_beta":true,"boss_relics":[],"items_purged_floors":[14],"is_endless":false,"potions_floor_spawned":[1,4,8,11],"killed_by":"Slime Boss","ascension_level":20}