{"gold_per_floor":[111,122,122,122,137,137,168,168,168,187,63,102,120,135,135,261,261,244,244,144,144,19,60,84,84],"floor_reached":25,"playtime":817,"items_purged":["Injury","Pain","Pain"],"score":254,"play_id":"e04ea189-9362-48fb-8977-6e433f8ecd5f","local_time":"20190320151904","is_ascension_mode":true,"campfire_choices":[{"floor":6,"key":"RECALL"},{"floor":15,"key":"REST"}],"neow_cost":"NONE","seed_source_timestamp":125340283759844,"circlet_count":0,"master_deck":["Strike_R","Strike_R","Strike_R","Strike_R","Strike_R","Defend_R","Defend_R","Defend_R","Defend_R","Bash","Perfected Strike+1","Twin Strike","Burning Pact","Perfected Strike","Perfected Strike","Demon Form","Injury","Shockwave+1","Battle Trance"],"relics":["Burning Blood","NeowsBlessing","Golden Idol","StoneCalendar","Lantern","Pantograph","Question Card","Calling Bell","Pen Nib","Pear","WingedGreaves","Calipers","Bottled Lightning"],"potions_floor_usage":[12,16,16],"damage_taken":[{"damage":0,"enemies":"Small Slimes","floor":1,"turns":1},{"damage":0,"enemies":"Jaw Worm","floor":2,"turns":1},{"damage":0,"enemies":"Cultist","floor":5,"turns":1},{"damage":30,"enemies":"Gremlin Nob","floor":7,"turns":5},{"damage":32,"enemies":"Exordium Wildlife","floor":10,"turns":3},{"damage":26,"enemies":"Lagavulin","floor":12,"turns":7},{"damage":0,"enemies":"Large Slime","floor":13,"turns":3},{"damage":5,"enemies":"Gremlin Gang","floor":14,"turns":3},{"damage":25,"enemies":"The Guardian","floor":16,"turns":8},{"damage":33,"enemies":"2 Thieves","floor":18,"turns":4},{"damage":41,"enemies":"Book of Stabbing","floor":23,"turns":5},{"damage":14,"enemies":"Shell Parasite","floor":24,"turns":4},{"damage":57,"enemies":"Sentry and Sphere","floor":25,"turns":6}],"seed_played":"-2222946436525083227","potions_obtained":[{"floor":7,"key":"Dexterity Potion"},{"floor":10,"key":"SkillPotion"},{"floor":12,"key":"Weak Potion"},{"floor":14,"key":"SkillPotion"},{"floor":18,"key":"EssenceOfSteel"},{"floor":23,"key":"Dexterity Potion"}],"is_trial":false,"path_per_floor":["M","M","?","?","M","R","E","?","T","M","$","E","M","M","R","B",null,"M","?","$","?","$","E","M","M"],"character_chosen":"IRONCLAD","items_purchased":["Perfected Strike"],"campfire_rested":1,"item_purchase_floors":[11],"current_hp_per_floor":[80,80,80,77,80,80,56,56,56,30,30,10,16,17,41,47,90,63,63,63,90,90,55,47,0],"gold":84,"neow_bonus":"THREE_ENEMY_KILL","is_prod":false,"is_daily":false,"chose_seed":false,"campfire_upgraded":0,"win_rate":0,"timestamp":1553109544,"path_taken":["M","M","?","?","M","R","E","?","T","M","?","E","?","M","R","BOSS","M","?","$","?","$","E","M","M"],"build_version":"2019-01-23","purchased_purges":3,"victory":false,"max_hp_per_floor":[80,80,80,80,80,80,80,80,80,80,80,80,80,80,80,80,90,90,90,90,90,90,90,90,90],"card_choices":[{"not_picked":["Shrug It Off","Headbutt"],"picked":"Perfected Strike","floor":1},{"not_picked":["True Grit","Sentinel","Iron Wave"],"picked":"SKIP","floor":2},{"not_picked":["Iron Wave","Dual Wield"],"picked":"Twin Strike","floor":5},{"not_picked":["Body Slam","Iron Wave"],"picked":"Burning Pact","floor":7},{"not_picked":["Cleave","Impervious","Anger"],"picked":"SKIP","floor":10},{"not_picked":["Fire Breathing","Pummel"],"picked":"Perfected Strike","floor":12},{"not_picked":["Carnage","Clash","Heavy Blade"],"picked":"Evolve","floor":13},{"not_picked":["Body Slam","Sword Boomerang","Corruption","Clothesline"],"picked":"SKIP","floor":14},{"not_picked":["Bludgeon","Brutality","Juggernaut"],"picked":"Demon Form","floor":16},{"not_picked":["Whirlwind","Shrug It Off","Heavy Blade"],"picked":"Shockwave+1","floor":18},{"not_picked":["Anger","Clash","Flex","Limit Break"],"picked":"SKIP","floor":23},{"not_picked":["Warcry+1","Shrug It Off","Flex"],"picked":"Battle Trance","floor":24}],"player_experience":101113,"relics_obtained":[{"floor":7,"key":"Lantern"},{"floor":9,"key":"Pantograph"},{"floor":12,"key":"Question Card"},{"floor":17,"key":"Pen Nib"},{"floor":17,"key":"Pear"},{"floor":17,"key":"WingedGreaves"},{"floor":23,"key":"Bottled Lightning"}],"event_choices":[{"damage_healed":0,"gold_gain":0,"player_choice":"Take Wound","damage_taken":0,"relics_obtained":["Golden Idol"],"max_hp_gain":0,"max_hp_loss":0,"event_name":"Golden Idol","floor":3,"gold_loss":0,"cards_obtained":["Injury"]},{"damage_healed":0,"gold_gain":0,"player_choice":"Success","damage_taken":3,"relics_obtained":["StoneCalendar"],"max_hp_gain":0,"max_hp_loss":0,"event_name":"Scrap Ooze","floor":4,"gold_loss":0},{"damage_healed":0,"gold_gain":0,"player_choice":"Grow","damage_taken":0,"max_hp_gain":0,"max_hp_loss":0,"event_name":"Living Wall","floor":8,"gold_loss":0,"cards_upgraded":["Perfected Strike"]},{"damage_healed":0,"gold_gain":0,"player_choice":"Opened","damage_taken":0,"relics_obtained":["Calipers"],"max_hp_gain":0,"max_hp_loss":0,"event_name":"The Mausoleum","floor":19,"gold_loss":0},{"cards_removed":["Evolve"],"damage_healed":27,"gold_gain":0,"player_choice":"Offered Uncommon","damage_taken":0,"max_hp_gain":0,"max_hp_loss":0,"event_name":"Bonfire Elementals","floor":21,"gold_loss":0}],"is_beta":false,"boss_relics":[{"not_picked":["Runic Dome","Cursed Key"],"picked":"Calling Bell"}],"items_purged_floors":[11,20,22],"is_endless":false,"potions_floor_spawned":[7,10,12,14,18,23],"killed_by":"Sentry and Sphere","ascension_level":2}