{"gold_per_floor":[214,139,159,159,159,159,192,192,192,192,262,296,296,141,141,216,216,226,226,53,53,66,66,101,101,101,101,132,143,155,205,205,205],"floor_reached":33,"playtime":2134,"items_purged":["Strike_R"],"score":574,"play_id":"c98e8374-e99a-4e08-820a-a122055c6605","local_time":"20190921181839","is_ascension_mode":true,"campfire_choices":[{"floor":6,"key":"REST"},{"data":"Bash","floor":8,"key":"SMITH"},{"data":"True Grit","floor":10,"key":"SMITH"},{"data":"Clothesline","floor":13,"key":"SMITH"},{"floor":15,"key":"REST"},{"floor":23,"key":"REST"},{"data":"Immolate","floor":25,"key":"SMITH"},{"floor":27,"key":"REST"},{"floor":32,"key":"REST"}],"neow_cost":"NONE","seed_source_timestamp":128887498089800,"circlet_count":0,"master_deck":["AscendersBane","Strike_R","Strike_R","Strike_R","Defend_R","Defend_R","Defend_R","Defend_R+1","Bash+1","Iron Wave","Whirlwind+1","True Grit+1","Clothesline+1","Feel No Pain","Immolate+1","J.A.X."],"relics":["Burning Blood","Calipers","Bottled Flame","Letter Opener","Cursed Key","Vajra","Happy Flower","Ginger"],"potions_floor_usage":[16,24],"damage_taken":[{"damage":11,"enemies":"Jaw Worm","floor":1,"turns":5},{"damage":4,"enemies":"Small Slimes","floor":3,"turns":4},{"damage":15,"enemies":"3 Sentries","floor":7,"turns":4},{"damage":32,"enemies":"Gremlin Nob","floor":12,"turns":4},{"damage":39,"enemies":"Slime Boss","floor":16,"turns":11},{"damage":0,"enemies":"Chosen","floor":18,"turns":6},{"damage":23,"enemies":"Shell Parasite","floor":22,"turns":6},{"damage":41,"enemies":"Slavers","floor":24,"turns":3},{"damage":25,"enemies":"Gremlin Leader","floor":28,"turns":4},{"damage":3,"enemies":"Cultist and Chosen","floor":29,"turns":3},{"damage":3,"enemies":"Snecko","floor":30,"turns":4},{"damage":95,"enemies":"Collector","floor":33,"turns":7}],"seed_played":"-131596562209299217","potions_obtained":[{"floor":3,"key":"Explosive Potion"},{"floor":18,"key":"Swift Potion"},{"floor":30,"key":"SmokeBomb"}],"is_trial":false,"path_per_floor":["M","?","M","?","?","R","E","R","T","R","?","E","R","$","R","B",null,"M","?","$","?","M","R","E","R","T","R","E","M","M","?","R","B"],"character_chosen":"IRONCLAD","items_purchased":["Feel No Pain","Vajra"],"campfire_rested":5,"item_purchase_floors":[14,20],"current_hp_per_floor":[63,63,65,42,31,53,44,44,44,44,44,18,18,18,40,7,58,64,64,64,43,26,50,15,15,15,39,20,23,26,26,50,0],"gold":205,"neow_bonus":"HUNDRED_GOLD","is_prod":false,"is_daily":false,"chose_seed":false,"campfire_upgraded":4,"win_rate":0,"timestamp":1569057519,"path_taken":["M","?","M","?","?","R","E","R","T","R","?","E","R","$","R","BOSS","M","?","$","?","M","R","E","R","T","R","E","?","M","?","R","BOSS"],"build_version":"2019-09-20","purchased_purges":1,"victory":false,"max_hp_per_floor":[75,75,75,75,75,75,75,75,75,75,75,75,75,75,75,75,75,75,75,75,80,80,80,80,80,80,80,80,80,80,80,80,80],"card_choices":[{"not_picked":["Second Wind","Shrug It Off"],"picked":"Iron Wave","floor":1},{"not_picked":["Ghostly Armor","Cleave"],"picked":"Whirlwind","floor":3},{"not_picked":["Reckless Charge","Fire Breathing"],"picked":"True Grit","floor":7},{"not_picked":["Heavy Blade","True Grit"],"picked":"Clothesline","floor":12},{"not_picked":["Berserk","Juggernaut"],"picked":"Immolate","floor":16},{"not_picked":["Entrench","Fire Breathing","Pommel Strike"],"picked":"SKIP","floor":18},{"not_picked":["Hemokinesis","Metallicize","Clash"],"picked":"SKIP","floor":22},{"not_picked":["Second Wind","Combust","Blood for Blood"],"picked":"SKIP","floor":24},{"not_picked":["Clash","Juggernaut","Sentinel"],"picked":"SKIP","floor":28},{"not_picked":["Armaments","Flex","Whirlwind"],"picked":"SKIP","floor":29},{"not_picked":["Perfected Strike","Twin Strike","Flex"],"picked":"SKIP","floor":30}],"player_experience":802886,"relics_obtained":[{"floor":7,"key":"Calipers"},{"floor":9,"key":"Bottled Flame"},{"floor":12,"key":"Letter Opener"},{"floor":24,"key":"Happy Flower"},{"floor":28,"key":"Ginger"}],"event_choices":[{"cards_removed":["Strike_R"],"damage_healed":0,"gold_gain":0,"player_choice":"Card Removal","damage_taken":0,"max_hp_gain":0,"max_hp_loss":0,"event_name":"The Cleric","floor":2,"gold_loss":75},{"damage_healed":0,"gold_gain":0,"player_choice":"Entered Light","damage_taken":23,"max_hp_gain":0,"max_hp_loss":0,"event_name":"Shining Light","floor":4,"gold_loss":0,"cards_upgraded":["Defend_R","Whirlwind"]},{"damage_healed":0,"gold_gain":0,"player_choice":"Fled","damage_taken":11,"max_hp_gain":0,"max_hp_loss":0,"event_name":"Scrap Ooze","floor":5,"gold_loss":0},{"damage_healed":0,"gold_gain":70,"player_choice":"Gained Gold","damage_taken":0,"max_hp_gain":0,"max_hp_loss":0,"event_name":"Golden Wing","floor":11,"gold_loss":0},{"damage_healed":0,"gold_gain":0,"player_choice":"Obtain J.A.X.","damage_taken":0,"max_hp_gain":0,"max_hp_loss":0,"event_name":"Drug Dealer","floor":19,"gold_loss":0,"cards_obtained":["J.A.X."]},{"damage_healed":0,"gold_gain":0,"player_choice":"Shed Blood","damage_taken":26,"max_hp_gain":5,"max_hp_loss":0,"event_name":"Forgotten Altar","floor":21,"gold_loss":0},{"damage_healed":0,"gold_gain":50,"player_choice":"Stole From Cult","damage_taken":0,"max_hp_gain":0,"max_hp_loss":0,"event_name":"Nest","floor":31,"gold_loss":0}],"is_beta":true,"boss_relics":[{"not_picked":["SacredBark","Ectoplasm"],"picked":"Cursed Key"}],"items_purged_floors":[14],"is_endless":false,"potions_floor_spawned":[3,18,30],"killed_by":"Collector","ascension_level":20}