{"gold_per_floor":[116,133,151,167,167,197,218,218,218,72,102,122,151,162,162,257,257,277,169,187,87,99,130,130,160,160,193,193,193,208,226,226,331,331,346,346,363,363,199,199,226,237,237,266,266,216,236,249,249,249],"floor_reached":51,"playtime":2046,"items_purged":["Strike_G","Strike_G","Strike_G","Defend_G","Defend_G"],"score":850,"play_id":"77b3d029-2aed-4c7a-8277-f293dc629ca6","local_time":"20190823181805","is_ascension_mode":true,"campfire_choices":[{"data":"Neutralize","floor":15,"key":"SMITH"},{"data":"Footwork","floor":29,"key":"SMITH"},{"data":"Crippling Poison","floor":32,"key":"SMITH"},{"data":"Crippling Poison","floor":40,"key":"SMITH"},{"data":"Deadly Poison","floor":45,"key":"SMITH"},{"data":"Corpse Explosion","floor":49,"key":"SMITH"}],"neow_cost":"NONE","seed_source_timestamp":2007257463345603,"circlet_count":0,"master_deck":["Defend_G","Defend_G","Defend_G","Survivor","Neutralize+1","Crippling Poison+1","Poisoned Stab","Poisoned Stab","Well Laid Plans","Deadly Poison+1","Bullet Time","Crippling Poison+1","Adrenaline","Footwork+1","Corpse Explosion+1","Noxious Fumes+1"],"relics":["Ring of the Snake","NeowsBlessing","Dream Catcher","Mercury Hourglass","Odd Mushroom","Blood Vial","Bronze Scales","The Courier","Eternal Feather","Lantern","PreservedInsect","Regal Pillow","Smiling Mask","White Beast Statue","Centennial Puzzle","Oddly Smooth Stone","Darkstone Periapt","Art of War"],"potions_floor_usage":[6,6,7,20,25,27,31,48,50,50],"damage_taken":[{"damage":0,"enemies":"2 Louse","floor":1,"turns":1},{"damage":0,"enemies":"Small Slimes","floor":2,"turns":1},{"damage":0,"enemies":"Jaw Worm","floor":3,"turns":1},{"damage":10,"enemies":"2 Fungi Beasts","floor":4,"turns":3},{"damage":34,"enemies":"3 Sentries","floor":6,"turns":9},{"damage":8,"enemies":"The Mushroom Lair","floor":7,"turns":4},{"damage":17,"enemies":"Gremlin Nob","floor":11,"turns":4},{"damage":0,"enemies":"Looter","floor":12,"turns":2},{"damage":9,"enemies":"3 Sentries","floor":13,"turns":7},{"damage":0,"enemies":"Red Slaver","floor":14,"turns":3},{"damage":10,"enemies":"The Guardian","floor":16,"turns":9},{"damage":5,"enemies":"Spheric Guardian","floor":18,"turns":4},{"damage":5,"enemies":"Chosen","floor":20,"turns":5},{"damage":6,"enemies":"Centurion and Healer","floor":22,"turns":7},{"damage":17,"enemies":"Gremlin Leader","floor":23,"turns":7},{"damage":12,"enemies":"Slavers","floor":25,"turns":4},{"damage":6,"enemies":"Book of Stabbing","floor":27,"turns":4},{"damage":5,"enemies":"Snecko","floor":30,"turns":5},{"damage":9,"enemies":"Snake Plant","floor":31,"turns":3},{"damage":16,"enemies":"Collector","floor":33,"turns":8},{"damage":4,"enemies":"3 Shapes","floor":35,"turns":3},{"damage":13,"enemies":"Orb Walker","floor":37,"turns":4},{"damage":14,"enemies":"Reptomancer","floor":41,"turns":4},{"damage":8,"enemies":"Sphere and 2 Shapes","floor":42,"turns":4},{"damage":3,"enemies":"Nemesis","floor":44,"turns":5},{"damage":4,"enemies":"4 Shapes","floor":47,"turns":2},{"damage":3,"enemies":"Jaw Worm Horde","floor":48,"turns":3},{"damage":41,"enemies":"Donu and Deca","floor":50,"turns":5}],"seed_played":"-5214466297163405431","potions_obtained":[{"floor":1,"key":"Regen Potion"},{"floor":3,"key":"GamblersBrew"},{"floor":4,"key":"Strength Potion"},{"floor":13,"key":"Block Potion"},{"floor":16,"key":"Fire Potion"},{"floor":20,"key":"Poison Potion"},{"floor":22,"key":"EssenceOfSteel"},{"floor":25,"key":"Ancient Potion"},{"floor":30,"key":"SkillPotion"},{"floor":33,"key":"Fire Potion"},{"floor":41,"key":"SkillPotion"},{"floor":42,"key":"Energy Potion"},{"floor":44,"key":"GamblersBrew"},{"floor":47,"key":"PowerPotion"},{"floor":48,"key":"Poison Potion"}],"is_trial":false,"path_per_floor":["M","M","M","M","?","E","?","?","T","$","E","M","E","M","R","B",null,"M","$","M","$","M","E","?","E","T","E","?","R","M","M","R","B",null,"M","?","M","?","$","R","E","M","T","E","R","$","M","M","R","B",null],"character_chosen":"THE_SILENT","items_purchased":["Bullet Time","Footwork","Centennial Puzzle"],"campfire_rested":0,"item_purchase_floors":[10,19,39],"current_hp_per_floor":[70,70,70,60,57,38,30,30,30,30,15,17,10,12,12,4,70,65,65,62,62,58,43,43,33,33,29,29,38,35,28,37,23,70,66,66,55,55,55,64,52,46,46,45,54,54,52,51,60,21],"gold":249,"neow_bonus":"THREE_ENEMY_KILL","is_prod":false,"is_daily":false,"chose_seed":false,"campfire_upgraded":6,"win_rate":0,"timestamp":1566562685,"path_taken":["M","M","M","M","?","E","?","?","T","$","E","M","E","?","R","BOSS","M","$","M","$","M","E","?","E","T","E","?","R","M","?","R","BOSS","M","?","?","?","$","R","E","M","T","E","R","$","M","?","R","BOSS"],"build_version":"2019-07-17","purchased_purges":5,"victory":true,"max_hp_per_floor":[70,70,70,70,70,70,70,70,70,70,70,70,70,70,70,70,70,70,70,70,70,70,70,70,70,70,70,70,70,70,70,70,70,70,70,70,70,70,70,70,70,70,70,70,70,70,70,70,70,70],"card_choices":[{"not_picked":["Noxious Fumes","Cloak And Dagger"],"picked":"Crippling Poison","floor":1},{"not_picked":["Leg Sweep","Distraction","Accuracy"],"picked":"SKIP","floor":2},{"not_picked":["PiercingWail","Acrobatics"],"picked":"Poisoned Stab","floor":3},{"not_picked":["Acrobatics","Eviscerate"],"picked":"Poisoned Stab","floor":4},{"not_picked":["Underhanded Strike","Outmaneuver"],"picked":"Well Laid Plans","floor":6},{"not_picked":["Distraction","Heel Hook"],"picked":"Deadly Poison","floor":7},{"not_picked":["Envenom","Dagger Spray"],"picked":"Crippling Poison","floor":11},{"not_picked":["Flying Knee","Eviscerate","Skewer"],"picked":"SKIP","floor":12},{"not_picked":["Predator","Die Die Die","Choke"],"picked":"SKIP","floor":13},{"not_picked":["Bane","Acrobatics","Heel Hook"],"picked":"SKIP","floor":14},{"not_picked":["Unload","Tools of the Trade"],"picked":"Adrenaline","floor":16},{"not_picked":["Eviscerate","Flying Knee+1","Predator"],"picked":"SKIP","floor":18},{"not_picked":["Dagger Throw","Bane+1","Dagger Spray"],"picked":"SKIP","floor":20},{"not_picked":["Outmaneuver","Masterful Stab","Dash"],"picked":"SKIP","floor":22},{"not_picked":["Deadly Poison+1","Poisoned Stab","Deflect+1"],"picked":"SKIP","floor":23},{"not_picked":["PiercingWail","Setup"],"picked":"Corpse Explosion","floor":25},{"not_picked":["Flying Knee+1","Reflex","Endless Agony"],"picked":"SKIP","floor":27},{"not_picked":["Masterful Stab+1","Escape Plan","Reflex"],"picked":"SKIP","floor":30},{"not_picked":["Deflect+1","Backflip","Acrobatics+1"],"picked":"SKIP","floor":31},{"not_picked":["Riddle With Holes","All Out Attack+1"],"picked":"Noxious Fumes+1","floor":35},{"not_picked":["Tactician","Cloak And Dagger+1","Poisoned Stab+1"],"picked":"SKIP","floor":37},{"not_picked":["Deflect","Acrobatics","Malaise"],"picked":"SKIP","floor":41},{"not_picked":["Bane+1","Blur","Dash"],"picked":"SKIP","floor":42},{"not_picked":["Skewer","Glass Knife","Leg Sweep+1"],"picked":"SKIP","floor":44},{"not_picked":["Flechettes","Dodge and Roll","Blade Dance"],"picked":"SKIP","floor":47},{"not_picked":["Dagger Spray","Prepared","Eviscerate+1"],"picked":"SKIP","floor":48}],"player_experience":1680835,"relics_obtained":[{"floor":6,"key":"Mercury Hourglass"},{"floor":7,"key":"Odd Mushroom"},{"floor":9,"key":"Blood Vial"},{"floor":11,"key":"Bronze Scales"},{"floor":13,"key":"The Courier"},{"floor":23,"key":"Lantern"},{"floor":25,"key":"PreservedInsect"},{"floor":26,"key":"Regal Pillow"},{"floor":27,"key":"Smiling Mask"},{"floor":41,"key":"Oddly Smooth Stone"},{"floor":43,"key":"Darkstone Periapt"},{"floor":44,"key":"Art of War"}],"event_choices":[{"damage_healed":0,"gold_gain":0,"player_choice":"Success","damage_taken":3,"relics_obtained":["Dream Catcher"],"max_hp_gain":0,"max_hp_loss":0,"event_name":"Scrap Ooze","floor":5,"gold_loss":0},{"damage_healed":0,"gold_gain":0,"player_choice":"Fought Mushrooms","damage_taken":0,"max_hp_gain":0,"max_hp_loss":0,"event_name":"Mushrooms","floor":7,"gold_loss":0},{"cards_removed":["Strike_G"],"damage_healed":0,"gold_gain":0,"player_choice":"Forget","damage_taken":0,"max_hp_gain":0,"max_hp_loss":0,"event_name":"Living Wall","floor":8,"gold_loss":0},{"damage_healed":0,"gold_gain":0,"player_choice":"Ignored","damage_taken":0,"max_hp_gain":0,"max_hp_loss":0,"event_name":"Ghosts","floor":24,"gold_loss":0},{"damage_healed":0,"gold_gain":0,"player_choice":"Cursed","damage_taken":0,"max_hp_gain":0,"max_hp_loss":0,"event_name":"Wheel of Change","floor":28,"gold_loss":0,"cards_obtained":["Decay"]},{"cards_removed":["Decay"],"damage_healed":0,"gold_gain":0,"player_choice":"Removed Curses","damage_taken":0,"max_hp_gain":0,"max_hp_loss":0,"event_name":"Fountain of Cleansing","floor":36,"gold_loss":0},{"cards_removed":["Strike_G"],"damage_healed":0,"gold_gain":0,"player_choice":"Purged","damage_taken":0,"max_hp_gain":0,"max_hp_loss":0,"event_name":"Purifier","floor":38,"gold_loss":0}],"is_beta":false,"boss_relics":[{"not_picked":["Cursed Key","Fusion Hammer"],"picked":"Eternal Feather"},{"not_picked":["Tiny House","Orrery"],"picked":"White Beast Statue"}],"items_purged_floors":[10,19,21,39,46],"is_endless":false,"potions_floor_spawned":[1,3,4,13,16,20,22,25,30,33,35,37,41,42,44,47,48],"ascension_level":1}