{"gold_per_floor":[113,124,140,152,165,193,193,193,193,205,239,239,239,263,263,387,387,410,434,450,77,77,77],"floor_reached":23,"playtime":1109,"items_purged":[],"score":215,"play_id":"5c05919b-98fa-4f3a-8e9e-c71ed373e9b1","local_time":"20190320153802","is_ascension_mode":true,"campfire_choices":[{"floor":7,"key":"REST"},{"floor":12,"key":"REST"},{"floor":15,"key":"REST"}],"neow_cost":"NONE","seed_source_timestamp":126187703208272,"circlet_count":0,"master_deck":["Strike_B","Strike_B","Strike_B","Strike_B","Defend_B","Defend_B","Defend_B","Defend_B","Zap","Dualcast","Gash","Stack","Reprogram","Ball Lightning","Ball Lightning","Go for the Eyes","Glacier","Heatsinks","Injury","Coolheaded+1","Reboot+1","Turbo+1","Steam+1","BootSequence+1","Defragment","Dramatic Entrance","Rebound"],"relics":["Cracked Core","NeowsBlessing","Vajra","Toxic Egg 2","Golden Idol","Eternal Feather","Incense Burner"],"potions_floor_usage":[4,11,23,23],"damage_taken":[{"damage":0,"enemies":"Small Slimes","floor":1,"turns":1},{"damage":0,"enemies":"2 Louse","floor":2,"turns":1},{"damage":0,"enemies":"Jaw Worm","floor":3,"turns":1},{"damage":6,"enemies":"Lots of Slimes","floor":4,"turns":4},{"damage":13,"enemies":"3 Louse","floor":5,"turns":2},{"damage":19,"enemies":"Gremlin Nob","floor":6,"turns":4},{"damage":5,"enemies":"2 Fungi Beasts","floor":10,"turns":3},{"damage":35,"enemies":"3 Sentries","floor":11,"turns":10},{"damage":0,"enemies":"Exordium Wildlife","floor":14,"turns":4},{"damage":25,"enemies":"The Guardian","floor":16,"turns":11},{"damage":5,"enemies":"3 Byrds","floor":18,"turns":5},{"damage":30,"enemies":"2 Thieves","floor":19,"turns":4},{"damage":17,"enemies":"Snake Plant","floor":20,"turns":6},{"damage":24,"enemies":"Book of Stabbing","floor":23,"turns":5}],"seed_played":"-7512068538416032489","potions_obtained":[{"floor":2,"key":"Fire Potion"},{"floor":4,"key":"GamblersBrew"},{"floor":11,"key":"Weak Potion"},{"floor":16,"key":"Dexterity Potion"},{"floor":18,"key":"GamblersBrew"}],"is_trial":false,"path_per_floor":["M","M","M","M","M","E","R","?","T","M","E","R","?","M","R","B",null,"M","M","M","$","?","E"],"character_chosen":"DEFECT","items_purchased":["Incense Burner","Defragment"],"campfire_rested":3,"item_purchase_floors":[21,21],"current_hp_per_floor":[75,75,75,69,56,37,59,59,59,54,19,41,41,41,63,38,75,70,40,23,23,23,0],"gold":77,"neow_bonus":"THREE_ENEMY_KILL","is_prod":false,"is_daily":false,"chose_seed":false,"campfire_upgraded":0,"win_rate":0,"timestamp":1553110682,"path_taken":["M","M","M","M","M","E","R","?","T","M","E","R","?","M","R","BOSS","M","M","M","$","?","E"],"build_version":"2019-01-23","purchased_purges":0,"victory":false,"max_hp_per_floor":[75,75,75,75,75,75,75,75,75,75,75,75,75,75,75,75,75,75,75,75,75,75,75],"card_choices":[{"not_picked":["Barrage","Leap"],"picked":"Gash","floor":1},{"not_picked":["Hologram","Leap"],"picked":"Stack","floor":2},{"not_picked":["Steam Power","Lockon"],"picked":"Reprogram","floor":3},{"not_picked":["Hologram","Streamline"],"picked":"Ball Lightning","floor":4},{"not_picked":["Beam Cell","Barrage"],"picked":"Ball Lightning","floor":5},{"not_picked":["Rebound","Reprogram"],"picked":"Go for the Eyes","floor":6},{"not_picked":["Streamline","Consume"],"picked":"Glacier","floor":10},{"not_picked":["Rebound","Recycle"],"picked":"Heatsinks","floor":11},{"not_picked":["Leap+1","Doom and Gloom"],"picked":"Coolheaded+1","floor":14},{"not_picked":["Hyperbeam","Buffer"],"picked":"Reboot+1","floor":16},{"not_picked":["Sweeping Beam","Rebound+1"],"picked":"Turbo+1","floor":18},{"not_picked":["Barrage+1","Sunder"],"picked":"Steam+1","floor":19},{"not_picked":["Hologram+1","Rip and Tear+1"],"picked":"BootSequence+1","floor":20}],"player_experience":101930,"relics_obtained":[{"floor":6,"key":"Vajra"},{"floor":11,"key":"Toxic Egg 2"}],"event_choices":[{"damage_healed":0,"gold_gain":0,"player_choice":"Ignored","damage_taken":0,"max_hp_gain":0,"max_hp_loss":0,"event_name":"Liars Game","floor":8,"gold_loss":0},{"damage_healed":0,"gold_gain":0,"player_choice":"Take Wound","damage_taken":0,"relics_obtained":["Golden Idol"],"max_hp_gain":0,"max_hp_loss":0,"event_name":"Golden Idol","floor":13,"gold_loss":0,"cards_obtained":["Injury"]},{"damage_healed":0,"gold_gain":0,"player_choice":"2 cards matched","damage_taken":0,"max_hp_gain":0,"max_hp_loss":0,"event_name":"Match and Keep!","floor":22,"gold_loss":0,"cards_obtained":["Dramatic Entrance","Rebound"]}],"is_beta":false,"boss_relics":[{"not_picked":["Sozu","Snecko Eye"],"picked":"Eternal Feather"}],"items_purged_floors":[],"is_endless":false,"potions_floor_spawned":[2,4,11,16,18],"killed_by":"Book of Stabbing","ascension_level":1}