{"gold_per_floor":[114,114,114,129,129,159,159,174,249,249,264,64,94,124,124,224,274,289,304,219,294,309,339,339,354,404,404,29,44,59,89,89,189,189,204,204,204,219,19,34,64,94,94,94,109,124,124,139,139,139],"floor_reached":51,"playtime":3698,"items_purged":["Strike_R"],"score":792,"play_id":"34c4fc15-8a65-464c-8256-a9811ac85d1d","local_time":"20190515211047","daily_mods":["Allstar","Time Dilation","DeadlyEvents"],"is_ascension_mode":false,"campfire_choices":[{"data":"Intimidate","floor":7.0,"key":"SMITH"},{"data":"Mind Blast","floor":15.0,"key":"SMITH"},{"floor":24.0,"key":"REST"},{"floor":27.0,"key":"REST"},{"floor":32.0,"key":"REST"},{"floor":44,"key":"REST"},{"floor":47,"key":"REST"},{"floor":49,"key":"REST"}],"neow_cost":"","seed_source_timestamp":0,"circlet_count":0,"master_deck":["Strike_R+1","Strike_R","Strike_R","Strike_R+1","Defend_R","Defend_R","Defend_R","Bash+1","Enlightenment+1","Mind Blast+1","Good Instincts","Madness","Secret Technique+1","Intimidate+1","Shockwave+1","Perfected Strike+1","Metallicize","Double Tap","Cleave+1","Dropkick+1","Metallicize+1","Perfected Strike+1","Dropkick+1","Madness","Madness","Offering","Seeing Red","Rage+1"],"special_seed":18032,"relics":["Burning Blood","Singing Bowl","Molten Egg 2","Sling","Potion Belt","Pantograph","Tiny House","Sundial","Champion Belt","Orichalcum","Gambling Chip","Prayer Wheel","Black Star","Toolbox","Frozen Egg 2","Shuriken","Whetstone","Art of War","Omamori"],"potions_floor_usage":[41,41,50,50,50,50],"damage_taken":[{"damage":0.0,"enemies":"Cultist","floor":1.0,"turns":3.0},{"damage":4.0,"enemies":"Small Slimes","floor":4.0,"turns":4.0},{"damage":25.0,"enemies":"Lagavulin","floor":6.0,"turns":6.0},{"damage":0.0,"enemies":"2 Louse","floor":8.0,"turns":2.0},{"damage":4.0,"enemies":"2 Fungi Beasts","floor":11.0,"turns":3.0},{"damage":6.0,"enemies":"Gremlin Nob","floor":13.0,"turns":3.0},{"damage":9.0,"enemies":"3 Sentries","floor":14.0,"turns":7.0},{"damage":47.0,"enemies":"Slime Boss","floor":16.0,"turns":15.0},{"damage":25.0,"enemies":"Shell Parasite","floor":18.0,"turns":6.0},{"damage":15.0,"enemies":"3 Byrds","floor":19.0,"turns":6.0},{"damage":10.0,"enemies":"Snake Plant","floor":22.0,"turns":4.0},{"damage":28.0,"enemies":"Slavers","floor":23.0,"turns":6.0},{"damage":26.0,"enemies":"Snecko","floor":25.0,"turns":7.0},{"damage":5.0,"enemies":"Cultist and Chosen","floor":29.0,"turns":5.0},{"damage":9.0,"enemies":"Snake Plant","floor":30.0,"turns":3.0},{"damage":22.0,"enemies":"Gremlin Leader","floor":31.0,"turns":4.0},{"damage":39.0,"enemies":"Champ","floor":33.0,"turns":12.0},{"damage":13,"enemies":"3 Shapes","floor":35,"turns":5},{"damage":8,"enemies":"Orb Walker","floor":38,"turns":3},{"damage":16,"enemies":"Sphere and 2 Shapes","floor":40,"turns":5},{"damage":34,"enemies":"Nemesis","floor":41,"turns":5},{"damage":47,"enemies":"Giant Head","floor":42,"turns":8},{"damage":19,"enemies":"Jaw Worm Horde","floor":45,"turns":5},{"damage":6,"enemies":"Transient","floor":46,"turns":5},{"damage":18,"enemies":"4 Shapes","floor":48,"turns":2},{"damage":115,"enemies":"Awakened One","floor":50,"turns":12}],"seed_played":"-1426792424504152410","potions_obtained":[{"floor":4.0,"key":"Fire Potion"},{"floor":8.0,"key":"Ancient Potion"},{"floor":13.0,"key":"Ancient Potion"},{"floor":17.0,"key":"Ancient Potion"},{"floor":29.0,"key":"Dexterity Potion"},{"floor":30.0,"key":"GamblersBrew"},{"floor":31.0,"key":"Block Potion"},{"floor":33.0,"key":"Explosive Potion"},{"floor":40,"key":"PowerPotion"},{"floor":45,"key":"Poison Potion"}],"is_trial":false,"path_per_floor":["M","?","?","M","$","E","R","M","T","?","M","$","E","E","R","B",null,"M","M","?","?","M","E","R","M","T","R","$","M","M","E","R","B",null,"M","?","?","M","$","M","E","E","T","R","M","M","R","M","R","B",null],"character_chosen":"IRONCLAD","items_purchased":["Sling","Gambling Chip","Toolbox"],"campfire_rested":6,"item_purchase_floors":[12,28,39],"current_hp_per_floor":[80,64,64,66,66,49,49,55,55,55,57,57,57,56,56,40,89,72,65,65,56,52,30,57,39,39,67,67,68,67,53,82,68,101,96,83,83,85,85,79,53,14,14,48,37,39,74,64,100,12],"gold":139,"neow_bonus":"","is_prod":false,"is_daily":true,"chose_seed":false,"campfire_upgraded":2,"win_rate":0,"timestamp":1557969047,"path_taken":["M","?","?","M","$","E","R","?","T","?","M","$","?","E","R","BOSS","M","M","?","?","M","?","R","?","T","R","$","M","M","E","R","BOSS","M","?","?","?","?","M","E","?","T","R","M","M","R","?","R","BOSS"],"build_version":"2019-01-23","purchased_purges":1,"victory":true,"max_hp_per_floor":[80,80,80,80,80,82,82,82,82,82,82,82,82,84,84,84,89,91,93,93,93,93,93,93,95,95,95,95,95,97,99,99,101,101,103,103,103,107,107,111,113,115,115,115,117,119,119,121,121,121],"card_choices":[{"not_picked":["Sword Boomerang","Shrug It Off"],"picked":"Intimidate","floor":1.0},{"not_picked":["Heavy Blade","Clothesline","Dropkick"],"picked":"SKIP","floor":4.0},{"not_picked":["Headbutt","Wild Strike","Heavy Blade"],"picked":"Singing Bowl","floor":6.0},{"not_picked":["Shrug It Off","Searing Blow"],"picked":"Shockwave","floor":8.0},{"not_picked":["Sword Boomerang+1","Body Slam+1"],"picked":"Perfected Strike+1","floor":11.0},{"not_picked":["Burning Pact","Searing Blow+1"],"picked":"Metallicize","floor":13.0},{"not_picked":["Sword Boomerang+1","Barricade","Havoc"],"picked":"Singing Bowl","floor":14.0},{"not_picked":["Berserk","Bludgeon+1"],"picked":"Double Tap","floor":16.0},{"not_picked":["Wild Strike+1","Flex"],"picked":"Cleave+1","floor":17.0},{"not_picked":["Headbutt+1","Bloodletting","Dark Embrace"],"picked":"Singing Bowl","floor":18.0},{"not_picked":["Feel No Pain","True Grit+1","Flex+1"],"picked":"Singing Bowl","floor":19.0},{"not_picked":["Shrug It Off","Carnage+1"],"picked":"Dropkick+1","floor":22.0},{"not_picked":["Rampage+1","Wild Strike+1"],"picked":"Metallicize+1","floor":23.0},{"not_picked":["Burning Pact","Heavy Blade+1","Warcry"],"picked":"Singing Bowl","floor":25.0},{"not_picked":["Disarm","Headbutt+1"],"picked":"Perfected Strike+1","floor":29.0},{"not_picked":["Sword Boomerang+1","Body Slam+1","Clothesline+1"],"picked":"Singing Bowl","floor":30.0},{"not_picked":["Pommel Strike+1","Headbutt+1","Thunderclap+1"],"picked":"Singing Bowl","floor":31.0},{"not_picked":["Fiend Fire+1","Impervious","Brutality"],"picked":"Singing Bowl","floor":33.0},{"not_picked":["Whirlwind+1","Twin Strike+1"],"picked":"Dropkick+1","floor":35},{"not_picked":["Pommel Strike+1","Perfected Strike+1","Disarm"],"picked":"Singing Bowl","floor":35},{"not_picked":["Entrench","Heavy Blade+1","Wild Strike+1"],"picked":"Singing Bowl","floor":38},{"not_picked":["Clothesline+1","Wild Strike+1","Sever Soul+1"],"picked":"Singing Bowl","floor":38},{"not_picked":["Feel No Pain","Clash+1","Rampage+1"],"picked":"Singing Bowl","floor":40},{"not_picked":["Clash+1","Disarm+1","Armaments+1"],"picked":"Singing Bowl","floor":40},{"not_picked":["Shrug It Off+1","Bludgeon+1","Power Through+1"],"picked":"Singing Bowl","floor":41},{"not_picked":["Wild Strike+1","Sword Boomerang+1","Anger+1"],"picked":"Singing Bowl","floor":42},{"not_picked":["Twin Strike+1","Hemokinesis+1","Flex+1"],"picked":"Singing Bowl","floor":45},{"not_picked":["Heavy Blade+1","Wild Strike+1"],"picked":"Offering","floor":45},{"not_picked":["Pommel Strike+1","Disarm+1","Headbutt+1"],"picked":"Singing Bowl","floor":46},{"not_picked":["Cleave+1","Headbutt+1"],"picked":"Seeing Red","floor":46},{"not_picked":["Clash+1","Dropkick+1"],"picked":"Rage+1","floor":48},{"not_picked":["Headbutt+1","Carnage+1","Brutality+1"],"picked":"Singing Bowl","floor":48}],"player_experience":127855,"relics_obtained":[{"floor":6.0,"key":"Singing Bowl"},{"floor":9.0,"key":"Molten Egg 2"},{"floor":13.0,"key":"Potion Belt"},{"floor":14.0,"key":"Pantograph"},{"floor":23.0,"key":"Champion Belt"},{"floor":26.0,"key":"Orichalcum"},{"floor":31.0,"key":"Prayer Wheel"},{"floor":41,"key":"Frozen Egg 2"},{"floor":41,"key":"Shuriken"},{"floor":42,"key":"Whetstone"},{"floor":42,"key":"Art of War"},{"floor":43,"key":"Omamori"}],"event_choices":[{"damage_healed":0.0,"max_hp_gain":0.0,"max_hp_loss":0.0,"gold_gain":0.0,"event_name":"Shining Light","player_choice":"Entered Light","floor":2.0,"gold_loss":0.0,"damage_taken":16.0,"cards_upgraded":["Enlightenment","Strike_R"]},{"damage_healed":0.0,"max_hp_gain":0.0,"max_hp_loss":0.0,"gold_gain":0.0,"event_name":"Liars Game","player_choice":"Ignored","floor":3.0,"gold_loss":0.0,"damage_taken":0.0},{"damage_healed":0.0,"max_hp_gain":0.0,"max_hp_loss":0.0,"gold_gain":0.0,"event_name":"Living Wall","player_choice":"Grow","floor":10.0,"gold_loss":0.0,"damage_taken":0.0,"cards_upgraded":["Shockwave"]},{"damage_healed":0.0,"max_hp_gain":0.0,"max_hp_loss":0.0,"gold_gain":0.0,"event_name":"Addict","player_choice":"Obtained Relic","floor":20.0,"gold_loss":85.0,"damage_taken":0.0,"relics_obtained":["Sundial"]},{"damage_healed":0.0,"max_hp_gain":0.0,"max_hp_loss":0.0,"gold_gain":75.0,"event_name":"FaceTrader","player_choice":"Touch","floor":21.0,"gold_loss":0.0,"damage_taken":9.0},{"damage_healed":0,"gold_gain":0,"player_choice":"Embrace Madness","damage_taken":13,"max_hp_gain":0,"max_hp_loss":0,"event_name":"Winding Halls","floor":36,"gold_loss":0,"cards_obtained":["Madness","Madness"]},{"cards_removed":["Defend_R"],"damage_healed":0,"gold_gain":0,"player_choice":"Removed Skill","damage_taken":0,"max_hp_gain":0,"max_hp_loss":0,"event_name":"Falling","floor":37,"gold_loss":0}],"is_beta":false,"boss_relics":[{"not_picked":["Velvet Choker","Cursed Key"],"picked":"Tiny House"},{"not_picked":["Pandora\u0027s Box","White Beast Statue"],"picked":"Black Star"}],"items_purged_floors":[28],"is_endless":false,"potions_floor_spawned":[4,8,13,29,30,31,33,35,40,45],"ascension_level":0}