{"gold_per_floor":[115,127,127,138,150,179,179,212,259,293,347,347,377,377,377,477,477,492,94,94,94,113,138,158,169,169,215,229,229,229,264,264,264],"floor_reached":33,"playtime":1581,"items_purged":["Strike_R"],"score":329,"play_id":"9d4cfb46-4c54-46a1-b48f-0972c46f0f7e","local_time":"20190317224347","is_ascension_mode":true,"campfire_choices":[{"floor":7.0,"key":"RECALL"},{"floor":12,"key":"REST"},{"floor":15,"key":"REST"},{"floor":29,"key":"REST"},{"floor":32,"key":"REST"}],"neow_cost":"NONE","seed_source_timestamp":36095125216900,"circlet_count":0,"master_deck":["Strike_R+1","Strike_R+1","Strike_R","Strike_R","Defend_R","Defend_R","Defend_R","Defend_R","Bash","Cleave","Burning Pact","Disarm","Dropkick","Carnage","Offering","Immolate","Shrug It Off+1","Evolve+1","Infernal Blade+1","Thunderclap+1"],"special_seed":0,"relics":["Burning Blood","Whetstone","GremlinMask","Orichalcum","Letter Opener","Bag of Marbles","Oddly Smooth Stone","Mark of Pain","Tiny Chest","Cauldron","Centennial Puzzle","Matryoshka","Boot","Omamori","Vajra"],"potions_floor_usage":[18,23,23,23,24,25,28,31,33],"damage_taken":[{"damage":6.0,"enemies":"Jaw Worm","floor":1.0,"turns":3.0},{"damage":6.0,"enemies":"Cultist","floor":2.0,"turns":3.0},{"damage":2.0,"enemies":"2 Louse","floor":4.0,"turns":2.0},{"damage":12.0,"enemies":"Exordium Wildlife","floor":5.0,"turns":4.0},{"damage":18.0,"enemies":"Gremlin Nob","floor":6.0,"turns":5.0},{"damage":20.0,"enemies":"Lagavulin","floor":8.0,"turns":7.0},{"damage":12.0,"enemies":"Gremlin Nob","floor":10.0,"turns":5.0},{"damage":20,"enemies":"Lagavulin","floor":13,"turns":5},{"damage":48,"enemies":"Hexaghost","floor":16,"turns":11},{"damage":6,"enemies":"Spheric Guardian","floor":18,"turns":2},{"damage":21,"enemies":"3 Byrds","floor":22,"turns":4},{"damage":30,"enemies":"Gremlin Leader","floor":23,"turns":5},{"damage":24,"enemies":"Centurion and Healer","floor":24,"turns":5},{"damage":4,"enemies":"3 Cultists","floor":25,"turns":3},{"damage":12,"enemies":"Snake Plant","floor":28,"turns":2},{"damage":26,"enemies":"Slavers","floor":31,"turns":2},{"damage":52,"enemies":"Automaton","floor":33,"turns":8}],"seed_played":"-4037558807120665532","potions_obtained":[{"floor":4.0,"key":"LiquidBronze"},{"floor":5.0,"key":"Weak Potion"},{"floor":6.0,"key":"GamblersBrew"},{"floor":13,"key":"Fire Potion"},{"floor":19,"key":"EntropicBrew"},{"floor":19,"key":"EntropicBrew"},{"floor":19,"key":"Block Potion"},{"floor":24,"key":"Explosive Potion"},{"floor":25,"key":"GamblersBrew"},{"floor":28,"key":"Regen Potion"},{"floor":31,"key":"Swift Potion"}],"is_trial":false,"path_per_floor":["M","M","?","M","M","E","R","E","T","E","?","R","E","?","R","B",null,"M","$","?","$","M","E","M","M","T","T","M","R","?","E","R","B"],"character_chosen":"IRONCLAD","items_purchased":["Tiny Chest","Cauldron"],"campfire_rested":4,"item_purchase_floors":[19,19],"current_hp_per_floor":[80,80,80,80,74,62,62,48,48,42,42,66,52,52,76,34,80,80,80,80,80,65,41,23,25,25,25,19,43,43,28,52,0],"gold":264,"neow_bonus":"RANDOM_COMMON_RELIC","is_prod":false,"is_daily":false,"chose_seed":false,"campfire_upgraded":0,"win_rate":0,"timestamp":1552877027,"path_taken":["M","M","?","M","?","E","R","E","T","E","?","R","E","?","R","BOSS","M","$","?","$","M","E","M","?","T","?","M","R","?","E","R","BOSS"],"build_version":"2019-01-23","purchased_purges":1,"victory":false,"max_hp_per_floor":[80,80,80,80,80,80,80,80,80,80,80,80,80,80,80,80,80,80,80,80,80,80,80,80,80,80,80,80,80,80,80,80,80],"card_choices":[{"not_picked":["Blood for Blood","Bloodletting"],"picked":"Cleave","floor":1.0},{"not_picked":["Entrench","Second Wind"],"picked":"Burning Pact","floor":2.0},{"not_picked":["Wild Strike","Armaments"],"picked":"Disarm","floor":4.0},{"not_picked":["Body Slam","Anger","Power Through"],"picked":"SKIP","floor":5.0},{"not_picked":["Iron Wave","Body Slam"],"picked":"Dropkick","floor":6.0},{"not_picked":["Anger","Havoc","Flex"],"picked":"SKIP","floor":8.0},{"not_picked":["Bloodletting","Sever Soul"],"picked":"Carnage","floor":10.0},{"not_picked":["Flex","True Grit"],"picked":"Offering","floor":13},{"not_picked":["Bludgeon","Offering"],"picked":"Immolate","floor":16},{"not_picked":["Carnage","Havoc+1"],"picked":"Shrug It Off+1","floor":18},{"not_picked":["Body Slam","Corruption","Wild Strike"],"picked":"SKIP","floor":22},{"not_picked":["Clothesline","Armaments"],"picked":"Evolve+1","floor":23},{"not_picked":["Pummel","Armaments+1"],"picked":"Infernal Blade+1","floor":24},{"not_picked":["Pommel Strike","Armaments"],"picked":"Thunderclap+1","floor":25},{"not_picked":["Sword Boomerang","Bludgeon","Heavy Blade+1"],"picked":"SKIP","floor":28},{"not_picked":["Clash","Dual Wield","Entrench"],"picked":"SKIP","floor":31}],"player_experience":80224,"relics_obtained":[{"floor":6.0,"key":"Orichalcum"},{"floor":8.0,"key":"Letter Opener"},{"floor":10.0,"key":"Bag of Marbles"},{"floor":13,"key":"Oddly Smooth Stone"},{"floor":23,"key":"Centennial Puzzle"},{"floor":26,"key":"Matryoshka"},{"floor":27,"key":"Boot"},{"floor":27,"key":"Omamori"},{"floor":31,"key":"Vajra"}],"event_choices":[{"damage_healed":0.0,"max_hp_gain":0.0,"max_hp_loss":0.0,"gold_gain":0.0,"event_name":"FaceTrader","player_choice":"Trade","floor":3.0,"gold_loss":0.0,"damage_taken":0.0,"relics_obtained":["GremlinMask"]},{"damage_healed":0,"gold_gain":54,"player_choice":"Gained Gold","damage_taken":0,"max_hp_gain":0,"max_hp_loss":0,"event_name":"Golden Wing","floor":11,"gold_loss":0},{"damage_healed":0,"gold_gain":0,"player_choice":"Ignored","damage_taken":0,"max_hp_gain":0,"max_hp_loss":0,"event_name":"Liars Game","floor":14,"gold_loss":0},{"damage_healed":0,"gold_gain":0,"player_choice":"Cursed","damage_taken":0,"max_hp_gain":0,"max_hp_loss":0,"event_name":"Wheel of Change","floor":20,"gold_loss":0,"cards_obtained":["Decay"]},{"damage_healed":0,"gold_gain":0,"cards_transformed":["Decay"],"player_choice":"Transformed","damage_taken":0,"max_hp_gain":0,"max_hp_loss":0,"event_name":"Transmorgrifier","floor":30,"gold_loss":0,"cards_obtained":["Parasite"]}],"is_beta":false,"boss_relics":[{"not_picked":["Pandora\u0027s Box","Runic Pyramid"],"picked":"Mark of Pain"}],"items_purged_floors":[19],"is_endless":false,"potions_floor_spawned":[4,5,6,13,24,25,28,31],"killed_by":"Automaton","ascension_level":1}