{"gold_per_floor":[109,109,129,229,229,263,279,279,304,321,340,340,340,359,359,461,461,481,499,5,5,5,5,17,17,42,42,42,62,78,92,92,92],"floor_reached":33,"playtime":1553,"items_purged":[],"score":299,"play_id":"438ea280-e93f-4875-b328-f817146a8201","local_time":"20180803160557","is_ascension_mode":false,"campfire_choices":[{"data":"Zap","floor":8.0,"key":"SMITH"},{"data":"Dualcast","floor":12.0,"key":"SMITH"},{"floor":15.0,"key":"REST"},{"data":"Echo Form","floor":23.0,"key":"SMITH"},{"data":"Rebound","floor":25.0,"key":"SMITH"},{"data":"Bite","floor":28.0,"key":"SMITH"},{"data":"Bite","floor":32,"key":"SMITH"}],"neow_cost":"NONE","seed_source_timestamp":0,"circlet_count":0,"master_deck":["Defend_B","Defend_B","Defend_B","Defend_B","Zap+1","Dualcast+1","Sweeping Beam+1","Rebound+1","Gash+1","Ball Lightning","Echo Form+1","Streamline+1","Beam Cell+1","Go for the Eyes","Master of Strategy","Bite+1","Bite+1","Bite","Bite","Bite","Beam Cell","Redo+1"],"special_seed":0,"relics":["Cracked Core","NeowsBlessing","Omamori","Centennial Puzzle","Shuriken","Busted Crown","Frozen Egg 2","Whetstone"],"potions_floor_usage":[33,33,33],"damage_taken":[{"damage":0.0,"enemies":"Cultist","floor":1.0,"turns":1.0},{"damage":0.0,"enemies":"Small Slimes","floor":3.0,"turns":1.0},{"damage":0.0,"enemies":"Lagavulin","floor":6.0,"turns":1.0},{"damage":1.0,"enemies":"Jaw Worm","floor":7.0,"turns":2.0},{"damage":8.0,"enemies":"Lots of Slimes","floor":10.0,"turns":2.0},{"damage":0.0,"enemies":"Large Slime","floor":11.0,"turns":3.0},{"damage":6.0,"enemies":"Gremlin Gang","floor":14.0,"turns":2.0},{"damage":43.0,"enemies":"Hexaghost","floor":16.0,"turns":7.0},{"damage":0.0,"enemies":"3 Byrds","floor":18.0,"turns":2.0},{"damage":15.0,"enemies":"2 Thieves","floor":19.0,"turns":2.0},{"damage":11.0,"enemies":"Snecko","floor":24.0,"turns":4.0},{"damage":15.0,"enemies":"Snake Plant","floor":29.0,"turns":3.0},{"damage":10.0,"enemies":"Chosen and Byrds","floor":30.0,"turns":3.0},{"damage":12.0,"enemies":"Snecko","floor":31.0,"turns":4.0},{"damage":73,"enemies":"Automaton","floor":33,"turns":6}],"seed_played":"5811273735271628431","potions_obtained":[{"floor":1.0,"key":"LiquidBronze"},{"floor":7.0,"key":"Explosive Potion"},{"floor":14.0,"key":"Weak Potion"},{"floor":24.0,"key":"EssenceOfSteel"},{"floor":30.0,"key":"SteroidPotion"}],"is_trial":false,"path_per_floor":["M","?","M","?","?","E","M","R","T","M","M","R","T","M","R","B",null,"M","M","$","?","$","R","M","R","T","$","R","M","M","M","R"],"character_chosen":"DEFECT","items_purchased":["Frozen Egg 2","Go for the Eyes","Master of Strategy"],"campfire_rested":1,"item_purchase_floors":[20,20,20],"current_hp_per_floor":[75,60,60,60,60,60,59,59,59,51,51,51,51,45,67,24,75,75,60,60,52,52,52,49,49,49,49,49,43,43,46,46,0],"gold":92,"neow_bonus":"THREE_ENEMY_KILL","is_prod":false,"is_daily":false,"chose_seed":false,"campfire_upgraded":6,"win_rate":0,"timestamp":1533279957,"path_taken":["M","?","?","?","?","E","M","R","T","M","?","R","?","M","R","BOSS","M","M","$","?","?","R","M","R","T","?","R","M","M","?","R","BOSS"],"build_version":"2018-08-02","purchased_purges":0,"victory":false,"max_hp_per_floor":[75,75,75,75,75,75,75,75,75,75,75,75,75,75,75,75,75,75,75,75,52,52,52,52,52,52,52,52,52,52,52,52,52],"card_choices":[{"not_picked":["Loop","Streamline"],"picked":"Sweeping Beam","floor":1.0},{"not_picked":["Gash","Doom and Gloom"],"picked":"Rebound","floor":3.0},{"not_picked":["Sweeping Beam","Tempest"],"picked":"Gash","floor":6.0},{"not_picked":["Steam","Stack","Compile Driver"],"picked":"SKIP","floor":7.0},{"not_picked":["Stack","Heatsinks","Sweeping Beam"],"picked":"SKIP","floor":10.0},{"not_picked":["Hologram","White Noise"],"picked":"Ball Lightning","floor":11.0},{"not_picked":["Hologram","Buffer","Rebound"],"picked":"SKIP","floor":14.0},{"not_picked":["Buffer","Hyperbeam"],"picked":"Echo Form","floor":16.0},{"not_picked":[],"picked":"Streamline+1","floor":18.0},{"not_picked":[],"picked":"Beam Cell","floor":19.0},{"not_picked":[],"picked":"Beam Cell","floor":24.0},{"not_picked":["Hologram"],"picked":"SKIP","floor":29.0},{"not_picked":["Sweeping Beam"],"picked":"SKIP","floor":30.0},{"not_picked":[],"picked":"Redo+1","floor":31.0}],"player_experience":86516,"relics_obtained":[{"floor":6.0,"key":"Omamori"},{"floor":9.0,"key":"Centennial Puzzle"},{"floor":13.0,"key":"Shuriken"},{"floor":26.0,"key":"Whetstone"}],"event_choices":[{"event_name":"Shining Light","player_choice":"Entered Light","floor":2.0,"damage_taken":0.0},{"event_name":"Wheel of Change","player_choice":"Gold","floor":4.0,"damage_taken":0.0},{"event_name":"Match and Keep!","player_choice":"0 cards matched","floor":5.0,"damage_taken":0.0},{"event_name":"Vampires","player_choice":"Became a vampire","floor":21.0,"damage_taken":0.0}],"is_beta":false,"boss_relics":[{"not_picked":["Calling Bell","Runic Dome"],"picked":"Busted Crown"}],"items_purged_floors":[],"is_endless":false,"potions_floor_spawned":[1,7,14,16,24,30,31],"killed_by":"Automaton","ascension_level":0}