{"gold_per_floor":[116,131,131,151,151,151,165,165,165,165,201,201,240,258,258,258],"floor_reached":16,"playtime":570,"items_purged":[],"score":220,"play_id":"29984e2b-e759-4b0c-8298-2955903e9c3a","local_time":"20191002105946","is_ascension_mode":true,"campfire_choices":[{"data":"Bash","floor":6,"key":"SMITH"},{"floor":10,"key":"REST"},{"floor":15,"key":"REST"}],"neow_cost":"TEN_PERCENT_HP_LOSS","seed_source_timestamp":75092768989100,"circlet_count":0,"master_deck":["AscendersBane","Strike_R","Strike_R","Strike_R","Strike_R","Strike_R","Defend_R","Defend_R","Defend_R","Defend_R","Bash+1","Feel No Pain","Reckless Charge","Burning Pact","Armaments","Anger","Fiend Fire+1","Metallicize","Metallicize"],"relics":["Burning Blood","WingedGreaves","Golden Idol","FaceOfCleric","Dream Catcher","Peace Pipe","Juzu Bracelet"],"potions_floor_usage":[13,14,14],"damage_taken":[{"damage":7,"enemies":"Small Slimes","floor":1,"turns":4},{"damage":16,"enemies":"Jaw Worm","floor":2,"turns":4},{"damage":8,"enemies":"Cultist","floor":4,"turns":4},{"damage":4,"enemies":"2 Fungi Beasts","floor":7,"turns":4},{"damage":34,"enemies":"Gremlin Nob","floor":11,"turns":4},{"damage":17,"enemies":"3 Sentries","floor":13,"turns":10},{"damage":15,"enemies":"Lots of Slimes","floor":14,"turns":8},{"damage":46,"enemies":"The Guardian","floor":16,"turns":10}],"seed_played":"-1481288857215236479","potions_obtained":[{"floor":4,"key":"Energy Potion"},{"floor":11,"key":"ElixirPotion"},{"floor":13,"key":"DuplicationPotion"}],"is_trial":false,"path_per_floor":["M","M","?","M","?","R","M","?","T","R","E","?","E","M","R","B"],"character_chosen":"IRONCLAD","items_purchased":[],"campfire_rested":2,"item_purchase_floors":[],"current_hp_per_floor":[67,57,34,32,32,32,35,35,35,55,28,28,18,10,31,0],"gold":258,"neow_bonus":"ONE_RARE_RELIC","is_prod":false,"is_daily":false,"chose_seed":false,"campfire_upgraded":1,"win_rate":0,"timestamp":1570039186,"path_taken":["M","M","?","M","?","R","?","?","T","R","E","?","E","M","R","BOSS"],"build_version":"2019-10-01","purchased_purges":0,"victory":false,"max_hp_per_floor":[68,68,68,68,68,68,69,69,69,69,70,70,71,72,72,72],"card_choices":[{"not_picked":["Flex","Flame Barrier"],"picked":"Feel No Pain","floor":1},{"not_picked":["Heavy Blade","Body Slam"],"picked":"Reckless Charge","floor":2},{"not_picked":["Thunderclap","Combust"],"picked":"Burning Pact","floor":4},{"not_picked":["Body Slam","Warcry"],"picked":"Armaments","floor":7},{"not_picked":["Cleave","Whirlwind"],"picked":"Anger","floor":10},{"not_picked":["Corruption","Perfected Strike"],"picked":"Fiend Fire","floor":11},{"not_picked":["Hemokinesis","Ghostly Armor"],"picked":"Metallicize","floor":13},{"not_picked":["Sever Soul","Anger"],"picked":"Metallicize","floor":14}],"player_experience":1189870,"relics_obtained":[{"floor":9,"key":"Dream Catcher"},{"floor":11,"key":"Peace Pipe"},{"floor":13,"key":"Juzu Bracelet"}],"event_choices":[{"damage_healed":0,"gold_gain":0,"player_choice":"Take Damage","damage_taken":23,"relics_obtained":["Golden Idol"],"max_hp_gain":0,"max_hp_loss":0,"event_name":"Golden Idol","floor":3,"gold_loss":0},{"damage_healed":0,"gold_gain":0,"player_choice":"Trade","damage_taken":0,"relics_obtained":["FaceOfCleric"],"max_hp_gain":0,"max_hp_loss":0,"event_name":"FaceTrader","floor":5,"gold_loss":0},{"damage_healed":0,"gold_gain":0,"player_choice":"Ignored","damage_taken":0,"max_hp_gain":0,"max_hp_loss":0,"event_name":"Liars Game","floor":8,"gold_loss":0},{"damage_healed":0,"gold_gain":0,"player_choice":"Upgraded","damage_taken":0,"max_hp_gain":0,"max_hp_loss":0,"event_name":"Upgrade Shrine","floor":12,"gold_loss":0,"cards_upgraded":["Fiend Fire"]}],"is_beta":true,"boss_relics":[],"items_purged_floors":[],"is_endless":false,"potions_floor_spawned":[4,11,13],"killed_by":"The Guardian","ascension_level":20}