{"gold_per_floor":[117,117,117,117,138,169,169,208,231,231,294,294,294,307,307,432,432,452,61,81,81,99,99,120,144,189,189,202,53,53,78,78,204,204,222,202,125,139,160,160,193,193],"floor_reached":42,"playtime":3378,"items_purged":["Strike_R"],"score":486,"play_id":"6cdcc266-6a28-4b5f-b31c-351699f161cd","local_time":"20190310111841","is_ascension_mode":false,"campfire_choices":[{"floor":7,"key":"REST"},{"data":"Bash","floor":10,"key":"SMITH"},{"floor":12,"key":"REST"},{"data":"Juggernaut","floor":15,"key":"SMITH"},{"floor":23,"key":"REST"},{"floor":27,"key":"REST"},{"data":"Uppercut","floor":32,"key":"SMITH"},{"floor":40,"key":"REST"}],"neow_cost":"NONE","seed_source_timestamp":288837914570373,"circlet_count":0,"master_deck":["Strike_R","Strike_R","Strike_R","Defend_R","Defend_R","Defend_R","Defend_R","Bash+1","Carnage","Rage","Iron Wave","Infernal Blade","Juggernaut+1","Armaments","Shrug It Off","Feed","Shrug It Off","Intimidate","Uppercut+1","Inflame+1","Demon Form","Metallicize","Parasite","Blood for Blood+1"],"relics":["Burning Blood","Dream Catcher","Golden Idol","Regal Pillow","Pear","Blood Vial","Busted Crown","Mango","Centennial Puzzle","Happy Flower","Black Star","Potion Belt","Lantern"],"potions_floor_usage":[22,33,33,35,41,42],"damage_taken":[{"damage":6,"enemies":"Cultist","floor":1,"turns":3},{"damage":0,"enemies":"Small Slimes","floor":5,"turns":4},{"damage":28,"enemies":"Gremlin Nob","floor":6,"turns":4},{"damage":29,"enemies":"Lagavulin","floor":8,"turns":6},{"damage":6,"enemies":"Jaw Worm","floor":14,"turns":3},{"damage":64,"enemies":"Hexaghost","floor":16,"turns":13},{"damage":5,"enemies":"Chosen","floor":18,"turns":4},{"damage":6,"enemies":"Shell Parasite","floor":20,"turns":4},{"damage":32,"enemies":"Centurion and Healer","floor":22,"turns":7},{"damage":44,"enemies":"Snake Plant","floor":24,"turns":6},{"damage":16,"enemies":"Snecko","floor":25,"turns":4},{"damage":22,"enemies":"Cultist and Chosen","floor":28,"turns":6},{"damage":9,"enemies":"Snake Plant","floor":31,"turns":3},{"damage":57,"enemies":"Champ","floor":33,"turns":12},{"damage":15,"enemies":"3 Shapes","floor":35,"turns":5},{"damage":40,"enemies":"3 Darklings","floor":38,"turns":7},{"damage":43,"enemies":"Writhing Mass","floor":39,"turns":7},{"damage":73,"enemies":"Nemesis","floor":41,"turns":9},{"damage":57,"enemies":"Spire Growth","floor":42,"turns":4}],"seed_played":"1872767729890532841","potions_obtained":[{"floor":1,"key":"LiquidBronze"},{"floor":16,"key":"Poison Potion"},{"floor":22,"key":"Explosive Potion"},{"floor":25,"key":"PowerPotion"},{"floor":33,"key":"Energy Potion"},{"floor":35,"key":"Block Potion"},{"floor":36,"key":"Regen Potion"},{"floor":38,"key":"Ancient Potion"}],"is_trial":false,"path_per_floor":["M","?","?","$","M","E","R","E","T","R","?","R","?","M","R","B",null,"M","$","M","?","M","R","M","M","T","R","M","$","?","M","R","B",null,"M","?","$","M","M","R","E","M"],"character_chosen":"IRONCLAD","items_purchased":["Shrug It Off","Mango","Happy Flower","Metallicize"],"campfire_rested":5,"item_purchase_floors":[19,19,29,37],"current_hp_per_floor":[80,77,57,57,63,41,80,67,67,67,67,90,90,90,90,32,90,90,104,107,107,81,107,72,64,64,110,97,97,97,99,99,50,116,110,110,110,78,43,93,31,0],"gold":193,"neow_bonus":"TRANSFORM_CARD","is_prod":false,"is_daily":false,"chose_seed":false,"campfire_upgraded":3,"win_rate":0.0,"timestamp":1552231121,"path_taken":["M","?","?","?","M","E","R","E","T","R","?","R","?","M","R","BOSS","M","$","M","?","M","R","?","M","T","R","M","$","?","M","R","BOSS","M","?","?","M","M","R","E","?"],"build_version":"2019-01-23","purchased_purges":1,"victory":false,"max_hp_per_floor":[80,80,80,80,80,80,80,90,90,90,90,90,90,90,90,90,90,90,104,107,107,107,107,110,110,110,110,113,113,113,116,116,116,116,119,119,119,119,119,119,122,122],"card_choices":[{"not_picked":["Dropkick","Sword Boomerang"],"picked":"Rage","floor":1},{"not_picked":["Twin Strike","Flex","True Grit"],"picked":"SKIP","floor":5},{"not_picked":["Body Slam","Bludgeon"],"picked":"Iron Wave","floor":6},{"not_picked":["Shrug It Off","True Grit"],"picked":"Infernal Blade","floor":7},{"not_picked":["Corruption","True Grit"],"picked":"Juggernaut","floor":8},{"not_picked":["Rage","Perfected Strike"],"picked":"Armaments","floor":12},{"not_picked":["Twin Strike","Sword Boomerang"],"picked":"Shrug It Off","floor":14},{"not_picked":["Juggernaut","Reaper"],"picked":"Feed","floor":16},{"not_picked":["Sword Boomerang"],"picked":"SKIP","floor":18},{"not_picked":[],"picked":"Intimidate","floor":20},{"not_picked":["True Grit"],"picked":"SKIP","floor":22},{"not_picked":[],"picked":"Uppercut","floor":24},{"not_picked":["Inflame"],"picked":"SKIP","floor":25},{"not_picked":[],"picked":"Inflame+1","floor":28},{"not_picked":["Body Slam"],"picked":"SKIP","floor":31},{"not_picked":[],"picked":"Demon Form","floor":33},{"not_picked":["Body Slam"],"picked":"SKIP","floor":35},{"not_picked":["Flex"],"picked":"SKIP","floor":38},{"not_picked":["Twin Strike"],"picked":"SKIP","floor":39},{"not_picked":[],"picked":"Blood for Blood+1","floor":41}],"player_experience":2736,"relics_obtained":[{"floor":6,"key":"Regal Pillow"},{"floor":8,"key":"Pear"},{"floor":9,"key":"Blood Vial"},{"floor":26,"key":"Centennial Puzzle"},{"floor":41,"key":"Potion Belt"},{"floor":41,"key":"Lantern"}],"event_choices":[{"damage_healed":0,"gold_gain":0,"player_choice":"Success","damage_taken":3,"relics_obtained":["Dream Catcher"],"max_hp_gain":0,"max_hp_loss":0,"event_name":"Scrap Ooze","floor":2,"gold_loss":0},{"damage_healed":0,"gold_gain":0,"player_choice":"Take Damage","damage_taken":20,"relics_obtained":["Golden Idol"],"max_hp_gain":0,"max_hp_loss":0,"event_name":"Golden Idol","floor":3,"gold_loss":0},{"damage_healed":0,"gold_gain":63,"player_choice":"Gained Gold","damage_taken":0,"max_hp_gain":0,"max_hp_loss":0,"event_name":"Golden Wing","floor":11,"gold_loss":0},{"damage_healed":0,"gold_gain":0,"player_choice":"Ignored","damage_taken":0,"max_hp_gain":0,"max_hp_loss":0,"event_name":"Liars Game","floor":13,"gold_loss":0},{"damage_healed":0,"gold_gain":0,"player_choice":"Ignored","damage_taken":0,"max_hp_gain":0,"max_hp_loss":0,"event_name":"Duplicator","floor":21,"gold_loss":0},{"damage_healed":0,"gold_gain":0,"player_choice":"Leave","damage_taken":0,"max_hp_gain":0,"max_hp_loss":0,"event_name":"FaceTrader","floor":30,"gold_loss":0},{"damage_healed":0,"gold_gain":0,"player_choice":"Bought 1 Potion","damage_taken":0,"max_hp_gain":0,"max_hp_loss":0,"event_name":"The Woman in Blue","floor":36,"gold_loss":0}],"is_beta":false,"boss_relics":[{"not_picked":["Lizard Tail","Snecko Eye"],"picked":"Busted Crown"},{"not_picked":["Velvet Choker","Mark of Pain"],"picked":"Black Star"}],"items_purged_floors":[19],"is_endless":false,"potions_floor_spawned":[1,16,22,25,28,33,35,38],"killed_by":"Spire Growth","ascension_level":0}