{"gold_per_floor":[112,125,125,125,142,173,173,173,173,193,226,240,254,274,274,274],"floor_reached":16,"playtime":641,"items_purged":[],"score":120,"play_id":"c5a01702-b956-4100-846c-ba8dd1247a5a","local_time":"20190915154628","is_ascension_mode":true,"campfire_choices":[{"floor":8,"key":"REST"},{"floor":15,"key":"REST"}],"neow_cost":"NONE","seed_source_timestamp":274610182131114,"circlet_count":0,"master_deck":["Strike_B","Strike_B","Strike_B","Defend_B","Defend_B","Defend_B","Defend_B","Zap+1","Dualcast","FTL","Gash","Regret","Gash+1","Biased Cognition","Rebound+1","Scrape+1","Rip and Tear+1","Go for the Eyes+1"],"relics":["Cracked Core","Centennial Puzzle","Molten Egg 2","Ancient Tea Set","DataDisk"],"potions_floor_usage":[6,11,16],"damage_taken":[{"damage":3,"enemies":"Jaw Worm","floor":1,"turns":4},{"damage":0,"enemies":"2 Louse","floor":2,"turns":1},{"damage":6,"enemies":"Small Slimes","floor":5,"turns":3},{"damage":22,"enemies":"3 Sentries","floor":6,"turns":5},{"damage":8,"enemies":"Red Slaver","floor":10,"turns":2},{"damage":32,"enemies":"Gremlin Nob","floor":11,"turns":4},{"damage":1,"enemies":"Exordium Wildlife","floor":12,"turns":2},{"damage":1,"enemies":"Large Slime","floor":13,"turns":3},{"damage":7,"enemies":"Lots of Slimes","floor":14,"turns":3},{"damage":41,"enemies":"Slime Boss","floor":16,"turns":7}],"seed_played":"-4108374204389387762","potions_obtained":[{"floor":1,"key":"Weak Potion"},{"floor":2,"key":"FocusPotion"},{"floor":10,"key":"FairyPotion"},{"floor":11,"key":"Dexterity Potion"}],"is_trial":false,"path_per_floor":["M","M","?","?","M","E","?","R","T","M","E","M","M","M","R","B"],"character_chosen":"DEFECT","items_purchased":[],"campfire_rested":2,"item_purchase_floors":[],"current_hp_per_floor":[72,72,72,72,66,44,37,59,59,51,19,18,17,10,32,0],"gold":274,"neow_bonus":"RANDOM_COMMON_RELIC","is_prod":false,"is_daily":false,"chose_seed":false,"campfire_upgraded":0,"win_rate":0,"timestamp":1568576788,"path_taken":["M","M","?","?","M","E","?","R","T","M","E","M","M","M","R","BOSS"],"build_version":"2019-07-17","purchased_purges":0,"victory":false,"max_hp_per_floor":[75,75,75,75,75,75,75,75,75,75,75,75,75,75,75,75],"card_choices":[{"not_picked":["Conserve Battery","Go for the Eyes"],"picked":"FTL","floor":1},{"not_picked":["Coolheaded","Melter"],"picked":"Gash","floor":2},{"not_picked":["Stack","Chaos"],"picked":"Gash+1","floor":5},{"not_picked":["Undo","Turbo"],"picked":"Biased Cognition","floor":6},{"not_picked":["Stack","Steam"],"picked":"Rebound+1","floor":10},{"not_picked":["BootSequence","Doom and Gloom+1"],"picked":"Scrape+1","floor":11},{"not_picked":["Hologram","Stack"],"picked":"Rip and Tear+1","floor":12},{"not_picked":["Stack","White Noise"],"picked":"Go for the Eyes+1","floor":13},{"not_picked":["Leap","Coolheaded","Hello World"],"picked":"SKIP","floor":14}],"player_experience":204377,"relics_obtained":[{"floor":6,"key":"Ancient Tea Set"},{"floor":11,"key":"DataDisk"}],"event_choices":[{"damage_healed":0,"gold_gain":0,"player_choice":"Grow","damage_taken":0,"max_hp_gain":0,"max_hp_loss":0,"event_name":"Living Wall","floor":3,"gold_loss":0,"cards_upgraded":["Zap"]},{"damage_healed":0,"gold_gain":0,"player_choice":"Box","damage_taken":0,"relics_obtained":["Molten Egg 2"],"max_hp_gain":0,"max_hp_loss":0,"event_name":"Big Fish","floor":4,"gold_loss":0,"cards_obtained":["Regret"]},{"cards_removed":["Strike_B"],"damage_healed":0,"gold_gain":0,"player_choice":"Card Removal","damage_taken":7,"max_hp_gain":0,"max_hp_loss":0,"event_name":"Golden Wing","floor":7,"gold_loss":0}],"is_beta":false,"boss_relics":[],"items_purged_floors":[],"is_endless":false,"potions_floor_spawned":[1,2,10,11],"killed_by":"Slime Boss","ascension_level":1}