{"path_per_floor":["M","?","M","M","?","R","M","M","T","R","M","M","?","$","R","B",null,"M","?","M","?","M","R","E","R","T","R","?","M","M","M","R"],"character_chosen":"IRONCLAD","items_purchased":["Apotheosis"],"gold_per_floor":[114,114,129,144,144,144,159,174,224,224,239,254,254,43,43,143,143,158,158,173,353,368,368,398,398,398,398,398,413,428,443,443,443],"floor_reached":33,"campfire_rested":0,"playtime":1516,"current_hp_per_floor":[78,71,70,70,58,65,63,65,71,71,73,75,75,75,75,80,81,76,55,54,30,42,42,32,32,38,38,38,46,50,49,48,0],"items_purged":[],"gold":443,"score":286,"play_id":"a22c4874-53c2-469e-b200-f68977b4a652","local_time":"20180419215125","daily_mods":["Heirloom","Cursed Run","Terminal"],"is_prod":false,"is_daily":true,"chose_seed":false,"is_ascension_mode":false,"campfire_upgraded":3,"timestamp":1524199885,"path_taken":["M","?","M","M","?","R","M","M","T","R","M","M","?","$","R","BOSS","M","?","M","?","?","R","E","R","T","R","?","M","M","M","R","BOSS"],"build_version":"2018-04-19","seed_source_timestamp":0,"purchased_purges":0,"victory":false,"master_deck":["Defend_R","Defend_R","Defend_R","Defend_R","Bash","Twin Strike","Thunderclap","Sword Boomerang+1","Iron Wave","Ghostly Armor","Injury","Pummel","Flex","Apotheosis+1","Doubt","Cleave","Bite","Bite","Bite","Bite","Bite","Shrug It Off","True Grit+1","Decay","Whirlwind","Flex+1"],"max_hp_per_floor":[78,77,76,75,74,80,79,78,83,82,81,80,79,78,77,82,81,80,55,54,53,52,51,50,49,54,53,52,51,50,49,48,48],"relics":["Cursed Key","Darkstone Periapt","Du-Vu Doll","Shovel","Blood Vial","Strawberry","Regal Pillow","Velvet Choker","Mummified Hand","Self Forming Clay","Matryoshka","Lantern","Unceasing Top"],"card_choices":[{"not_picked":["True Grit","Second Wind"],"picked":"Twin Strike","floor":1},{"not_picked":["Shockwave","Corruption"],"picked":"Thunderclap","floor":3},{"not_picked":["Cleave","Pommel Strike"],"picked":"Sword Boomerang","floor":4},{"not_picked":["Thunderclap","Rupture"],"picked":"Iron Wave","floor":7},{"not_picked":["Headbutt","Evolve"],"picked":"Ghostly Armor","floor":8},{"not_picked":["Intimidate","Uppercut"],"picked":"Pummel","floor":11},{"not_picked":["Thunderclap","Cleave"],"picked":"Flex","floor":12},{"not_picked":["Thunderclap","Perfected Strike"],"picked":"Cleave","floor":18},{"not_picked":["Blood for Blood","Flame Barrier"],"picked":"Shrug It Off","floor":20},{"not_picked":["Infernal Blade","Sword Boomerang"],"picked":"True Grit","floor":22},{"not_picked":["Sword Boomerang","Perfected Strike"],"picked":"Flex","floor":31}],"player_experience":454568,"potions_floor_usage":[16,16,20,24,31,33,33],"damage_taken":[{"damage":0,"enemies":"2 Louse","floor":1,"turns":4},{"damage":1,"enemies":"Jaw Worm","floor":3,"turns":2},{"damage":0,"enemies":"Cultist","floor":4,"turns":3},{"damage":4,"enemies":"2 Fungi Beasts","floor":7,"turns":3},{"damage":0,"enemies":"Blue Slaver","floor":8,"turns":3},{"damage":0,"enemies":"3 Louse","floor":11,"turns":2},{"damage":0,"enemies":"Looter","floor":12,"turns":2},{"damage":3,"enemies":"Hexaghost","floor":16,"turns":6},{"damage":5,"enemies":"2 Thieves","floor":18,"turns":4},{"damage":0,"enemies":"Chosen","floor":20,"turns":4},{"damage":2,"enemies":"Snake Plant","floor":22,"turns":3},{"damage":22,"enemies":"Slavers","floor":24,"turns":4},{"damage":5,"enemies":"Chosen and Byrds","floor":29,"turns":5},{"damage":0,"enemies":"Centurion and Healer","floor":30,"turns":4},{"damage":6,"enemies":"3 Cultists","floor":31,"turns":4},{"damage":75,"enemies":"Automaton","floor":33,"turns":10}],"event_choices":[{"event_name":"Golden Wing","player_choice":"Card Removal","floor":2,"damage_taken":0},{"event_name":"Scrap Ooze","player_choice":"success","floor":5,"damage_taken":12},{"event_name":"Living Wall","player_choice":"Forget","floor":13,"damage_taken":0},{"event_name":"Vampires","player_choice":"Became a vampire","floor":19,"damage_taken":0},{"event_name":"Knowing Skull","player_choice":"GOLD GOLD ","floor":21,"damage_taken":0},{"event_name":"The Library","player_choice":"Read","floor":28,"damage_taken":0}],"boss_relics":[{"not_picked":["Runic Dome","White Beast Statue"],"picked":"Velvet Choker"}],"potions_floor_spawned":[3,7,8,12,18,22,30,31],"seed_played":"8167839930029530236","killed_by":"Automaton","ascension_level":0,"is_trial":false}