{"gold_per_floor":[111,122,142,57,77,77,105,105,105,105,138,156,191,191,191,268,268,283,283,298,52,52,52,52,71,71,71,71,87,104,58,58,58],"floor_reached":33,"playtime":1687,"items_purged":[],"score":570,"play_id":"b7a3baf4-d2a0-4944-a551-f40f163e65f6","local_time":"20190725135449","is_ascension_mode":true,"campfire_choices":[{"data":"Dagger Spray","floor":6.0,"key":"SMITH"},{"floor":8.0,"key":"REST"},{"floor":15.0,"key":"REST"},{"data":"Noxious Fumes","floor":23.0,"key":"SMITH"},{"floor":28.0,"key":"REST"},{"floor":32.0,"key":"REST"}],"neow_cost":"NONE","seed_source_timestamp":9948188122601284,"circlet_count":0,"master_deck":["AscendersBane","Strike_G","Strike_G","Strike_G","Defend_G","Defend_G","Defend_G","Defend_G","Defend_G","Survivor","Neutralize","Bouncing Flask","Dagger Throw","Dagger Spray+1","Noxious Fumes+1","Bouncing Flask","Prepared","Acrobatics","Backflip","Footwork","Ghostly","Ghostly","Ghostly","Calculated Gamble+1","Backflip","Footwork","PiercingWail","Well Laid Plans","Dodge and Roll"],"special_seed":0,"relics":["Ring of the Snake","NeowsBlessing","Tough Bandages","The Courier","Pear","Torii","Empty Cage","DollysMirror","Kunai"],"potions_floor_usage":[33],"damage_taken":[{"damage":0.0,"enemies":"Cultist","floor":1.0,"turns":1.0},{"damage":0.0,"enemies":"Small Slimes","floor":2.0,"turns":1.0},{"damage":0.0,"enemies":"2 Louse","floor":3.0,"turns":1.0},{"damage":19.0,"enemies":"Red Slaver","floor":5.0,"turns":6.0},{"damage":8.0,"enemies":"Gremlin Nob","floor":7.0,"turns":3.0},{"damage":32.0,"enemies":"3 Sentries","floor":11.0,"turns":7.0},{"damage":1.0,"enemies":"Large Slime","floor":12.0,"turns":4.0},{"damage":38.0,"enemies":"Lagavulin","floor":13.0,"turns":7.0},{"damage":15.0,"enemies":"The Guardian","floor":16.0,"turns":9.0},{"damage":1.0,"enemies":"Spheric Guardian","floor":18.0,"turns":3.0},{"damage":9.0,"enemies":"2 Thieves","floor":20.0,"turns":4.0},{"damage":7.0,"enemies":"Gremlin Leader","floor":24.0,"turns":4.0},{"damage":2.0,"enemies":"Centurion and Healer","floor":25.0,"turns":7.0},{"damage":1.0,"enemies":"3 Cultists","floor":29.0,"turns":6.0},{"damage":12.0,"enemies":"Snake Plant","floor":30.0,"turns":5.0},{"damage":33,"enemies":"Collector","floor":33,"turns":6}],"seed_played":"7291411305397833202","potions_obtained":[{"floor":1.0,"key":"FearPotion"},{"floor":3.0,"key":"SmokeBomb"},{"floor":12.0,"key":"Regen Potion"},{"floor":14.0,"key":"Energy Potion"},{"floor":18.0,"key":"SkillPotion"},{"floor":29.0,"key":"PowerPotion"},{"floor":30.0,"key":"Strength Potion"}],"is_trial":false,"path_per_floor":["M","M","M","$","M","R","E","R","T","?","E","M","E","?","R","B",null,"M","?","M","$","?","R","E","M","T","T","R","M","M","$","R","B"],"character_chosen":"THE_SILENT","items_purchased":["Noxious Fumes","DollysMirror","Footwork","Dodge and Roll"],"campfire_rested":4,"item_purchase_floors":[4,21,21,31],"current_hp_per_floor":[59,59,59,59,40,40,32,51,51,51,29,28,5,5,27,12,60,59,38,29,29,21,21,14,12,12,12,24,23,11,11,23,0],"gold":58,"neow_bonus":"THREE_ENEMY_KILL","is_prod":false,"is_daily":false,"chose_seed":false,"campfire_upgraded":2,"win_rate":0,"timestamp":1564041289,"path_taken":["M","?","M","$","M","R","E","R","T","?","E","M","E","?","R","BOSS","M","?","M","$","?","R","E","M","T","?","R","M","M","$","R","BOSS"],"build_version":"2019-07-17","purchased_purges":0,"victory":false,"max_hp_per_floor":[66,66,66,66,66,66,66,66,66,66,76,76,76,76,76,76,76,76,38,38,38,43,43,43,43,43,43,43,43,43,43,43,43],"card_choices":[{"not_picked":["Calculated Gamble","Flying Knee"],"picked":"Bouncing Flask","floor":1.0},{"not_picked":["Deflect","Deadly Poison"],"picked":"Dagger Throw","floor":2.0},{"not_picked":["Quick Slash","Flechettes"],"picked":"Dagger Spray","floor":3.0},{"not_picked":["Underhanded Strike","Skewer"],"picked":"Bouncing Flask","floor":5.0},{"not_picked":["Underhanded Strike","Deflect","Flechettes"],"picked":"SKIP","floor":7.0},{"not_picked":["Catalyst","Flying Knee"],"picked":"Prepared","floor":11.0},{"not_picked":["Quick Slash","Flechettes"],"picked":"Acrobatics","floor":12.0},{"not_picked":["Caltrops","All Out Attack"],"picked":"Backflip","floor":13.0},{"not_picked":["Dagger Spray","Tactician"],"picked":"Footwork","floor":18.0},{"not_picked":["Acrobatics+1","Backflip"],"picked":"Calculated Gamble+1","floor":20.0},{"not_picked":["Choke","Quick Slash"],"picked":"PiercingWail","floor":25.0},{"not_picked":["Sucker Punch+1","Poisoned Stab","Flying Knee"],"picked":"SKIP","floor":29.0},{"not_picked":["Infinite Blades","Prepared"],"picked":"Well Laid Plans","floor":30.0}],"player_experience":1588434,"relics_obtained":[{"floor":7.0,"key":"Tough Bandages"},{"floor":9.0,"key":"The Courier"},{"floor":11.0,"key":"Pear"},{"floor":13.0,"key":"Torii"},{"floor":27.0,"key":"Kunai"}],"event_choices":[{"damage_healed":0.0,"max_hp_gain":0.0,"max_hp_loss":0.0,"gold_gain":0.0,"event_name":"Shining Light","player_choice":"Ignored","floor":10.0,"gold_loss":0.0,"damage_taken":0.0},{"damage_healed":0.0,"max_hp_gain":0.0,"max_hp_loss":0.0,"gold_gain":0.0,"event_name":"Lab","player_choice":"Got Potions","floor":14.0,"gold_loss":0.0,"damage_taken":0.0},{"damage_healed":0.0,"max_hp_gain":0.0,"max_hp_loss":38.0,"gold_gain":0.0,"event_name":"Ghosts","player_choice":"Became a Ghost","floor":19.0,"gold_loss":0.0,"damage_taken":0.0,"cards_obtained":["Ghostly","Ghostly","Ghostly"]},{"damage_healed":0.0,"max_hp_gain":5.0,"max_hp_loss":0.0,"gold_gain":0.0,"event_name":"Forgotten Altar","player_choice":"Shed Blood","floor":22.0,"gold_loss":0.0,"damage_taken":13.0}],"is_beta":false,"boss_relics":[{"not_picked":["Sozu","Lizard Tail"],"picked":"Empty Cage"}],"items_purged_floors":[],"is_endless":false,"potions_floor_spawned":[1,3,12,18,29,30],"killed_by":"Collector","ascension_level":20}