{"gold_per_floor":[119,119,135,145,158,158,183,183,183,218,218,230,131,161,161,239,239,251,251,176,7,7,42,42,72,154,154],"floor_reached":27,"playtime":1636,"items_purged":["Strike_B","Strike_B"],"score":466,"play_id":"cea8c0c7-b549-4801-9b68-23e9cd914436","local_time":"20191001140922","is_ascension_mode":true,"campfire_choices":[{"data":"Zap","floor":6,"key":"SMITH"},{"floor":8,"key":"REST"},{"floor":15,"key":"REST"}],"neow_cost":"NONE","seed_source_timestamp":379884665875721,"circlet_count":0,"master_deck":["AscendersBane","Strike_B","Defend_B","Defend_B","Defend_B","Defend_B","Zap+1","Dualcast","Compile Driver","Chill","Auto Shields","Storm","Rip and Tear","Cold Snap","Hologram","Static Discharge","Amplify","Double Energy+1","Heatsinks","Conserve Battery"],"relics":["Cracked Core","PreservedInsect","Oddly Smooth Stone","Mercury Hourglass","Gremlin Horn","Dodecahedron","Runic Pyramid","MutagenicStrength","Boot","Gambling Chip","Centennial Puzzle","Pear"],"potions_floor_usage":[10,10,16,23,27],"damage_taken":[{"damage":8,"enemies":"Jaw Worm","floor":1,"turns":4},{"damage":3,"enemies":"Small Slimes","floor":3,"turns":3},{"damage":5,"enemies":"2 Louse","floor":4,"turns":2},{"damage":9,"enemies":"Blue Slaver","floor":5,"turns":4},{"damage":11,"enemies":"3 Sentries","floor":7,"turns":6},{"damage":6,"enemies":"Lagavulin","floor":10,"turns":7},{"damage":0,"enemies":"Looter","floor":12,"turns":2},{"damage":2,"enemies":"Gremlin Nob","floor":14,"turns":3},{"damage":11,"enemies":"The Guardian","floor":16,"turns":10},{"damage":8,"enemies":"Chosen","floor":18,"turns":5},{"damage":21,"enemies":"Book of Stabbing","floor":23,"turns":5},{"damage":27,"enemies":"Slavers","floor":25,"turns":3},{"damage":18,"enemies":"Book of Stabbing","floor":27,"turns":4}],"seed_played":"-7458040592298968296","potions_obtained":[{"floor":5,"key":"LiquidBronze"},{"floor":7,"key":"Block Potion"},{"floor":10,"key":"Regen Potion"},{"floor":14,"key":"FearPotion"},{"floor":16,"key":"Block Potion"}],"is_trial":false,"path_per_floor":["M","?","M","M","M","R","E","R","T","E","?","M","$","E","R","B",null,"M","?","?","$","?","E","?","E","T","E"],"character_chosen":"DEFECT","items_purchased":["Hologram","Heatsinks"],"campfire_rested":2,"item_purchase_floors":[13,21],"current_hp_per_floor":[60,60,57,52,43,43,32,54,54,48,45,45,45,43,65,64,72,64,64,64,64,50,29,29,2,12,0],"gold":154,"neow_bonus":"RANDOM_COMMON_RELIC","is_prod":false,"is_daily":false,"chose_seed":false,"campfire_upgraded":1,"win_rate":0,"timestamp":1569964162,"path_taken":["M","?","M","M","M","R","E","R","T","E","?","M","$","E","R","BOSS","M","?","?","?","?","E","?","E","T","E"],"build_version":"2019-07-17","purchased_purges":2,"victory":false,"max_hp_per_floor":[75,75,75,75,75,75,75,75,75,75,75,75,75,75,75,75,75,75,75,75,75,80,80,80,80,90,90],"card_choices":[{"not_picked":["Streamline","Turbo"],"picked":"Compile Driver","floor":1},{"not_picked":["Chaos","Leap"],"picked":"Chill","floor":3},{"not_picked":["Steam","Blizzard"],"picked":"Auto Shields","floor":4},{"not_picked":["Hello World","Aggregate","Doom and Gloom"],"picked":"SKIP","floor":5},{"not_picked":["Sweeping Beam","Streamline"],"picked":"Storm","floor":7},{"not_picked":["Beam Cell","Meteor Strike"],"picked":"Rip and Tear","floor":10},{"not_picked":["Redo","Conserve Battery"],"picked":"Cold Snap","floor":12},{"not_picked":["Rip and Tear","Recycle"],"picked":"Static Discharge","floor":14},{"not_picked":["Multi-Cast","Core Surge"],"picked":"Amplify","floor":16},{"not_picked":["Go for the Eyes","Static Discharge"],"picked":"Double Energy+1","floor":18},{"not_picked":["Heatsinks+1","Compile Driver"],"picked":"Conserve Battery","floor":23},{"not_picked":["Conserve Battery","Barrage","Sweeping Beam"],"picked":"SKIP","floor":25}],"player_experience":642860,"relics_obtained":[{"floor":7,"key":"Oddly Smooth Stone"},{"floor":10,"key":"Mercury Hourglass"},{"floor":14,"key":"Dodecahedron"},{"floor":23,"key":"Boot"},{"floor":25,"key":"Centennial Puzzle"},{"floor":26,"key":"Pear"}],"event_choices":[{"damage_healed":0,"gold_gain":0,"player_choice":"Ignored","damage_taken":0,"max_hp_gain":0,"max_hp_loss":0,"event_name":"Liars Game","floor":2,"gold_loss":0},{"damage_healed":0,"gold_gain":0,"player_choice":"Success","damage_taken":3,"relics_obtained":["Gremlin Horn"],"max_hp_gain":0,"max_hp_loss":0,"event_name":"Scrap Ooze","floor":11,"gold_loss":0},{"damage_healed":0,"gold_gain":0,"player_choice":"Inject Mutagens","damage_taken":0,"relics_obtained":["MutagenicStrength"],"max_hp_gain":0,"max_hp_loss":0,"event_name":"Drug Dealer","floor":19,"gold_loss":0},{"cards_removed":["Strike_B"],"damage_healed":0,"gold_gain":0,"player_choice":"Gave Gold","damage_taken":0,"max_hp_gain":0,"max_hp_loss":0,"event_name":"Beggar","floor":20,"gold_loss":75},{"damage_healed":0,"gold_gain":0,"player_choice":"Shed Blood","damage_taken":19,"max_hp_gain":5,"max_hp_loss":0,"event_name":"Forgotten Altar","floor":22,"gold_loss":0},{"damage_healed":0,"gold_gain":0,"player_choice":"Opened","damage_taken":0,"relics_obtained":["Gambling Chip"],"max_hp_gain":0,"max_hp_loss":0,"event_name":"The Mausoleum","floor":24,"gold_loss":0}],"is_beta":false,"boss_relics":[{"not_picked":["Calling Bell","Velvet Choker"],"picked":"Runic Pyramid"}],"items_purged_floors":[13,21],"is_endless":false,"potions_floor_spawned":[5,7,10,14,16],"killed_by":"Book of Stabbing","ascension_level":13}