{"gold_per_floor":[115,127,127,127,141,141,176,176,176,189,52,67,67,86,86,187,187,203,128,128,143,158,158,183,61,86,86,86,86,113,168,168,168],"floor_reached":33,"playtime":1411,"items_purged":[],"score":297,"play_id":"9c01397e-6781-4165-b135-2810632d8e7e","local_time":"20190318163901","is_ascension_mode":true,"campfire_choices":[{"data":"Fire Breathing","floor":6,"key":"SMITH"},{"floor":8,"key":"RECALL"},{"floor":13,"key":"REST"},{"floor":15,"key":"REST"},{"floor":23,"key":"REST"},{"floor":27,"key":"REST"},{"floor":29,"key":"REST"},{"floor":32,"key":"REST"}],"neow_cost":"NONE","seed_source_timestamp":62138720358642,"circlet_count":0,"master_deck":["Strike_R","Strike_R","Strike_R","Strike_R+1","Defend_R","Defend_R+1","Defend_R","Defend_R","Bash","Juggernaut","Sentinel","Fire Breathing+1","Infernal Blade","Metallicize","Armaments","Feed","Battle Trance","Immolate","Shockwave+1","Spot Weakness","Shrug It Off+1","Metallicize","Infernal Blade"],"relics":["Black Blood","Blue Candle","Happy Flower","Ornamental Fan","Mummified Hand","Tiny Chest","Bronze Scales","Smiling Mask"],"potions_floor_usage":[7,24,30],"damage_taken":[{"damage":1,"enemies":"Cultist","floor":1,"turns":4},{"damage":10,"enemies":"2 Louse","floor":2,"turns":3},{"damage":0,"enemies":"Small Slimes","floor":5,"turns":4},{"damage":23,"enemies":"Lagavulin","floor":7,"turns":4},{"damage":11,"enemies":"Looter","floor":10,"turns":3},{"damage":11,"enemies":"Large Slime","floor":12,"turns":6},{"damage":8,"enemies":"3 Louse","floor":14,"turns":3},{"damage":29,"enemies":"Slime Boss","floor":16,"turns":12},{"damage":9,"enemies":"Shell Parasite","floor":18,"turns":6},{"damage":8,"enemies":"Chosen","floor":21,"turns":6},{"damage":30,"enemies":"Snecko","floor":22,"turns":6},{"damage":67,"enemies":"Gremlin Leader","floor":24,"turns":9},{"damage":39,"enemies":"Book of Stabbing","floor":30,"turns":7},{"damage":63,"enemies":"Champ","floor":33,"turns":9}],"seed_played":"3050046123141735795","potions_obtained":[{"floor":1,"key":"SteroidPotion"},{"floor":10,"key":"FearPotion"},{"floor":21,"key":"SteroidPotion"}],"is_trial":false,"path_per_floor":["M","M","?","?","M","R","E","R","T","M","$","M","R","M","R","B",null,"M","?","?","M","M","R","E","$","T","R","?","R","E","T","R","B"],"character_chosen":"IRONCLAD","items_purchased":["Feed","Tiny Chest"],"campfire_rested":6,"item_purchase_floors":[11,25],"current_hp_per_floor":[80,76,60,48,54,54,37,37,37,32,32,30,54,52,76,56,86,86,86,86,86,66,86,29,29,29,54,37,64,35,35,62,0],"gold":168,"neow_bonus":"ONE_RANDOM_RARE_CARD","is_prod":false,"is_daily":false,"chose_seed":false,"campfire_upgraded":1,"win_rate":0,"timestamp":1552941541,"path_taken":["M","?","?","?","M","R","E","R","T","M","$","M","R","M","R","BOSS","M","?","?","M","M","R","E","$","T","R","?","R","E","?","R","BOSS"],"build_version":"2019-01-23","purchased_purges":0,"victory":false,"max_hp_per_floor":[80,80,80,80,80,80,80,80,80,80,80,83,83,83,83,86,86,86,86,86,86,86,86,86,86,86,86,91,91,91,91,91,91],"card_choices":[{"not_picked":["Thunderclap","Armaments"],"picked":"Sentinel","floor":1},{"not_picked":["True Grit","Headbutt"],"picked":"Fire Breathing","floor":2},{"not_picked":["Pommel Strike","Headbutt"],"picked":"Infernal Blade","floor":5},{"not_picked":["Combust","Power Through"],"picked":"Metallicize","floor":7},{"not_picked":["Entrench","Feel No Pain"],"picked":"Armaments","floor":10},{"not_picked":["Havoc","Shrug It Off","Body Slam"],"picked":"SKIP","floor":12},{"not_picked":["Body Slam","Infernal Blade"],"picked":"Battle Trance","floor":14},{"not_picked":["Fiend Fire","Dark Embrace"],"picked":"Immolate","floor":16},{"not_picked":["Rage","Clothesline"],"picked":"Shockwave+1","floor":18},{"not_picked":["Pommel Strike","Clothesline"],"picked":"Shrug It Off+1","floor":21},{"not_picked":["True Grit","Body Slam"],"picked":"Metallicize","floor":22},{"not_picked":["Clash","Berserk","Headbutt"],"picked":"SKIP","floor":24},{"not_picked":["Twin Strike","Heavy Blade"],"picked":"Infernal Blade","floor":30}],"player_experience":86571,"relics_obtained":[{"floor":7,"key":"Happy Flower"},{"floor":9,"key":"Ornamental Fan"},{"floor":24,"key":"Mummified Hand"},{"floor":30,"key":"Bronze Scales"},{"floor":31,"key":"Smiling Mask"}],"event_choices":[{"damage_healed":0,"gold_gain":0,"player_choice":"Entered Light","damage_taken":16,"max_hp_gain":0,"max_hp_loss":0,"event_name":"Shining Light","floor":3,"gold_loss":0,"cards_upgraded":["Strike_R","Defend_R"]},{"damage_healed":0,"gold_gain":0,"player_choice":"Success","damage_taken":12,"relics_obtained":["Blue Candle"],"max_hp_gain":0,"max_hp_loss":0,"event_name":"Scrap Ooze","floor":4,"gold_loss":0},{"cards_removed":["Strike_R"],"damage_healed":0,"gold_gain":0,"player_choice":"Gave Gold","damage_taken":0,"max_hp_gain":0,"max_hp_loss":0,"event_name":"Beggar","floor":19,"gold_loss":75},{"damage_healed":0,"gold_gain":0,"player_choice":"Read","damage_taken":0,"max_hp_gain":0,"max_hp_loss":0,"event_name":"The Library","floor":20,"gold_loss":0,"cards_obtained":["Spot Weakness"]},{"damage_healed":0,"gold_gain":0,"player_choice":"Shed Blood","damage_taken":22,"max_hp_gain":5,"max_hp_loss":0,"event_name":"Forgotten Altar","floor":28,"gold_loss":0}],"is_beta":false,"boss_relics":[{"not_picked":["Pandora\u0027s Box","Black Star"],"picked":"Black Blood"}],"items_purged_floors":[],"is_endless":false,"potions_floor_spawned":[1,10,21],"killed_by":"Champ","ascension_level":1}