{"gold_per_floor":[116,129,148,168,179,205,205,205,229,258,270,57,71,98,98,203,203,214,304,323,323,422,422],"floor_reached":23,"playtime":2480,"items_purged":["Defend_P"],"score":274,"play_id":"624a64cb-97ac-4d80-a6e2-00446777a3f0","local_time":"20190923183503","is_ascension_mode":true,"campfire_choices":[{"floor":8,"key":"REST"},{"floor":15,"key":"REST"}],"neow_cost":"NONE","seed_source_timestamp":84537572590400,"circlet_count":0,"master_deck":["Strike_P","Strike_P","Strike_P+1","Strike_P","Defend_P","Defend_P","Defend_P","Eruption","Vigilance","Weave+1","Halt","Wireheading","ClearTheMind","Consecrate","FlowState","SpiritShield","Prostrate","Forethought","JustLucky","Prostrate","DevaForm","EmptyFist","Consecrate"],"special_seed":0,"relics":["Runic Pyramid","Unceasing Top","Centennial Puzzle","Ancient Tea Set","Whetstone","Bag of Marbles","SlaversCollar"],"potions_floor_usage":[14,23],"damage_taken":[{"damage":0.0,"enemies":"2 Louse","floor":1.0,"turns":3.0},{"damage":0.0,"enemies":"Jaw Worm","floor":2.0,"turns":4.0},{"damage":0.0,"enemies":"Cultist","floor":3.0,"turns":2.0},{"damage":0.0,"enemies":"Large Slime","floor":4.0,"turns":3.0},{"damage":6.0,"enemies":"Lots of Slimes","floor":5.0,"turns":4.0},{"damage":23.0,"enemies":"Gremlin Nob","floor":6.0,"turns":4.0},{"damage":0,"enemies":"Lagavulin","floor":10,"turns":5},{"damage":5,"enemies":"Blue Slaver","floor":11,"turns":2},{"damage":17,"enemies":"3 Louse","floor":13,"turns":2},{"damage":4,"enemies":"Gremlin Nob","floor":14,"turns":3},{"damage":29,"enemies":"The Guardian","floor":16,"turns":13},{"damage":18,"enemies":"Shell Parasite","floor":18,"turns":5},{"damage":15,"enemies":"Spheric Guardian","floor":20,"turns":6},{"damage":20,"enemies":"Gremlin Leader","floor":23,"turns":3}],"seed_played":"6729219295078346707","potions_obtained":[{"floor":2.0,"key":"Block Potion"},{"floor":3.0,"key":"Fire Potion"},{"floor":6,"key":"Weak Potion"},{"floor":11,"key":"Swift Potion"},{"floor":14,"key":"GamblersBrew"}],"is_trial":false,"path_per_floor":["M","M","M","M","M","E","?","R","T","E","M","$","M","E","R","B",null,"M","?","M","?","?","E"],"character_chosen":"WATCHER","items_purchased":["Prostrate","Forethought"],"campfire_rested":2,"item_purchase_floors":[12,12],"current_hp_per_floor":[65,65,65,65,59,36,29,48,48,48,43,43,26,22,41,12,65,47,35,20,20,20,0],"gold":422,"neow_bonus":"BOSS_RELIC","is_prod":false,"is_daily":false,"chose_seed":false,"campfire_upgraded":0,"win_rate":0,"timestamp":1569288903,"path_taken":["M","M","M","M","M","E","?","R","T","E","M","?","?","E","R","BOSS","M","?","?","?","?","E"],"build_version":"2019-09-23","purchased_purges":1,"victory":false,"max_hp_per_floor":[65,65,65,65,65,65,65,65,65,65,65,65,65,65,65,65,65,65,65,65,65,65,65],"card_choices":[{"not_picked":["Establishment","CarveReality"],"picked":"Weave","floor":1.0},{"not_picked":["Conclude","FlyingSleeves"],"picked":"Halt","floor":2.0},{"not_picked":["Halt","Wallop"],"picked":"Wireheading","floor":3.0},{"not_picked":["CrushJoints","CutThroughFate"],"picked":"ClearTheMind","floor":4.0},{"not_picked":["Crescendo","SpiritShield"],"picked":"Consecrate","floor":5.0},{"not_picked":["WheelKick","Ragnarok"],"picked":"FlowState","floor":6},{"not_picked":["Crescendo","Protect"],"picked":"SpiritShield","floor":10},{"not_picked":["Conclude","CrushJoints","Ragnarok"],"picked":"SKIP","floor":11},{"not_picked":["CutThroughFate","ForeignInfluence"],"picked":"JustLucky","floor":13},{"not_picked":["InnerPeace","Meditate"],"picked":"Prostrate","floor":14},{"not_picked":["Alpha","Metaphysics"],"picked":"DevaForm","floor":16},{"not_picked":["ClearTheMind","CrushJoints"],"picked":"EmptyFist","floor":18},{"not_picked":["ThirdEye","ClearTheMind"],"picked":"Consecrate","floor":20}],"player_experience":760180,"relics_obtained":[{"floor":6,"key":"Unceasing Top"},{"floor":9,"key":"Ancient Tea Set"},{"floor":10,"key":"Whetstone"},{"floor":14,"key":"Bag of Marbles"}],"event_choices":[{"damage_healed":0,"gold_gain":0,"player_choice":"Success","damage_taken":7,"relics_obtained":["Centennial Puzzle"],"max_hp_gain":0,"max_hp_loss":0,"event_name":"Scrap Ooze","floor":7,"gold_loss":0},{"damage_healed":0,"gold_gain":90,"player_choice":"GOLD ","damage_taken":12,"max_hp_gain":0,"max_hp_loss":0,"event_name":"Knowing Skull","floor":19,"potions_obtained":[],"gold_loss":0,"cards_obtained":[]},{"damage_healed":0,"gold_gain":0,"player_choice":"Ignored","damage_taken":0,"max_hp_gain":0,"max_hp_loss":0,"event_name":"Vampires","floor":21,"gold_loss":0},{"damage_healed":0,"gold_gain":99,"player_choice":"Stole From Cult","damage_taken":0,"max_hp_gain":0,"max_hp_loss":0,"event_name":"Nest","floor":22,"gold_loss":0}],"is_beta":true,"boss_relics":[{"not_picked":["Velvet Choker","Cursed Key"],"picked":"SlaversCollar"}],"items_purged_floors":[12],"is_endless":false,"potions_floor_spawned":[2,3,6,11,14],"killed_by":"Gremlin Leader","ascension_level":3}