{"gold_per_floor":[114,114,169,204,239,289,304,304,354,394,66,66,106,136,136,236,286,301,316,331,5,5,35,35,65,115,115,115,155,195,195],"floor_reached":31,"playtime":1208,"items_purged":[],"score":339,"play_id":"410491d6-ada0-435f-9674-c2f202b0bf4c","local_time":"20190317143543","daily_mods":["Cursed Run","Colorless Cards","Binary"],"is_ascension_mode":false,"campfire_choices":[{"data":"HandOfGreed","floor":8,"key":"SMITH"},{"data":"Rainbow","floor":12,"key":"SMITH"},{"data":"Static Discharge","floor":15,"key":"SMITH"},{"floor":24,"key":"REST"},{"floor":28,"key":"REST"}],"neow_cost":"","seed_source_timestamp":0,"circlet_count":0,"master_deck":["Strike_B","Strike_B","Strike_B+1","Strike_B+1","Defend_B","Defend_B","Defend_B","Defend_B","Zap","Dualcast","Conserve Battery","HandOfGreed+1","Auto Shields","Sunder","Static Discharge+1","Conserve Battery","Injury","Consume+1","Rainbow+1","Stack","Redo","Pain","Reboot","Genetic Algorithm","Hello World","PanicButton","Capacitor","Ball Lightning+1","Regret"],"special_seed":17972,"relics":["Cursed Key","Darkstone Periapt","Du-Vu Doll","Pantograph","Anchor","Letter Opener","Bottled Tornado","Tiny House","Singing Bowl","Potion Belt","Question Card","Whetstone"],"potions_floor_usage":[5,23,31],"damage_taken":[{"damage":0,"enemies":"Cultist","floor":1,"turns":3},{"damage":10,"enemies":"Small Slimes","floor":3,"turns":3},{"damage":0,"enemies":"2 Louse","floor":4,"turns":2},{"damage":2,"enemies":"Gremlin Gang","floor":5,"turns":3},{"damage":9,"enemies":"3 Sentries","floor":6,"turns":7},{"damage":0,"enemies":"Exordium Thugs","floor":7,"turns":3},{"damage":0,"enemies":"Exordium Wildlife","floor":10,"turns":4},{"damage":0,"enemies":"Blue Slaver","floor":13,"turns":3},{"damage":9,"enemies":"Gremlin Nob","floor":14,"turns":3},{"damage":32,"enemies":"Slime Boss","floor":16,"turns":6},{"damage":11,"enemies":"Spheric Guardian","floor":18,"turns":3},{"damage":22,"enemies":"2 Thieves","floor":19,"turns":4},{"damage":8,"enemies":"Snecko","floor":20,"turns":4},{"damage":21,"enemies":"Slavers","floor":23,"turns":4},{"damage":31,"enemies":"Book of Stabbing","floor":25,"turns":5},{"damage":10,"enemies":"Centurion and Healer","floor":29,"turns":5},{"damage":22,"enemies":"Shelled Parasite and Fungi","floor":30,"turns":4},{"damage":11,"enemies":"Snake Plant","floor":31,"turns":3}],"seed_played":"8846997957486014283","potions_obtained":[{"floor":3,"key":"Strength Potion"},{"floor":7,"key":"Ancient Potion"},{"floor":10,"key":"SpeedPotion"},{"floor":17,"key":"GamblersBrew"},{"floor":19,"key":"FearPotion"},{"floor":20,"key":"Fire Potion"},{"floor":25,"key":"EssenceOfSteel"}],"is_trial":false,"path_per_floor":["M","?","M","M","M","E","M","R","T","M","$","R","M","E","R","B",null,"M","M","M","$","?","E","R","E","T","?","R","M","M","M"],"character_chosen":"DEFECT","items_purchased":["Letter Opener","Rainbow","Singing Bowl","Capacitor"],"campfire_rested":2,"item_purchase_floors":[11,11,21,21],"current_hp_per_floor":[75,75,65,65,63,54,54,54,60,60,60,60,60,51,51,50,92,81,59,51,51,33,12,41,12,18,8,39,31,11,0],"gold":195,"neow_bonus":"","is_prod":false,"is_daily":true,"chose_seed":false,"campfire_upgraded":3,"win_rate":0,"timestamp":1552847743,"path_taken":["M","?","M","?","M","E","M","R","T","M","$","R","M","E","R","BOSS","M","M","M","$","?","E","R","E","T","?","R","M","M","?"],"build_version":"2019-01-23","purchased_purges":0,"victory":false,"max_hp_per_floor":[75,75,75,75,75,75,75,75,81,81,81,81,81,81,81,87,92,92,92,92,92,97,97,97,99,105,105,105,107,109,109],"card_choices":[{"not_picked":["Beam Cell"],"picked":"Conserve Battery","floor":1},{"not_picked":["Redo"],"picked":"Auto Shields","floor":3},{"not_picked":["Hologram"],"picked":"Sunder","floor":4},{"not_picked":["Scrape"],"picked":"Static Discharge","floor":5},{"not_picked":["Coolheaded","Sweeping Beam"],"picked":"SKIP","floor":6},{"not_picked":["Forethought"],"picked":"Conserve Battery","floor":7},{"not_picked":["Beam Cell"],"picked":"Consume","floor":10},{"not_picked":["Leap"],"picked":"Stack","floor":13},{"not_picked":["Force Field"],"picked":"Redo","floor":14},{"not_picked":["Hyperbeam"],"picked":"Reboot","floor":16},{"not_picked":["Beam Cell"],"picked":"Genetic Algorithm","floor":17},{"not_picked":["Streamline"],"picked":"Hello World","floor":18},{"not_picked":["Leap","Gash"],"picked":"SKIP","floor":19},{"not_picked":["Beam Cell"],"picked":"PanicButton","floor":20},{"not_picked":["Turbo"],"picked":"Ball Lightning+1","floor":23},{"not_picked":["Turbo","FTL"],"picked":"Singing Bowl","floor":25},{"not_picked":["Go for the Eyes","Jack Of All Trades","Darkness"],"picked":"Singing Bowl","floor":29},{"not_picked":["Turbo","Sunder","Sweeping Beam"],"picked":"Singing Bowl","floor":30}],"player_experience":74278,"relics_obtained":[{"floor":6,"key":"Pantograph"},{"floor":9,"key":"Anchor"},{"floor":14,"key":"Bottled Tornado"},{"floor":23,"key":"Potion Belt"},{"floor":25,"key":"Question Card"},{"floor":26,"key":"Whetstone"}],"event_choices":[{"damage_healed":0,"gold_gain":0,"player_choice":"1 cards matched","damage_taken":0,"max_hp_gain":0,"max_hp_loss":0,"event_name":"Match and Keep!","floor":2,"gold_loss":0,"cards_obtained":["HandOfGreed"]},{"damage_healed":0,"gold_gain":0,"player_choice":"Shed Blood","damage_taken":23,"max_hp_gain":5,"max_hp_loss":0,"event_name":"Forgotten Altar","floor":22,"gold_loss":0},{"damage_healed":0,"gold_gain":0,"player_choice":"Damaged","damage_taken":10,"max_hp_gain":0,"max_hp_loss":0,"event_name":"Wheel of Change","floor":27,"gold_loss":0}],"is_beta":false,"boss_relics":[{"not_picked":["Fusion Hammer","Empty Cage"],"picked":"Tiny House"}],"items_purged_floors":[],"is_endless":false,"potions_floor_spawned":[3,7,10,19,20,25],"killed_by":"Snake Plant","ascension_level":0}