{"path_per_floor":["M","?","?","$","?","R","M","?","T","M","E","M","R","M","R","B",null,"M","?","?","$","?","E","T","M","T","R","M","M","?","M","R","B",null,"M","?","M","$","?","R","?","M","T","M","E","$","M","M","R","B"],"character_chosen":"IRONCLAD","items_purchased":["Bandage Up","Self Forming Clay","Inflame","Thread and Needle","Apotheosis"],"gold_per_floor":[114,114,114,16,191,191,206,206,206,221,251,266,266,281,281,381,381,396,396,346,62,62,92,92,107,407,407,422,437,362,377,377,477,477,492,492,507,432,432,432,432,447,522,537,567,80,95,110,110,110],"floor_reached":51,"campfire_rested":1,"playtime":4142,"current_hp_per_floor":[79,79,63,63,63,63,73,73,73,77,78,73,73,75,74,46,74,67,67,67,67,67,34,34,49,49,72,64,75,75,78,73,75,76,79,79,79,79,69,69,69,80,80,75,61,61,77,83,78,60],"items_purged":["Searing Blow"],"gold":110,"score":773,"play_id":"64653dde-6a65-429c-a7d3-ddc244bfb56c","local_time":"20180308013234","daily_mods":[{"name":"Shiny","description":"Start with 1 Rare card.","modID":"Shiny","img":{"data":{"file":{"file":{"path":"images\\ui\\run_mods\\shiny.png"},"type":"Internal"},"width":64,"height":64,"format":"RGBA8888","useMipMaps":false,"isPrepared":false},"glTarget":3553,"glHandle":684,"minFilter":"Linear","magFilter":"Linear","uWrap":"ClampToEdge","vWrap":"ClampToEdge"},"positive":true},{"name":"Insanity","description":"Start with a random deck of 50 cards.","modID":"Insanity","img":{"data":{"file":{"file":{"path":"images\\ui\\run_mods\\restless_journey.png"},"type":"Internal"},"width":64,"height":64,"format":"RGBA8888","useMipMaps":false,"isPrepared":false},"glTarget":3553,"glHandle":676,"minFilter":"Linear","magFilter":"Linear","uWrap":"ClampToEdge","vWrap":"ClampToEdge"},"positive":false},{"name":"Night Terrors","description":"Resting at Rest Sites heals 100% of your HP, but costs 5 max HP.","modID":"Night Terrors","img":{"data":{"file":{"file":{"path":"images\\ui\\run_mods\\night_terrors.png"},"type":"Internal"},"width":64,"height":64,"format":"RGBA8888","useMipMaps":false,"isPrepared":false},"glTarget":3553,"glHandle":678,"minFilter":"Linear","magFilter":"Linear","uWrap":"ClampToEdge","vWrap":"ClampToEdge"},"positive":false}],"is_prod":false,"is_daily":true,"is_ascension_mode":false,"campfire_upgraded":6,"timestamp":1520501554,"path_taken":["M","?","?","$","?","R","?","?","T","M","E","?","R","M","R","BOSS","M","?","?","$","?","E","?","?","T","R","M","M","?","M","R","BOSS","M","?","M","$","?","R","?","M","T","M","E","$","M","M","R","BOSS"],"build_version":"2018-03-06-BETA","purchased_purges":1,"victory":true,"master_deck":["Impervious","Shockwave","Spot Weakness","Dropkick","Combust","Feel No Pain","Wild Strike","Limit Break","Blood for Blood","Carnage","Berserk","Feed","Impervious","Limit Break","Second Wind","Wild Strike","Feed","Exhume","Metallicize+1","Spot Weakness","Clothesline","Double Tap","Blood for Blood","Warcry","Hemokinesis+1","Berserk","Metallicize+1","Carnage","Whirlwind","True Grit+1","Dark Embrace","Double Tap","Clothesline","Brutality+1","Feel No Pain","Second Wind","Heavy Blade","Battle Trance","Bash","Power Through","Flame Barrier","Demon Form","Iron Wave","Double Tap","Feed","Metallicize+1","Reaper","Anger","Bandage Up","Flex","Inflame+1","Flex","Cleave","True Grit","Fiend Fire","Inflame","Evolve","Disarm","Battle Trance","Limit Break","Corruption+1","Inflame+1","Madness","Madness","Sentinel","Armaments+1","Inflame","Apotheosis+1","Warcry+1"],"max_hp_per_floor":[80,80,80,80,80,75,75,75,75,78,78,81,76,79,74,74,74,74,74,74,74,74,74,74,77,77,72,72,75,75,78,73,76,76,79,79,79,79,79,74,74,80,80,83,83,83,83,83,78,78],"relics":["Burning Blood","Red Skull","Shuriken","Velvet Choker","Self Forming Clay","Bird Faced Urn","Ginger","Old Coin","Mark of Pain","Mummified Hand","Orichalcum","Thread and Needle"],"card_choices":[{"not_picked":["Burning Pact","Searing Blow"],"picked":"Flex"},{"not_picked":["Body Slam","Armaments"],"picked":"Inflame"},{"not_picked":["Anger","Pommel Strike"],"picked":"Flex"},{"not_picked":["Clash","Flex"],"picked":"Cleave"},{"not_picked":["Fire Breathing","Combust"],"picked":"True Grit"},{"not_picked":["Headbutt","Intimidate"],"picked":"Evolve"},{"not_picked":["Demon Form","Intimidate"],"picked":"Disarm"},{"not_picked":["Twin Strike","Hemokinesis"],"picked":"Battle Trance"},{"not_picked":["Demon Form","Offering"],"picked":"Limit Break"},{"not_picked":["Warcry","Anger"],"picked":"Corruption"},{"not_picked":["Power Through","Second Wind"],"picked":"Inflame"},{"not_picked":["Searing Blow","Anger"],"picked":"Sentinel"},{"not_picked":["Evolve","Shrug It Off"],"picked":"Armaments"},{"not_picked":["Cleave","Reckless Charge"],"picked":"Inflame"},{"not_picked":["Thunderclap","Dark Embrace"],"picked":"Warcry"}],"player_experience":322932,"potions_floor_usage":[11,16,16,23,29,37,45,50,50],"damage_taken":[{"damage":7,"enemies":"Jaw Worm","floor":1,"turns":3},{"damage":0,"enemies":"Small Slimes","floor":7,"turns":4},{"damage":5,"enemies":"2 Louse","floor":10,"turns":2},{"damage":4,"enemies":"Lagavulin","floor":11,"turns":5},{"damage":14,"enemies":"Blue Slaver","floor":12,"turns":3},{"damage":10,"enemies":"Exordium Wildlife","floor":14,"turns":2},{"damage":34,"enemies":"Slime Boss","floor":16,"turns":5},{"damage":17,"enemies":"Shell Parasite","floor":18,"turns":4},{"damage":39,"enemies":"Slavers","floor":23,"turns":3},{"damage":2,"enemies":"Chosen","floor":25,"turns":4},{"damage":18,"enemies":"Slaver and Parasite","floor":28,"turns":5},{"damage":5,"enemies":"Snecko","floor":29,"turns":4},{"damage":35,"enemies":"3 Cultists","floor":31,"turns":7},{"damage":34,"enemies":"Champ","floor":33,"turns":8},{"damage":11,"enemies":"Orb Walker","floor":35,"turns":5},{"damage":14,"enemies":"3 Darklings","floor":37,"turns":5},{"damage":9,"enemies":"4 Shapes","floor":42,"turns":5},{"damage":17,"enemies":"Spire Growth","floor":44,"turns":5},{"damage":22,"enemies":"2 Orb Walkers","floor":45,"turns":3},{"damage":2,"enemies":"3 Darklings","floor":47,"turns":3},{"damage":16,"enemies":"Sphere and 2 Shapes","floor":48,"turns":6},{"damage":68,"enemies":"Time Eater","floor":50,"turns":11}],"event_choices":[{"event_name":"Living Wall","player_choice":"Change","floor":2,"damage_taken":0},{"event_name":"Shining Light","player_choice":"Entered Light","floor":3,"damage_taken":0},{"event_name":"Liars Game","player_choice":"agreed","floor":5,"damage_taken":0},{"event_name":"Fountain of Cleansing","player_choice":"Removed Curse","floor":8,"damage_taken":0},{"event_name":"Transmorgrifier","player_choice":"Transform","floor":19,"damage_taken":0},{"event_name":"The Joust","player_choice":"Bet on Murderer","floor":20,"damage_taken":0},{"event_name":"Upgrade Shrine","player_choice":"Upgraded","floor":22,"damage_taken":0},{"event_name":"Beggar","player_choice":"Gave Gold","floor":30,"damage_taken":0},{"event_name":"Tomb of Lord Red Mask","player_choice":"Ignored","floor":36,"damage_taken":0},{"event_name":"Winding Halls","player_choice":"Embrace Madness","floor":39,"damage_taken":0},{"event_name":"Mysterious Sphere","player_choice":"Ignore","floor":41,"damage_taken":0}],"boss_relics":[{"not_picked":["Pandora\u0027s Box","White Beast Statue"],"picked":"Velvet Choker"},{"not_picked":["Black Star","Eternal Feather"],"picked":"Mark of Pain"}],"potions_floor_spawned":[1,11,14,18,23,28,33,44,48],"seed_played":"2859177087785531697","ascension_level":0,"is_trial":false}