{"gold_per_floor":[116,129,139,158,158,158,189,29,53,33,48,48,60,89,89,164,164,181,181,40,50,50],"floor_reached":22,"playtime":3241,"items_purged":["Strike_R"],"score":392,"play_id":"54c90598-6ca8-4091-a322-0a6b955ae8b3","local_time":"20190930171853","is_ascension_mode":true,"campfire_choices":[{"data":"Bash","floor":6.0,"key":"SMITH"},{"data":"Metallicize","floor":12.0,"key":"SMITH"},{"data":"Burning Pact","floor":15.0,"key":"SMITH"}],"neow_cost":"TEN_PERCENT_HP_LOSS","seed_source_timestamp":1181834680238300,"circlet_count":0,"master_deck":["AscendersBane","Strike_R","Strike_R+1","Strike_R","Strike_R","Defend_R","Defend_R","Defend_R","Defend_R+1","Bash+1","Anger","Power Through","Battle Trance","Metallicize+1","Carnage","Burning Pact+1","Barricade+1","Immolate","Juggernaut","Power Through","Dark Embrace","Battle Trance"],"special_seed":0,"relics":["Burning Blood","Champion Belt","Meat on the Bone","Membership Card","Bronze Scales","Singing Bowl","Runic Pyramid","Orrery"],"potions_floor_usage":[],"damage_taken":[{"damage":15.0,"enemies":"Cultist","floor":1.0,"turns":6.0},{"damage":4.0,"enemies":"Small Slimes","floor":2.0,"turns":3.0},{"damage":11.0,"enemies":"Jaw Worm","floor":3.0,"turns":4.0},{"damage":6.0,"enemies":"3 Louse","floor":4.0,"turns":4.0},{"damage":29.0,"enemies":"3 Sentries","floor":7.0,"turns":9.0},{"damage":0.0,"enemies":"Exordium Thugs","floor":11.0,"turns":6.0},{"damage":0.0,"enemies":"Exordium Wildlife","floor":13.0,"turns":3.0},{"damage":6.0,"enemies":"Gremlin Nob","floor":14.0,"turns":4.0},{"damage":32.0,"enemies":"The Guardian","floor":16.0,"turns":12.0},{"damage":42.0,"enemies":"Shell Parasite","floor":18.0,"turns":7.0},{"damage":12.0,"enemies":"Spheric Guardian","floor":21.0,"turns":6.0},{"damage":54,"enemies":"3 Cultists","floor":22,"turns":4}],"seed_played":"-7958756589393810362","potions_obtained":[{"floor":3.0,"key":"Fire Potion"},{"floor":4.0,"key":"SteroidPotion"},{"floor":10.0,"key":"SmokeBomb"},{"floor":11.0,"key":"Dexterity Potion"},{"floor":13.0,"key":"EssenceOfSteel"}],"is_trial":false,"path_per_floor":["M","M","M","M","?","R","E","$","T","?","M","R","M","E","R","B",null,"M","?","$","M","M"],"character_chosen":"IRONCLAD","items_purchased":["Membership Card","Orrery","Battle Trance"],"campfire_rested":0,"item_purchase_floors":[8,20,20],"current_hp_per_floor":[59,61,56,56,36,36,13,13,13,13,31,31,49,49,49,35,60,38,38,40,48,0],"gold":50,"neow_bonus":"ONE_RARE_RELIC","is_prod":false,"is_daily":false,"chose_seed":false,"campfire_upgraded":3,"win_rate":0,"timestamp":1569889133,"path_taken":["M","?","M","M","?","R","E","$","T","?","M","R","M","E","R","BOSS","M","?","$","M","M"],"build_version":"2019-09-27","purchased_purges":1,"victory":false,"max_hp_per_floor":[68,68,68,68,68,68,68,68,68,68,68,68,68,68,68,68,68,70,70,72,74,74],"card_choices":[{"not_picked":["Headbutt","Armaments"],"picked":"Anger","floor":1.0},{"not_picked":["Shockwave","True Grit"],"picked":"Power Through","floor":2.0},{"not_picked":["Uppercut","Shrug It Off"],"picked":"Battle Trance","floor":3.0},{"not_picked":["Flex","Clothesline","Body Slam"],"picked":"SKIP","floor":4.0},{"not_picked":["Twin Strike","Wild Strike"],"picked":"Metallicize","floor":7.0},{"not_picked":["Havoc","Clash","Body Slam"],"picked":"SKIP","floor":11.0},{"not_picked":["Dark Embrace","Wild Strike"],"picked":"Carnage","floor":13.0},{"not_picked":["Warcry","Twin Strike"],"picked":"Burning Pact","floor":14.0},{"not_picked":["Bludgeon","Reaper"],"picked":"Barricade","floor":16.0},{"not_picked":["Twin Strike+1","Pummel","Iron Wave+1"],"picked":"Singing Bowl","floor":18.0},{"not_picked":["Havoc","Armaments"],"picked":"Immolate","floor":20.0},{"not_picked":["Rage","Shockwave"],"picked":"Juggernaut","floor":20.0},{"not_picked":["Flex","Sword Boomerang"],"picked":"Power Through","floor":20.0},{"not_picked":["Headbutt","Body Slam"],"picked":"Dark Embrace","floor":20.0},{"not_picked":["Warcry","Thunderclap","Brutality"],"picked":"Singing Bowl","floor":20.0},{"not_picked":["Warcry","Shockwave+1","Uppercut"],"picked":"Singing Bowl","floor":21.0}],"player_experience":1148959,"relics_obtained":[{"floor":7.0,"key":"Meat on the Bone"},{"floor":9.0,"key":"Bronze Scales"},{"floor":14.0,"key":"Singing Bowl"}],"event_choices":[{"damage_healed":0.0,"max_hp_gain":0.0,"max_hp_loss":0.0,"gold_gain":0.0,"event_name":"Shining Light","player_choice":"Entered Light","floor":5.0,"gold_loss":0.0,"damage_taken":20.0,"cards_upgraded":["Defend_R","Strike_R"]},{"damage_healed":0.0,"max_hp_gain":0.0,"max_hp_loss":0.0,"gold_gain":0.0,"event_name":"The Woman in Blue","player_choice":"Bought 1 Potion","floor":10.0,"gold_loss":0.0,"damage_taken":0.0},{"damage_healed":0.0,"max_hp_gain":0.0,"max_hp_loss":0.0,"gold_gain":0.0,"event_name":"Upgrade Shrine","player_choice":"Upgraded","floor":19.0,"gold_loss":0.0,"damage_taken":0.0,"cards_upgraded":["Barricade"]}],"is_beta":true,"boss_relics":[{"not_picked":["Busted Crown","Astrolabe"],"picked":"Runic Pyramid"}],"items_purged_floors":[20],"is_endless":false,"potions_floor_spawned":[3,4,11,13],"killed_by":"3 Cultists","ascension_level":20}