{"gold_per_floor":[111,124,124,124,124,157,171,185,212,231,79,79,112,131,131,131],"floor_reached":16,"playtime":696,"items_purged":["Strike_G"],"score":224,"play_id":"4d6166fa-a443-4b4d-93dc-5989d03c31ac","local_time":"20190729152533","is_ascension_mode":true,"campfire_choices":[{"floor":12,"key":"REST"},{"floor":15,"key":"REST"}],"neow_cost":"NONE","seed_source_timestamp":10300254323570240,"circlet_count":0,"master_deck":["AscendersBane","Strike_G","Strike_G","Strike_G","Strike_G+1","Defend_G","Defend_G","Defend_G","Defend_G","Defend_G","Survivor+1","Neutralize+1","Masterful Stab+1","Catalyst","Poisoned Stab","Dagger Spray","Cloak And Dagger","Noxious Fumes","Escape Plan"],"relics":["Philosopher\u0027s Stone","Ancient Tea Set","Orichalcum","Blood Vial"],"potions_floor_usage":[6,13,14,16],"damage_taken":[{"damage":2,"enemies":"2 Louse","floor":1,"turns":4},{"damage":0,"enemies":"Cultist","floor":2,"turns":4},{"damage":21,"enemies":"Lagavulin","floor":6,"turns":5},{"damage":2,"enemies":"Small Slimes","floor":7,"turns":3},{"damage":0,"enemies":"3 Louse","floor":8,"turns":4},{"damage":5,"enemies":"Red Slaver","floor":10,"turns":4},{"damage":12,"enemies":"3 Sentries","floor":13,"turns":6},{"damage":0,"enemies":"Large Slime","floor":14,"turns":4},{"damage":43,"enemies":"Slime Boss","floor":16,"turns":6}],"seed_played":"6989659526795070445","potions_obtained":[{"floor":1,"key":"Poison Potion"},{"floor":2,"key":"Explosive Potion"},{"floor":10,"key":"SteroidPotion"},{"floor":13,"key":"Fire Potion"}],"is_trial":false,"path_per_floor":["M","M","?","?","?","E","M","M","T","M","$","R","E","M","R","B"],"character_chosen":"THE_SILENT","items_purchased":["Noxious Fumes"],"campfire_rested":2,"item_purchase_floors":[11],"current_hp_per_floor":[57,57,37,37,37,16,14,14,14,9,9,28,16,18,37,0],"gold":131,"neow_bonus":"BOSS_RELIC","is_prod":false,"is_daily":false,"chose_seed":false,"campfire_upgraded":0,"win_rate":0,"timestamp":1564392333,"path_taken":["M","M","?","?","?","E","M","?","T","M","?","R","E","M","R","BOSS"],"build_version":"2019-07-17","purchased_purges":1,"victory":false,"max_hp_per_floor":[66,66,66,66,66,66,66,66,66,66,66,66,66,66,66,66],"card_choices":[{"not_picked":["Concentrate","Expertise"],"picked":"Masterful Stab","floor":1},{"not_picked":["Slice","Poisoned Stab"],"picked":"Catalyst","floor":2},{"not_picked":["Flechettes","Predator","Underhanded Strike"],"picked":"SKIP","floor":6},{"not_picked":["Masterful Stab","Eviscerate"],"picked":"Poisoned Stab","floor":7},{"not_picked":["Blade Dance","Riddle With Holes"],"picked":"Dagger Spray","floor":8},{"not_picked":["Accuracy","Deflect"],"picked":"Cloak And Dagger","floor":10},{"not_picked":["Die Die Die","Accuracy"],"picked":"Escape Plan","floor":13},{"not_picked":["Endless Agony","Dagger Spray","Dagger Throw"],"picked":"SKIP","floor":14}],"player_experience":1593605,"relics_obtained":[{"floor":6,"key":"Ancient Tea Set"},{"floor":9,"key":"Orichalcum"},{"floor":13,"key":"Blood Vial"}],"event_choices":[{"damage_healed":0,"gold_gain":0,"player_choice":"Entered Light","damage_taken":20,"max_hp_gain":0,"max_hp_loss":0,"event_name":"Shining Light","floor":3,"gold_loss":0,"cards_upgraded":["Strike_G","Survivor"]},{"damage_healed":0,"gold_gain":0,"player_choice":"Grow","damage_taken":0,"max_hp_gain":0,"max_hp_loss":0,"event_name":"Living Wall","floor":4,"gold_loss":0,"cards_upgraded":["Masterful Stab"]},{"damage_healed":0,"gold_gain":0,"player_choice":"Upgraded","damage_taken":0,"max_hp_gain":0,"max_hp_loss":0,"event_name":"Upgrade Shrine","floor":5,"gold_loss":0,"cards_upgraded":["Neutralize"]}],"is_beta":false,"boss_relics":[],"items_purged_floors":[11],"is_endless":false,"potions_floor_spawned":[1,2,10,13],"killed_by":"Slime Boss","ascension_level":20}