{"gold_per_floor":[111,111,111,125,140,140,174,174,174,205,217,256,331,360,372,460,472,497,427,451,388,418,430,471,483,495,507,147,161,193,212,212,212],"floor_reached":33,"playtime":2887,"items_purged":["Strike_R"],"score":706,"play_id":"5791139d-b3ea-425d-ad17-bb5f442e2cfc","local_time":"20190930180856","is_ascension_mode":true,"campfire_choices":[{"data":"Carnage","floor":6,"key":"SMITH"},{"data":"Bash","floor":8,"key":"SMITH"},{"data":"Uppercut","floor":15,"key":"SMITH"},{"data":"Shockwave","floor":23,"key":"SMITH"},{"data":"Strike_R","floor":25,"key":"PURGE"},{"data":"Strike_R","floor":27,"key":"PURGE"},{"data":"Limit Break","floor":32,"key":"SMITH"}],"neow_cost":"TEN_PERCENT_HP_LOSS","seed_source_timestamp":259019912685000,"circlet_count":0,"master_deck":["AscendersBane","Defend_R","Defend_R","Defend_R","Defend_R","Bash+1","Anger","Carnage+1","Shrug It Off","Uppercut+1","Offering","Limit Break+1","Battle Trance","Shockwave+1","Shrug It Off","Disarm","Headbutt"],"relics":["Burning Blood","Thread and Needle","Peace Pipe","Mummified Hand","MawBank","Smiling Mask","Gremlin Horn","Velvet Choker","Meat on the Bone","Akabeko","Shuriken","Frozen Eye","Juzu Bracelet"],"potions_floor_usage":[12,16,24,33,33],"damage_taken":[{"damage":0,"enemies":"2 Louse","floor":1,"turns":4},{"damage":6,"enemies":"Small Slimes","floor":4,"turns":4},{"damage":0,"enemies":"Jaw Worm","floor":5,"turns":4},{"damage":16,"enemies":"3 Sentries","floor":7,"turns":9},{"damage":28,"enemies":"Lagavulin","floor":10,"turns":5},{"damage":4,"enemies":"Gremlin Nob","floor":12,"turns":3},{"damage":7,"enemies":"3 Sentries","floor":13,"turns":7},{"damage":6,"enemies":"Blue Slaver","floor":14,"turns":2},{"damage":6,"enemies":"Slime Boss","floor":16,"turns":3},{"damage":6,"enemies":"Chosen","floor":18,"turns":3},{"damage":12,"enemies":"Spheric Guardian","floor":20,"turns":4},{"damage":15,"enemies":"Centurion and Healer","floor":22,"turns":5},{"damage":36,"enemies":"Gremlin Leader","floor":24,"turns":4},{"damage":6,"enemies":"3 Cultists","floor":29,"turns":4},{"damage":10,"enemies":"Book of Stabbing","floor":30,"turns":4},{"damage":7,"enemies":"Cultist and Chosen","floor":31,"turns":4},{"damage":59,"enemies":"Automaton","floor":33,"turns":6}],"seed_played":"3964096154995444781","potions_obtained":[{"floor":1,"key":"DuplicationPotion"},{"floor":4,"key":"Swift Potion"},{"floor":10,"key":"Energy Potion"},{"floor":13,"key":"SpeedPotion"},{"floor":14,"key":"SteroidPotion"},{"floor":22,"key":"Explosive Potion"}],"is_trial":false,"path_per_floor":["M","?","?","M","M","R","E","R","T","E","?","E","?","M","R","B",null,"M","?","M","?","M","R","E","R","T","R","$","M","E","M","R","B"],"character_chosen":"IRONCLAD","items_purchased":["Disarm","Strength Potion","Headbutt","Frozen Eye"],"campfire_rested":0,"item_purchase_floors":[28,28,28,28],"current_hp_per_floor":[68,61,61,61,67,67,57,57,57,35,35,37,36,36,36,36,60,60,60,54,54,45,45,27,27,27,27,27,39,47,46,46,0],"gold":212,"neow_bonus":"ONE_RARE_RELIC","is_prod":false,"is_daily":false,"chose_seed":false,"campfire_upgraded":5,"win_rate":0,"timestamp":1569834536,"path_taken":["M","?","?","M","M","R","E","R","T","E","?","E","?","?","R","BOSS","M","?","?","?","M","R","E","R","T","R","$","M","E","M","R","BOSS"],"build_version":"2019-09-27","purchased_purges":1,"victory":false,"max_hp_per_floor":[68,68,68,68,68,68,68,68,68,68,68,68,68,68,68,68,68,68,68,68,68,68,68,68,68,68,68,68,68,68,68,68,68],"card_choices":[{"not_picked":["Reckless Charge","Seeing Red"],"picked":"Anger","floor":1},{"not_picked":["Clash","Heavy Blade"],"picked":"Carnage","floor":4},{"not_picked":["Perfected Strike","Anger"],"picked":"Shrug It Off","floor":5},{"not_picked":["Perfected Strike","Pommel Strike","Havoc"],"picked":"SKIP","floor":7},{"not_picked":["Shrug It Off","Berserk"],"picked":"Uppercut","floor":10},{"not_picked":["True Grit","Warcry"],"picked":"Offering","floor":12},{"not_picked":["Iron Wave","Clash","Rupture"],"picked":"SKIP","floor":14},{"not_picked":["Dark Embrace","Barricade"],"picked":"Limit Break","floor":16},{"not_picked":["Pommel Strike","Burning Pact"],"picked":"Battle Trance","floor":18},{"not_picked":["Havoc+1","Perfected Strike+1"],"picked":"Shockwave","floor":20},{"not_picked":["Iron Wave","Thunderclap","Clash"],"picked":"SKIP","floor":22},{"not_picked":["Bludgeon","Fire Breathing"],"picked":"Shrug It Off","floor":24},{"not_picked":["Armaments","Wild Strike","Power Through"],"picked":"SKIP","floor":29},{"not_picked":["Combust","Headbutt","Clothesline"],"picked":"SKIP","floor":30},{"not_picked":["Flex","Anger+1","Clash"],"picked":"SKIP","floor":31}],"player_experience":891631,"relics_obtained":[{"floor":7,"key":"Peace Pipe"},{"floor":9,"key":"Mummified Hand"},{"floor":10,"key":"MawBank"},{"floor":12,"key":"Smiling Mask"},{"floor":13,"key":"Gremlin Horn"},{"floor":24,"key":"Akabeko"},{"floor":26,"key":"Shuriken"},{"floor":30,"key":"Juzu Bracelet"}],"event_choices":[{"cards_removed":["Strike_R"],"damage_healed":0,"gold_gain":0,"player_choice":"Card Removal","damage_taken":7,"max_hp_gain":0,"max_hp_loss":0,"event_name":"Golden Wing","floor":2,"gold_loss":0},{"damage_healed":0,"gold_gain":0,"player_choice":"Ignored","damage_taken":0,"max_hp_gain":0,"max_hp_loss":0,"event_name":"Liars Game","floor":3,"gold_loss":0},{"damage_healed":0,"gold_gain":0,"player_choice":"Ignored","damage_taken":0,"max_hp_gain":0,"max_hp_loss":0,"event_name":"Shining Light","floor":11,"gold_loss":0},{"damage_healed":0,"gold_gain":0,"player_choice":"Searched \u00272\u0027 times","damage_taken":0,"max_hp_gain":0,"max_hp_loss":0,"event_name":"Dead Adventurer","floor":13,"gold_loss":0},{"damage_healed":0,"gold_gain":0,"player_choice":"Paid Gold","damage_taken":0,"relics_obtained":["Meat on the Bone"],"max_hp_gain":0,"max_hp_loss":0,"event_name":"WeMeetAgain","floor":19,"gold_loss":82},{"cards_removed":["Strike_R"],"damage_healed":0,"gold_gain":0,"player_choice":"Gave Gold","damage_taken":0,"max_hp_gain":0,"max_hp_loss":0,"event_name":"Beggar","floor":21,"gold_loss":75}],"is_beta":true,"boss_relics":[{"not_picked":["Runic Cube","Runic Pyramid"],"picked":"Velvet Choker"}],"items_purged_floors":[28],"is_endless":false,"potions_floor_spawned":[1,4,10,13,14,22,30],"killed_by":"Automaton","ascension_level":20}