{"gold_per_floor":[134,149,149,149,149,187,187,255,255,293,168,206,206,306,306,431,431,450,450,525,544,444,482,501,501,501,539,539,558,596,471,471,596,596,615,465,590,609,659,697,697,735,735,735,754,129,129,47,47,47],"floor_reached":51,"playtime":3945,"items_purged":["Quick Slash","Blade Dance","Pain","Doubt","Doubt"],"score":1133,"play_id":"ffacb3ec-c1a7-484b-8555-782e9f91b921","local_time":"20190207180824","daily_mods":["SealedDeck","Colorless Cards","Elite Swarm"],"is_ascension_mode":false,"campfire_choices":[{"data":"A Thousand Cuts","floor":7,"key":"SMITH"},{"floor":13,"key":"REST"},{"data":"Apotheosis","floor":15,"key":"SMITH"},{"floor":25,"key":"REST"},{"data":"Master of Strategy","floor":28,"key":"SMITH"},{"data":"Master of Strategy","floor":32,"key":"SMITH"},{"data":"Thinking Ahead","floor":41,"key":"SMITH"},{"data":"Concentrate","floor":44,"key":"SMITH"},{"data":"Flash of Steel","floor":47,"key":"SMITH"},{"data":"Jack Of All Trades","floor":49,"key":"SMITH"}],"neow_cost":"","seed_source_timestamp":0,"circlet_count":0,"master_deck":["Flying Knee","Quick Slash","Cloak And Dagger","Finesse","Finesse","Flash of Steel+1","Cloak And Dagger","Discovery+1","PiercingWail","A Thousand Cuts+1","Apotheosis+1","Thinking Ahead+1","Master of Strategy+1","PiercingWail","Prepared+1","Master of Strategy+1","Acrobatics+1","Panache+1","Concentrate+1","Injury","Purity+1","Jack Of All Trades+1"],"special_seed":17935,"relics":["Ring of the Snake","Strawberry","Golden Idol","Prayer Wheel","Tiny Chest","Happy Flower","Du-Vu Doll","Tingsha","Cursed Key","Mercury Hourglass","Frozen Egg 2","Darkstone Periapt","Blood Vial","Lantern","WristBlade","Gambling Chip","Bag of Preparation","Incense Burner","Torii","Thread and Needle","Ornamental Fan","Toolbox"],"potions_floor_usage":[10,10,12,23,33,33,50,50,50],"damage_taken":[{"damage":0,"enemies":"Small Slimes","floor":1,"turns":1},{"damage":0,"enemies":"2 Louse","floor":2,"turns":2},{"damage":4,"enemies":"Lagavulin","floor":6,"turns":6},{"damage":2,"enemies":"3 Sentries","floor":8,"turns":3},{"damage":0,"enemies":"Lagavulin","floor":10,"turns":4},{"damage":5,"enemies":"3 Sentries","floor":12,"turns":2},{"damage":0,"enemies":"Slime Boss","floor":16,"turns":4},{"damage":0,"enemies":"2 Thieves","floor":18,"turns":1},{"damage":0,"enemies":"Spheric Guardian","floor":21,"turns":2},{"damage":16,"enemies":"Slavers","floor":23,"turns":2},{"damage":2,"enemies":"Chosen and Byrds","floor":24,"turns":2},{"damage":2,"enemies":"Gremlin Leader","floor":27,"turns":3},{"damage":1,"enemies":"Shelled Parasite and Fungi","floor":29,"turns":2},{"damage":3,"enemies":"Slavers","floor":30,"turns":3},{"damage":0,"enemies":"Automaton","floor":33,"turns":3},{"damage":0,"enemies":"Orb Walker","floor":35,"turns":1},{"damage":0,"enemies":"Mind Bloom Boss Battle","floor":37,"turns":1},{"damage":0,"enemies":"3 Shapes","floor":38,"turns":1},{"damage":0,"enemies":"Giant Head","floor":40,"turns":2},{"damage":0,"enemies":"Nemesis","floor":42,"turns":1},{"damage":0,"enemies":"3 Darklings","floor":45,"turns":1},{"damage":0,"enemies":"Donu and Deca","floor":50,"turns":1}],"seed_played":"-7219234753305552814","potions_obtained":[{"floor":1,"key":"Fire Potion"},{"floor":6,"key":"LiquidBronze"},{"floor":8,"key":"SkillPotion"},{"floor":16,"key":"PowerPotion"},{"floor":27,"key":"Energy Potion"},{"floor":29,"key":"SteroidPotion"},{"floor":30,"key":"AttackPotion"},{"floor":35,"key":"LiquidBronze"},{"floor":42,"key":"Ancient Potion"}],"is_trial":false,"path_per_floor":["M","M","?","?","?","E","R","E","T","E","$","E","R","?","R","B",null,"M","T","?","M","$","E","M","R","T","E","R","M","E","$","R","B",null,"M","$","?","M","T","E","R","E","T","R","M","$","R","$","R","B",null],"character_chosen":"THE_SILENT","items_purchased":["PowerPotion","Ornamental Fan","Toolbox","Jack Of All Trades"],"campfire_rested":2,"item_purchase_floors":[11,46,46,48],"current_hp_per_floor":[70,70,74,55,55,51,51,49,49,49,49,44,67,67,67,67,77,77,77,70,70,70,54,52,75,75,73,73,74,73,73,73,75,77,77,77,77,77,83,83,83,83,89,89,89,89,89,89,89,89],"gold":47,"neow_bonus":"","is_prod":false,"is_daily":true,"chose_seed":false,"campfire_upgraded":8,"win_rate":0,"timestamp":1549591704,"path_taken":["M","M","?","?","?","E","R","E","T","E","$","E","R","?","R","BOSS","M","?","?","M","$","E","?","R","T","E","R","M","E","$","R","BOSS","M","$","?","M","?","E","R","E","T","R","M","$","R","?","R","BOSS"],"build_version":"2019-02-06","purchased_purges":5,"victory":true,"max_hp_per_floor":[70,70,77,77,77,77,77,77,77,77,77,77,77,77,77,77,77,77,77,77,77,77,77,77,77,77,77,77,77,77,77,77,77,77,77,77,77,77,83,83,83,83,89,89,89,89,89,89,89,89],"card_choices":[{"not_picked":["Bane","Dodge and Roll","Prepared"],"picked":"SKIP","floor":1},{"not_picked":["Acrobatics","Flying Knee"],"picked":"PiercingWail","floor":2},{"not_picked":["Mayhem","Malaise"],"picked":"A Thousand Cuts","floor":6},{"not_picked":["Venomology","Mayhem","Grand Finale"],"picked":"SKIP","floor":8},{"not_picked":["Apotheosis","Night Terror","Bullet Time"],"picked":"SKIP","floor":10},{"not_picked":["Night Terror","Bullet Time"],"picked":"Apotheosis","floor":10},{"not_picked":["Bullet Time","Doppelganger"],"picked":"Thinking Ahead","floor":12},{"not_picked":["Transmutation","The Bomb"],"picked":"Master of Strategy","floor":16},{"not_picked":["Blur+1","Deadly Poison"],"picked":"PiercingWail","floor":18},{"not_picked":["Deflect+1","Dagger Throw","Reflex"],"picked":"SKIP","floor":18},{"not_picked":["Backflip","Flying Knee","Poisoned Stab"],"picked":"SKIP","floor":21},{"not_picked":["Panacea","Sucker Punch+1","Deflect"],"picked":"SKIP","floor":21},{"not_picked":["Secret Technique","Storm of Steel","Transmutation"],"picked":"SKIP","floor":23},{"not_picked":["Blade Dance","Backflip"],"picked":"Prepared+1","floor":24},{"not_picked":["Crippling Poison","Slice","Deflect+1"],"picked":"SKIP","floor":24},{"not_picked":["Bullet Time","After Image+1"],"picked":"Master of Strategy","floor":27},{"not_picked":["Dagger Spray","Prepared"],"picked":"Acrobatics+1","floor":29},{"not_picked":["Slice+1","PiercingWail","Bane"],"picked":"SKIP","floor":29},{"not_picked":["Wraith Form v2+1","Unload","Secret Weapon"],"picked":"SKIP","floor":30},{"not_picked":["Night Terror","Thinking Ahead"],"picked":"Panache+1","floor":33},{"not_picked":["Acrobatics","Panacea+1"],"picked":"Concentrate","floor":35},{"not_picked":["Dagger Spray","Crippling Poison","Outmaneuver+1"],"picked":"SKIP","floor":35},{"not_picked":["Flying Knee+1","Dagger Spray","Deflect"],"picked":"SKIP","floor":38},{"not_picked":["Outmaneuver+1","All Out Attack","Acrobatics+1"],"picked":"SKIP","floor":38},{"not_picked":["Secret Weapon","Phantasmal Killer","Night Terror"],"picked":"SKIP","floor":40},{"not_picked":["Envenom+1","Malaise","Sadistic Nature+1"],"picked":"SKIP","floor":42},{"not_picked":["Dodge and Roll+1","Discovery+1"],"picked":"Purity+1","floor":45},{"not_picked":["Poisoned Stab","PiercingWail+1","Dodge and Roll"],"picked":"SKIP","floor":45}],"player_experience":627204,"relics_obtained":[{"floor":6,"key":"Prayer Wheel"},{"floor":8,"key":"Tiny Chest"},{"floor":9,"key":"Happy Flower"},{"floor":10,"key":"Du-Vu Doll"},{"floor":12,"key":"Tingsha"},{"floor":19,"key":"Mercury Hourglass"},{"floor":23,"key":"Frozen Egg 2"},{"floor":26,"key":"Darkstone Periapt"},{"floor":27,"key":"Blood Vial"},{"floor":30,"key":"Lantern"},{"floor":37,"key":"Gambling Chip"},{"floor":39,"key":"Bag of Preparation"},{"floor":40,"key":"Incense Burner"},{"floor":42,"key":"Torii"},{"floor":43,"key":"Thread and Needle"}],"event_choices":[{"damage_healed":0,"gold_gain":0,"player_choice":"Success","damage_taken":3,"relics_obtained":["Strawberry"],"max_hp_gain":0,"max_hp_loss":0,"event_name":"Scrap Ooze","floor":3,"gold_loss":0},{"damage_healed":0,"gold_gain":0,"player_choice":"Take Damage","damage_taken":19,"relics_obtained":["Golden Idol"],"max_hp_gain":0,"max_hp_loss":0,"event_name":"Golden Idol","floor":4,"gold_loss":0},{"damage_healed":0,"gold_gain":0,"player_choice":"Grow","damage_taken":0,"max_hp_gain":0,"max_hp_loss":0,"event_name":"Living Wall","floor":5,"gold_loss":0,"cards_upgraded":["Discovery"]},{"damage_healed":0,"gold_gain":100,"player_choice":"Pray","damage_taken":0,"max_hp_gain":0,"max_hp_loss":0,"event_name":"Golden Shrine","floor":14,"gold_loss":0},{"damage_healed":0,"gold_gain":75,"player_choice":"Touch","damage_taken":7,"max_hp_gain":0,"max_hp_loss":0,"event_name":"FaceTrader","floor":20,"gold_loss":0},{"damage_healed":0,"gold_gain":0,"player_choice":"Fight","damage_taken":0,"max_hp_gain":0,"max_hp_loss":0,"event_name":"MindBloom","floor":37,"gold_loss":0}],"is_beta":true,"boss_relics":[{"not_picked":["Empty Cage","Sozu"],"picked":"Cursed Key"},{"not_picked":["Eternal Feather","Astrolabe"],"picked":"WristBlade"}],"items_purged_floors":[11,22,31,36,46],"is_endless":false,"potions_floor_spawned":[1,6,8,16,27,29,30,35,42],"ascension_level":0}