{"path_per_floor":["M","M","?","?","$","R","M","E","T","E","R","M","?","M","R","B",null,"M","?","?","M","M","R","M","$","T","E","M","M","?","M","R"],"character_chosen":"IRONCLAD","items_purchased":["Blue Candle","Bottled Tornado"],"gold_per_floor":[114,129,129,129,54,54,69,99,149,179,179,194,194,209,209,309,309,324,324,574,589,604,604,619,19,19,49,64,79,79,94,94,94],"floor_reached":33,"campfire_rested":2,"playtime":1759,"current_hp_per_floor":[80,80,64,64,64,64,69,63,63,71,71,77,77,75,75,59,80,70,70,70,53,49,73,72,72,72,60,52,54,54,42,66,0],"items_purged":["Defend_R","Strike_R"],"gold":94,"score":304,"play_id":"47a0e51a-993b-4252-8279-6ad320d37afc","local_time":"20180411185934","daily_mods":["Allstar","Lethality","Binary"],"is_prod":false,"is_daily":true,"chose_seed":false,"is_ascension_mode":false,"campfire_upgraded":3,"timestamp":1523498374,"path_taken":["M","M","?","?","$","R","M","E","T","E","R","M","?","M","R","BOSS","M","?","?","M","M","R","M","$","T","E","M","M","?","?","R","BOSS"],"build_version":"2018-04-10","seed_source_timestamp":0,"purchased_purges":2,"victory":false,"master_deck":["Strike_R","Strike_R","Strike_R","Defend_R+1","Defend_R","Defend_R","Bash","Jack Of All Trades","Madness+1","Secret Weapon","Secret Technique","Apotheosis+1","Body Slam+1","Infernal Blade","Inflame+1","Rampage","Iron Wave","Metallicize+1","Body Slam","Regret","Iron Wave","Thunderclap","Twin Strike+1","Disarm","Shrug It Off+1"],"max_hp_per_floor":[80,80,80,80,80,80,80,80,80,80,80,80,80,80,80,80,80,80,80,80,80,80,80,80,80,80,80,80,80,80,80,80,80],"relics":["Burning Blood","Ginger","Blood Vial","Du-Vu Doll","Velvet Choker","Blue Candle","Bottled Tornado","Bottled Flame","Mummified Hand"],"card_choices":[{"not_picked":["Flame Barrier"],"picked":"Body Slam","floor":1},{"not_picked":["Clash"],"picked":"Infernal Blade","floor":2},{"not_picked":["Cleave"],"picked":"Inflame","floor":7},{"not_picked":["Sever Soul"],"picked":"Rampage","floor":8},{"not_picked":["Flex"],"picked":"Iron Wave","floor":10},{"not_picked":["Whirlwind"],"picked":"Metallicize","floor":12},{"not_picked":["Pommel Strike"],"picked":"Body Slam","floor":14},{"not_picked":["Entrench"],"picked":"Iron Wave","floor":21},{"not_picked":["Searing Blow"],"picked":"Thunderclap","floor":22},{"not_picked":["Clash"],"picked":"Twin Strike","floor":24},{"not_picked":["Brutality"],"picked":"Disarm","floor":27},{"not_picked":["Havoc"],"picked":"Shrug It Off","floor":28}],"player_experience":433824,"potions_floor_usage":[10,16,16,24,27],"damage_taken":[{"damage":0,"enemies":"Cultist","floor":1,"turns":3},{"damage":0,"enemies":"Small Slimes","floor":2,"turns":1},{"damage":1,"enemies":"Jaw Worm","floor":7,"turns":2},{"damage":12,"enemies":"Lagavulin","floor":8,"turns":5},{"damage":0,"enemies":"Gremlin Nob","floor":10,"turns":2},{"damage":2,"enemies":"Blue Slaver","floor":12,"turns":2},{"damage":10,"enemies":"3 Louse","floor":14,"turns":2},{"damage":24,"enemies":"The Guardian","floor":16,"turns":5},{"damage":16,"enemies":"Shell Parasite","floor":18,"turns":3},{"damage":25,"enemies":"Spheric Guardian","floor":21,"turns":4},{"damage":16,"enemies":"3 Cultists","floor":22,"turns":5},{"damage":9,"enemies":"Snecko","floor":24,"turns":3},{"damage":20,"enemies":"Book of Stabbing","floor":27,"turns":3},{"damage":16,"enemies":"Centurion and Healer","floor":28,"turns":3},{"damage":6,"enemies":"Cultist and Chosen","floor":29,"turns":3},{"damage":20,"enemies":"Snake Plant","floor":31,"turns":2},{"damage":68,"enemies":"Collector","floor":33,"turns":6}],"event_choices":[{"event_name":"Shining Light","player_choice":"Entered Light","floor":3,"damage_taken":0},{"event_name":"Living Wall","player_choice":"Forget","floor":4,"damage_taken":0},{"event_name":"The Lab","player_choice":"Got Potions","floor":13,"damage_taken":0},{"event_name":"Upgrade Shrine","player_choice":"Upgraded","floor":19,"damage_taken":0},{"event_name":"Golden Shrine","player_choice":"Desecrate","floor":20,"damage_taken":0},{"event_name":"N\u0027loth","player_choice":"Ignored","floor":30,"damage_taken":0}],"boss_relics":[{"not_picked":["Astrolabe","Mark of Pain"],"picked":"Velvet Choker"}],"potions_floor_spawned":[2,12,14,18,22,24],"seed_played":"8507077734950112790","killed_by":"Collector","ascension_level":0,"is_trial":false}