{"gold_per_floor":[113,63,63,77,77,77,117,137,217,258,120,140,154,185,185,263,263,274,189,189,199,47,79,79,120,144,157,157],"floor_reached":28,"playtime":1702,"items_purged":["Strike_G"],"score":512,"play_id":"711e95af-4614-49a7-a21c-3d7021ad8ec4","local_time":"20190922194836","is_ascension_mode":true,"campfire_choices":[{"data":"Neutralize","floor":6,"key":"SMITH"},{"data":"Crippling Poison","floor":15,"key":"SMITH"},{"data":"Well Laid Plans","floor":24,"key":"SMITH"}],"neow_cost":"NONE","seed_source_timestamp":79454718398100,"circlet_count":0,"master_deck":["AscendersBane","Strike_G","Strike_G","Strike_G","Defend_G","Defend_G","Defend_G","Defend_G","Survivor","Neutralize+1","Deadly Poison","Poisoned Stab","Unload","Dagger Spray","Backstab","Well Laid Plans+1","Crippling Poison+1","Adrenaline","Acrobatics"],"relics":["Ring of the Snake","NeowsBlessing","CeramicFish","Ninja Scroll","Pantograph","Vajra","Sozu","StoneCalendar","Lantern","Ice Cream","Bottled Tornado","Anchor"],"potions_floor_usage":[16,25],"damage_taken":[{"damage":0,"enemies":"Jaw Worm","floor":1,"turns":1},{"damage":0,"enemies":"2 Louse","floor":4,"turns":1},{"damage":0,"enemies":"3 Sentries","floor":7,"turns":1},{"damage":1,"enemies":"Cultist","floor":8,"turns":3},{"damage":7,"enemies":"Lagavulin","floor":10,"turns":5},{"damage":0,"enemies":"Large Slime","floor":12,"turns":4},{"damage":4,"enemies":"Exordium Thugs","floor":13,"turns":4},{"damage":15,"enemies":"Gremlin Nob","floor":14,"turns":4},{"damage":15,"enemies":"Hexaghost","floor":16,"turns":7},{"damage":7,"enemies":"Shell Parasite","floor":18,"turns":4},{"damage":0,"enemies":"3 Byrds","floor":21,"turns":4},{"damage":13,"enemies":"Gremlin Leader","floor":23,"turns":6},{"damage":35,"enemies":"Book of Stabbing","floor":25,"turns":5},{"damage":0,"enemies":"Centurion and Healer","floor":27,"turns":4},{"damage":6,"enemies":"Snake Plant","floor":28,"turns":2}],"seed_played":"4819010294133786477","potions_obtained":[{"floor":8,"key":"GamblersBrew"},{"floor":10,"key":"SteroidPotion"},{"floor":13,"key":"Strength Potion"}],"is_trial":false,"path_per_floor":["M","?","?","M","?","R","E","M","T","E","$","M","M","E","R","B",null,"M","?","?","M","$","E","R","E","T","M","M"],"character_chosen":"THE_SILENT","items_purchased":["Well Laid Plans","Lantern"],"campfire_rested":0,"item_purchase_floors":[11,22],"current_hp_per_floor":[59,59,59,59,59,59,59,58,58,51,51,51,47,32,32,42,60,53,53,53,53,53,40,40,5,5,5,0],"gold":157,"neow_bonus":"THREE_ENEMY_KILL","is_prod":false,"is_daily":false,"chose_seed":false,"campfire_upgraded":3,"win_rate":0,"timestamp":1569149316,"path_taken":["M","?","?","?","?","R","E","M","T","E","?","M","M","E","R","BOSS","M","?","?","M","$","E","R","E","T","?","M"],"build_version":"2019-09-20","purchased_purges":1,"victory":false,"max_hp_per_floor":[66,66,66,66,66,66,66,66,66,66,66,66,66,66,66,66,66,66,66,66,66,66,66,66,66,66,66,66],"card_choices":[{"not_picked":["Poisoned Stab","Underhanded Strike"],"picked":"Deadly Poison","floor":1},{"not_picked":["Deadly Poison","Dagger Throw"],"picked":"Poisoned Stab","floor":4},{"not_picked":["Endless Agony","Flechettes"],"picked":"Dagger Spray","floor":7},{"not_picked":["Calculated Gamble","Unload","Blade Dance"],"picked":"SKIP","floor":8},{"not_picked":["Unload","Underhanded Strike"],"picked":"Backstab","floor":10},{"not_picked":["Poisoned Stab","All Out Attack"],"picked":"Crippling Poison","floor":12},{"not_picked":["Quick Slash","Reflex","Acrobatics"],"picked":"SKIP","floor":13},{"not_picked":["Quick Slash","Reflex","Acrobatics"],"picked":"SKIP","floor":13},{"not_picked":["Slice","Dodge and Roll","Quick Slash"],"picked":"SKIP","floor":14},{"not_picked":["Dash","Bane","Deflect"],"picked":"SKIP","floor":18},{"not_picked":["Cloak And Dagger","Dagger Spray+1","Dagger Throw"],"picked":"SKIP","floor":21},{"not_picked":["Dagger Throw+1","Leg Sweep"],"picked":"Adrenaline","floor":23},{"not_picked":["Distraction","Bouncing Flask"],"picked":"Acrobatics","floor":25},{"not_picked":["Deadly Poison","Outmaneuver","Predator"],"picked":"SKIP","floor":27}],"player_experience":828930,"relics_obtained":[{"floor":7,"key":"CeramicFish"},{"floor":9,"key":"Ninja Scroll"},{"floor":10,"key":"Pantograph"},{"floor":14,"key":"Vajra"},{"floor":23,"key":"Ice Cream"},{"floor":25,"key":"Bottled Tornado"},{"floor":26,"key":"Anchor"}],"event_choices":[{"cards_removed":["Strike_G"],"damage_healed":0,"gold_gain":0,"player_choice":"Card Removal","damage_taken":0,"max_hp_gain":0,"max_hp_loss":0,"event_name":"The Cleric","floor":2,"gold_loss":50},{"cards_removed":["Defend_G"],"damage_healed":0,"gold_gain":0,"player_choice":"Offered Basic","damage_taken":0,"max_hp_gain":0,"max_hp_loss":0,"event_name":"Bonfire Elementals","floor":3,"gold_loss":0},{"damage_healed":0,"gold_gain":0,"player_choice":"1 cards matched","damage_taken":0,"max_hp_gain":0,"max_hp_loss":0,"event_name":"Match and Keep!","floor":5,"gold_loss":0,"cards_obtained":["Unload"]},{"damage_healed":0,"gold_gain":0,"player_choice":"Obtained Relic","damage_taken":0,"relics_obtained":["StoneCalendar"],"max_hp_gain":0,"max_hp_loss":0,"event_name":"Addict","floor":19,"gold_loss":85},{"damage_healed":0,"gold_gain":0,"player_choice":"Ignored","damage_taken":0,"max_hp_gain":0,"max_hp_loss":0,"event_name":"N\u0027loth","floor":20,"gold_loss":0}],"is_beta":true,"boss_relics":[{"not_picked":["SlaversCollar","Ring of the Serpent"],"picked":"Sozu"}],"items_purged_floors":[11],"is_endless":false,"potions_floor_spawned":[8,10,12,13,21,25],"killed_by":"Snake Plant","ascension_level":14}