{"gold_per_floor":[117,61,5,15,15,47,62,62,62,96,21,37,37,50,50,122,122,142,52,68,101,120,120,120,145,145,164,177,1,1,28,28,28],"floor_reached":33,"playtime":2217,"items_purged":["Strike_R","Shame"],"score":633,"play_id":"56fedeb5-a970-42dd-b995-6d12e95047b8","local_time":"20190902062158","is_ascension_mode":true,"campfire_choices":[{"data":"Bash","floor":13,"key":"SMITH"},{"data":"True Grit","floor":15,"key":"SMITH"},{"data":"Disarm","floor":23,"key":"SMITH"},{"data":"Shockwave","floor":30,"key":"SMITH"},{"floor":32,"key":"REST"}],"neow_cost":"NONE","seed_source_timestamp":313979007413600,"circlet_count":0,"master_deck":["AscendersBane","Strike_R","Strike_R","Strike_R","Defend_R+1","Defend_R","Defend_R","Defend_R","Bash+1","Twin Strike","True Grit+1","Immolate+1","Battle Trance","Sword Boomerang","Disarm+1","Brutality","Ghostly Armor+1","Feed","Clothesline","Second Wind+1","Rampage","Shockwave+1"],"relics":["Burning Blood","NeowsBlessing","Sundial","Pen Nib","Ginger","Anchor","Cursed Key","Red Mask","War Paint","Mango","Lantern"],"potions_floor_usage":[16,31,33],"damage_taken":[{"damage":0,"enemies":"Jaw Worm","floor":1,"turns":1},{"damage":0,"enemies":"Cultist","floor":4,"turns":1},{"damage":0,"enemies":"Gremlin Nob","floor":6,"turns":1},{"damage":1,"enemies":"Small Slimes","floor":7,"turns":5},{"damage":3,"enemies":"Lagavulin","floor":10,"turns":4},{"damage":2,"enemies":"3 Louse","floor":12,"turns":3},{"damage":1,"enemies":"Looter","floor":14,"turns":3},{"damage":54,"enemies":"Slime Boss","floor":16,"turns":8},{"damage":19,"enemies":"Shell Parasite","floor":18,"turns":6},{"damage":4,"enemies":"3 Byrds","floor":20,"turns":6},{"damage":8,"enemies":"Masked Bandits","floor":21,"turns":3},{"damage":20,"enemies":"3 Cultists","floor":22,"turns":6},{"damage":21,"enemies":"Slavers","floor":25,"turns":5},{"damage":0,"enemies":"Snecko","floor":27,"turns":4},{"damage":27,"enemies":"Centurion and Healer","floor":28,"turns":7},{"damage":23,"enemies":"Book of Stabbing","floor":31,"turns":6},{"damage":60,"enemies":"Collector","floor":33,"turns":7}],"seed_played":"-9160755457939398331","potions_obtained":[{"floor":4,"key":"EssenceOfSteel"},{"floor":7,"key":"Explosive Potion"},{"floor":16,"key":"LiquidBronze"}],"is_trial":false,"path_per_floor":["M","?","$","M","?","E","M","?","T","E","$","M","R","M","R","B",null,"M","$","M","?","M","R","?","E","T","M","M","$","R","E","R","B"],"character_chosen":"IRONCLAD","items_purchased":["Fire Potion","Feed","Shockwave"],"campfire_rested":1,"item_purchase_floors":[3,19,29],"current_hp_per_floor":[74,74,74,75,75,75,75,75,75,75,75,75,75,75,75,27,63,50,50,55,53,39,39,39,27,41,50,32,32,32,18,49,0],"gold":28,"neow_bonus":"THREE_ENEMY_KILL","is_prod":false,"is_daily":false,"chose_seed":false,"campfire_upgraded":4,"win_rate":0,"timestamp":1567372918,"path_taken":["M","?","?","?","?","E","M","?","T","E","$","M","R","M","R","BOSS","M","$","M","?","M","R","?","E","T","?","M","?","R","E","R","BOSS"],"build_version":"2019-07-17","purchased_purges":2,"victory":false,"max_hp_per_floor":[75,75,75,75,75,75,75,75,75,75,75,75,75,75,75,75,75,75,75,78,78,78,78,78,81,95,98,101,101,101,104,104,104],"card_choices":[{"not_picked":["Havoc","Wild Strike"],"picked":"Twin Strike","floor":1},{"not_picked":["Power Through","Warcry"],"picked":"True Grit","floor":4},{"not_picked":["Corruption","Pommel Strike"],"picked":"Immolate","floor":6},{"not_picked":["Rampage","True Grit"],"picked":"Battle Trance","floor":7},{"not_picked":["Pommel Strike","Intimidate"],"picked":"Sword Boomerang","floor":10},{"not_picked":["Headbutt","Corruption"],"picked":"Disarm","floor":12},{"not_picked":["Pommel Strike","Thunderclap","Wild Strike"],"picked":"SKIP","floor":14},{"not_picked":["Limit Break","Dark Embrace"],"picked":"Brutality","floor":16},{"not_picked":["Warcry","Rage"],"picked":"Ghostly Armor","floor":18},{"not_picked":["True Grit","Anger","Thunderclap+1"],"picked":"SKIP","floor":20},{"not_picked":["Iron Wave","Whirlwind+1"],"picked":"Clothesline","floor":22},{"not_picked":["Intimidate","Havoc"],"picked":"Second Wind+1","floor":25},{"not_picked":["Wild Strike","Thunderclap","Sword Boomerang"],"picked":"SKIP","floor":27},{"not_picked":["Armaments","Power Through"],"picked":"Rampage","floor":28},{"not_picked":["Dark Embrace","Anger","Armaments"],"picked":"SKIP","floor":31}],"player_experience":556399,"relics_obtained":[{"floor":6,"key":"Pen Nib"},{"floor":9,"key":"Ginger"},{"floor":10,"key":"Anchor"},{"floor":21,"key":"Red Mask"},{"floor":25,"key":"War Paint"},{"floor":26,"key":"Mango"},{"floor":31,"key":"Lantern"}],"event_choices":[{"damage_healed":0,"gold_gain":0,"player_choice":"Paid Gold","damage_taken":0,"relics_obtained":["Sundial"],"max_hp_gain":0,"max_hp_loss":0,"event_name":"WeMeetAgain","floor":2,"gold_loss":56},{"damage_healed":0,"gold_gain":0,"player_choice":"Ignored","damage_taken":0,"max_hp_gain":0,"max_hp_loss":0,"event_name":"Liars Game","floor":5,"gold_loss":0},{"damage_healed":0,"gold_gain":0,"player_choice":"Grow","damage_taken":0,"max_hp_gain":0,"max_hp_loss":0,"event_name":"Living Wall","floor":8,"gold_loss":0,"cards_upgraded":["Immolate"]},{"damage_healed":0,"gold_gain":0,"player_choice":"Fought Bandits","damage_taken":0,"max_hp_gain":0,"max_hp_loss":0,"event_name":"Masked Bandits","floor":21,"gold_loss":0},{"cards_removed":["Strike_R"],"damage_healed":0,"gold_gain":0,"player_choice":"Card Removal","damage_taken":0,"max_hp_gain":0,"max_hp_loss":0,"event_name":"Wheel of Change","floor":24,"gold_loss":0}],"is_beta":false,"boss_relics":[{"not_picked":["Tiny House","Runic Cube"],"picked":"Cursed Key"}],"items_purged_floors":[11,29],"is_endless":false,"potions_floor_spawned":[4,7,16,20,22,25],"killed_by":"Collector","ascension_level":18}