{"path_per_floor":["M","?","$","M","?","R","M","E","T","M","?","M","$","?","R","B",null,"M","M","M","?","?","R","M","R","T","M","$","M","M","M","R","B",null,"M","?","?","M","$","R","M","R","T","M","R","?","M","$","R","B"],"character_chosen":"THE_SILENT","items_purchased":["Vajra","Tough Bandages","Blur","Noxious Fumes","Panache"],"gold_per_floor":[114,114,114,129,129,129,144,174,174,189,169,184,109,284,284,384,384,699,714,729,729,729,729,744,744,744,759,190,205,220,235,235,335,335,350,350,350,365,171,171,186,186,186,201,201,201,216,9,9,9],"floor_reached":51,"campfire_rested":0,"playtime":3290,"current_hp_per_floor":[70,70,70,70,56,56,56,50,50,52,52,61,61,67,67,66,93,92,92,90,90,74,74,75,75,81,77,77,78,79,80,80,69,99,98,98,98,98,98,98,99,99,105,105,105,95,96,96,96,92],"items_purged":["Sucker Punch","Regret","Doubt"],"gold":9,"score":726,"play_id":"37a39eb0-d8b2-4aba-bd11-5896c1f720c3","local_time":"20180417214346","daily_mods":["Draft","Night Terrors","Vintage"],"is_prod":false,"is_daily":true,"chose_seed":false,"is_ascension_mode":false,"campfire_upgraded":9,"timestamp":1524026626,"path_taken":["M","?","$","?","?","R","M","E","T","M","?","?","?","?","R","BOSS","M","?","?","?","?","R","M","R","T","M","$","M","M","M","R","BOSS","M","?","?","M","$","R","M","R","T","M","R","?","M","$","R","BOSS"],"build_version":"2018-04-16","seed_source_timestamp":0,"purchased_purges":4,"victory":true,"master_deck":["Sucker Punch+1","Cloak And Dagger+1","Dodge and Roll+1","Flying Knee","Dagger Spray","Outmaneuver+1","Slice+1","Leg Sweep","Quick Slash","Sucker Punch+1","Dodge and Roll","Infinite Blades+1","Backflip+1","Accuracy+1","After Image+1","Blur+1","Noxious Fumes+1","Clumsy","Good Instincts","Transmutation+1","Swift Strike+1","Panache+1"],"max_hp_per_floor":[70,70,70,70,70,70,70,70,70,70,70,77,77,83,83,93,93,93,93,93,93,93,93,93,93,99,99,99,99,99,99,99,99,99,99,99,99,99,99,99,99,99,105,105,105,105,105,105,105,105],"relics":["Ring of the Snake","Ninja Scroll","Blue Candle","Blood Vial","Regal Pillow","Letter Opener","Darkstone Periapt","Strawberry","Pear","Cursed Key","Old Coin","Snake Skull","Gambling Chip","Nilry\u0027s Codex","Calipers","Meat on the Bone","Bag of Preparation","Vajra","Tough Bandages","Paper Crane","Molten Egg 2","Oddly Smooth Stone","Orichalcum","Sozu","Unceasing Top","War Paint","Matryoshka","Art of War","Frozen Egg 2","Singing Bowl","Toxic Egg 2"],"card_choices":[{"not_picked":["Outmaneuver","Calculated Gamble"],"picked":"Sucker Punch","floor":0},{"not_picked":["Backflip","Dodge and Roll"],"picked":"Cloak And Dagger","floor":0},{"not_picked":["Reflex","Finisher"],"picked":"Dodge and Roll","floor":0},{"not_picked":["Acrobatics","Leg Sweep"],"picked":"Flying Knee","floor":0},{"not_picked":["Choke","Prepared"],"picked":"Sucker Punch","floor":0},{"not_picked":["Sucker Punch","Underhanded Strike"],"picked":"Dagger Spray","floor":0},{"not_picked":["Underhanded Strike","Poisoned Stab"],"picked":"Outmaneuver","floor":0},{"not_picked":["Bane","Blade Dance"],"picked":"Slice","floor":0},{"not_picked":["Riddle With Holes","Masterful Stab"],"picked":"Sucker Punch","floor":0},{"not_picked":["Bane","Distraction"],"picked":"Leg Sweep","floor":0},{"not_picked":["Deadly Poison","Slice"],"picked":"Quick Slash","floor":0},{"not_picked":["Deadly Poison","Dagger Throw"],"picked":"Sucker Punch","floor":0},{"not_picked":["Endless Agony","Outmaneuver"],"picked":"Dodge and Roll","floor":0},{"not_picked":["Prepared","Riddle With Holes"],"picked":"Infinite Blades","floor":0},{"not_picked":["Quick Slash","Outmaneuver"],"picked":"Backflip","floor":0},{"not_picked":["Wraith Form v2","Underhanded Strike"],"picked":"Accuracy","floor":8},{"not_picked":["Tactician","Storm of Steel"],"picked":"After Image","floor":16},{"not_picked":["Storm of Steel","Tools of the Trade"],"picked":"Envenom","floor":33},{"not_picked":["Transmutation","Flash of Steel"],"picked":"Good Instincts","floor":46},{"not_picked":["Jack Of All Trades","Dramatic Entrance"],"picked":"Transmutation","floor":46},{"not_picked":["Flash of Steel","Dark Shackles"],"picked":"Swift Strike","floor":46}],"player_experience":447710,"potions_floor_usage":[12,16,20,27,33,44,50],"damage_taken":[{"damage":0,"enemies":"Jaw Worm","floor":1,"turns":3},{"damage":0,"enemies":"2 Louse","floor":4,"turns":2},{"damage":0,"enemies":"Cultist","floor":7,"turns":2},{"damage":8,"enemies":"Gremlin Nob","floor":8,"turns":3},{"damage":0,"enemies":"Large Slime","floor":10,"turns":4},{"damage":0,"enemies":"3 Louse","floor":12,"turns":1},{"damage":13,"enemies":"Hexaghost","floor":16,"turns":7},{"damage":1,"enemies":"Shell Parasite","floor":18,"turns":4},{"damage":1,"enemies":"Chosen","floor":19,"turns":3},{"damage":3,"enemies":"3 Cultists","floor":20,"turns":4},{"damage":1,"enemies":"Sentry and Sphere","floor":24,"turns":3},{"damage":15,"enemies":"Slaver and Parasite","floor":27,"turns":5},{"damage":1,"enemies":"Cultist and Chosen","floor":29,"turns":6},{"damage":1,"enemies":"Chosen and Byrds","floor":30,"turns":4},{"damage":1,"enemies":"Slaver and Parasite","floor":31,"turns":5},{"damage":13,"enemies":"Automaton","floor":33,"turns":8},{"damage":1,"enemies":"Orb Walker","floor":35,"turns":3},{"damage":1,"enemies":"3 Shapes","floor":38,"turns":3},{"damage":0,"enemies":"Sphere and 2 Shapes","floor":41,"turns":5},{"damage":0,"enemies":"Spire Growth","floor":44,"turns":4},{"damage":1,"enemies":"Flame Bruiser 2 Orb","floor":47,"turns":4},{"damage":6,"enemies":"Awakened One","floor":50,"turns":8}],"event_choices":[{"event_name":"Living Wall","player_choice":"Forget","floor":2,"damage_taken":0},{"event_name":"Shining Light","player_choice":"Entered Light","floor":5,"damage_taken":0},{"event_name":"The Woman in Blue","player_choice":"Bought 1 Potion","floor":11,"damage_taken":0},{"event_name":"Liars Game","player_choice":"agreed","floor":14,"damage_taken":0},{"event_name":"Vampires","player_choice":"Ignored","floor":21,"damage_taken":0},{"event_name":"Cursed Tome","player_choice":"Obtained Book","floor":22,"damage_taken":0},{"event_name":"Tomb of Lord Red Mask","player_choice":"Ignored","floor":37,"damage_taken":0},{"event_name":"SensoryStone","player_choice":"Memory 3","floor":46,"damage_taken":0}],"boss_relics":[{"not_picked":["Runic Dome","White Beast Statue"],"picked":"Cursed Key"},{"not_picked":["Snecko Eye","Black Star"],"picked":"Sozu"}],"potions_floor_spawned":[1,8,24,30,31,33,44],"seed_played":"-4643760058957999775","ascension_level":0,"is_trial":false}