{"gold_per_floor":[118,138,104,120,90,125,135,120],"floor_reached":8,"playtime":323,"items_purged":[],"score":58,"play_id":"d3976505-2ece-4183-b8da-bc83e09e8cbf","local_time":"20190314183418","is_ascension_mode":false,"campfire_choices":[],"neow_cost":"NONE","seed_source_timestamp":23227187142718,"circlet_count":0,"master_deck":["Defend_G","Defend_G","Defend_G","Defend_G","Defend_G","Strike_G","Strike_G","Strike_G","Strike_G","Strike_G","Survivor","Neutralize","Finisher","Distraction","PiercingWail","Bouncing Flask","Malaise","Poisoned Stab"],"relics":["Ring of the Snake","NeowsBlessing","Bottled Flame"],"potions_floor_usage":[6],"damage_taken":[{"damage":0,"enemies":"Small Slimes","floor":1,"turns":1},{"damage":0,"enemies":"Cultist","floor":2,"turns":1},{"damage":0,"enemies":"2 Louse","floor":4,"turns":1},{"damage":0,"enemies":"Looter","floor":5,"turns":4},{"damage":23,"enemies":"Gremlin Nob","floor":6,"turns":4},{"damage":18,"enemies":"Red Slaver","floor":7,"turns":5},{"damage":2,"enemies":"Exordium Thugs","floor":8,"turns":2}],"seed_played":"7664925570883408380","potions_obtained":[{"floor":2,"key":"Swift Potion"},{"floor":4,"key":"SteroidPotion"},{"floor":6,"key":"SpeedPotion"}],"is_trial":false,"path_per_floor":["M","M","?","M","M","E","M","M"],"character_chosen":"THE_SILENT","items_purchased":[],"campfire_rested":0,"item_purchase_floors":[],"current_hp_per_floor":[70,70,70,70,70,47,29,27],"gold":120,"neow_bonus":"THREE_ENEMY_KILL","is_prod":false,"is_daily":false,"chose_seed":false,"campfire_upgraded":0,"win_rate":0,"timestamp":1552602858,"path_taken":["M","M","?","M","M","E","M","M"],"build_version":"2019-01-23","purchased_purges":0,"victory":false,"max_hp_per_floor":[70,70,70,70,70,70,70,70],"card_choices":[{"not_picked":["Cloak And Dagger","Slice"],"picked":"Finisher","floor":1},{"not_picked":["Cloak And Dagger","Deflect"],"picked":"Distraction","floor":2},{"not_picked":["Dodge and Roll","Dagger Throw"],"picked":"PiercingWail","floor":4},{"not_picked":["Dagger Throw","Bane"],"picked":"Bouncing Flask","floor":5},{"not_picked":["Outmaneuver","Riddle With Holes"],"picked":"Malaise","floor":6},{"not_picked":["Sucker Punch","Cloak And Dagger"],"picked":"Poisoned Stab","floor":7}],"player_experience":56958,"relics_obtained":[{"floor":6,"key":"Bottled Flame"}],"event_choices":[{"damage_healed":0,"gold_gain":0,"player_choice":"Left Gold","damage_taken":0,"max_hp_gain":0,"max_hp_loss":0,"event_name":"World of Goop","floor":3,"gold_loss":34}],"is_beta":false,"boss_relics":[],"items_purged_floors":[],"is_endless":false,"potions_floor_spawned":[2,4,6],"killed_by":"Exordium Thugs","ascension_level":0}