{"gold_per_floor":[113,113,113,126,138,138,153,179,179,179],"floor_reached":10,"playtime":315,"items_purged":[],"score":136,"play_id":"916ce410-81b0-44ff-8bca-1cc6bac81d93","local_time":"20190822142627","is_ascension_mode":true,"campfire_choices":[{"data":"Strike_G","floor":6,"key":"PURGE"}],"neow_cost":"TEN_PERCENT_HP_LOSS","seed_source_timestamp":1908698584751478,"circlet_count":0,"master_deck":["AscendersBane","Strike_G","Strike_G","Strike_G","Strike_G","Defend_G","Defend_G","Defend_G","Defend_G","Survivor","Neutralize","Poisoned Stab","Quick Slash","Dagger Throw"],"relics":["Ring of the Snake","Peace Pipe","Girya","The Specimen"],"potions_floor_usage":[8],"damage_taken":[{"damage":1,"enemies":"Small Slimes","floor":1,"turns":4},{"damage":1,"enemies":"Jaw Worm","floor":4,"turns":4},{"damage":0,"enemies":"2 Louse","floor":5,"turns":2},{"damage":5,"enemies":"Large Slime","floor":7,"turns":6},{"damage":26,"enemies":"Gremlin Nob","floor":8,"turns":4},{"damage":28,"enemies":"Lagavulin","floor":10,"turns":6}],"seed_played":"-873424933960221229","potions_obtained":[{"floor":5,"key":"Swift Potion"}],"is_trial":false,"path_per_floor":["M","?","?","M","M","R","M","E","T","E"],"character_chosen":"THE_SILENT","items_purchased":[],"campfire_rested":0,"item_purchase_floors":[],"current_hp_per_floor":[58,58,58,57,57,57,52,26,26,0],"gold":179,"neow_bonus":"ONE_RARE_RELIC","is_prod":false,"is_daily":false,"chose_seed":false,"campfire_upgraded":0,"win_rate":0,"timestamp":1566462387,"path_taken":["M","?","?","M","M","R","M","E","T","E"],"build_version":"2019-07-17","purchased_purges":0,"victory":false,"max_hp_per_floor":[60,60,60,60,60,60,60,60,60,60],"card_choices":[{"not_picked":["Acrobatics","Sucker Punch"],"picked":"Poisoned Stab","floor":1},{"not_picked":["Blade Dance","Heel Hook","Tactician"],"picked":"SKIP","floor":4},{"not_picked":["Deflect","Prepared"],"picked":"Quick Slash","floor":5},{"not_picked":["Blade Dance","Infinite Blades"],"picked":"Dagger Throw","floor":7},{"not_picked":["Deflect","PiercingWail","Dagger Throw"],"picked":"SKIP","floor":8}],"player_experience":1668662,"relics_obtained":[{"floor":8,"key":"Girya"},{"floor":9,"key":"The Specimen"}],"event_choices":[{"damage_healed":0,"gold_gain":0,"player_choice":"Ignored","damage_taken":0,"max_hp_gain":0,"max_hp_loss":0,"event_name":"Liars Game","floor":2,"gold_loss":0},{"cards_removed":["Defend_G"],"damage_healed":0,"gold_gain":0,"player_choice":"Forget","damage_taken":0,"max_hp_gain":0,"max_hp_loss":0,"event_name":"Living Wall","floor":3,"gold_loss":0}],"is_beta":false,"boss_relics":[],"items_purged_floors":[],"is_endless":false,"potions_floor_spawned":[5],"killed_by":"Lagavulin","ascension_level":20}