{"gold_per_floor":[20,32,52,62,12,40,40,40,118,149,149,149,182,193,193,297,297,312,325,325,325,199,532,532,160,160,193,208,208,239,255,255,355,355,366,366,381,381,29,29,60,60,60,23,33,66,84,84,84,84],"floor_reached":51,"playtime":6025,"items_purged":["Defend_P","Defend_P","Pain"],"score":1029,"play_id":"d8c5e775-3772-4572-9e44-96526f175083","local_time":"20190920164435","is_ascension_mode":true,"campfire_choices":[{"data":"Eruption","floor":8,"key":"SMITH"},{"data":"Pray","floor":11,"key":"SMITH"},{"floor":15,"key":"REST"},{"data":"Devotion","floor":24,"key":"SMITH"},{"data":"Wish","floor":29,"key":"SMITH"},{"data":"Madness","floor":32,"key":"SMITH"},{"floor":40,"key":"REST"},{"data":"ReachHeaven","floor":42,"key":"SMITH"},{"data":"Magnetism","floor":49,"key":"SMITH"}],"neow_cost":"NO_GOLD","seed_source_timestamp":5450605576500,"circlet_count":0,"master_deck":["Strike_P","Strike_P","Strike_P","Defend_P","Defend_P","Eruption+1","Vigilance+1","FearNoEvil","DeceiveReality","ClearTheMind","ForeignInfluence+1","Pray+1","Prostrate","DeusExMachina","Consecrate","Devotion+1","Necronomicurse","EmptyBody","ClearTheMind","Magnetism+1","Madness+1","Wish+1","FearNoEvil","Protect+1","Pray","Protect+1","Prostrate","ReachHeaven+1","Crescendo","TalkToTheHand","ForeignInfluence"],"relics":["PureWater","Dead Branch","Ice Cream","White Beast Statue","Melange","Oddly Smooth Stone","Sozu","Necronomicon","Old Coin","FossilizedHelix","Letter Opener","Pear","Black Star","WarpedTongs","Membership Card","Bag of Preparation","MealTicket","Bottled Flame","Ornamental Fan","Akabeko","TungstenRod"],"potions_floor_usage":[6,13,16,30,50,50],"damage_taken":[{"damage":0,"enemies":"Cultist","floor":1,"turns":3},{"damage":0,"enemies":"2 Louse","floor":2,"turns":2},{"damage":0,"enemies":"Jaw Worm","floor":3,"turns":1},{"damage":1,"enemies":"3 Louse","floor":4,"turns":3},{"damage":1,"enemies":"Lagavulin","floor":6,"turns":5},{"damage":6,"enemies":"Gremlin Nob","floor":10,"turns":3},{"damage":4,"enemies":"3 Sentries","floor":13,"turns":4},{"damage":1,"enemies":"Exordium Wildlife","floor":14,"turns":5},{"damage":0,"enemies":"Slime Boss","floor":16,"turns":6},{"damage":0,"enemies":"Chosen","floor":18,"turns":5},{"damage":0,"enemies":"3 Byrds","floor":19,"turns":4},{"damage":0,"enemies":"Gremlin Leader","floor":23,"turns":5},{"damage":14,"enemies":"Slavers","floor":27,"turns":5},{"damage":0,"enemies":"Snake Plant","floor":28,"turns":3},{"damage":0,"enemies":"Gremlin Leader","floor":30,"turns":3},{"damage":0,"enemies":"Chosen and Byrds","floor":31,"turns":4},{"damage":0,"enemies":"Collector","floor":33,"turns":7},{"damage":35,"enemies":"3 Darklings","floor":35,"turns":4},{"damage":0,"enemies":"3 Shapes","floor":37,"turns":3},{"damage":0,"enemies":"Nemesis","floor":41,"turns":3},{"damage":0,"enemies":"Sphere and 2 Shapes","floor":45,"turns":3},{"damage":0,"enemies":"Reptomancer","floor":46,"turns":2},{"damage":0,"enemies":"Maw","floor":47,"turns":5},{"damage":37,"enemies":"Donu and Deca","floor":50,"turns":6}],"seed_played":"-8556941385732957222","potions_obtained":[{"floor":1,"key":"Fire Potion"},{"floor":3,"key":"BottledMiracle"},{"floor":10,"key":"EssenceOfSteel"},{"floor":13,"key":"StancePotion"},{"floor":14,"key":"LiquidBronze"},{"floor":16,"key":"DuplicationPotion"}],"is_trial":false,"path_per_floor":["M","M","M","M","?","E","$","R","T","E","R","?","E","M","R","B",null,"M","M","?","?","$","E","R","$","T","E","M","R","E","M","R","B",null,"M","?","M","?","$","R","E","R","T","$","M","E","M","?","R","B",null],"character_chosen":"WATCHER","items_purchased":["EmptyBody","Magnetism","Madness","Membership Card","ReachHeaven","Bag of Preparation","TalkToTheHand"],"campfire_rested":2,"item_purchase_floors":[22,25,25,39,39,39,44],"current_hp_per_floor":[65,65,65,64,64,63,63,63,63,57,57,44,40,39,58,58,65,65,65,65,49,49,49,49,49,49,35,35,35,45,45,45,45,75,40,40,40,40,40,62,62,62,62,75,75,75,75,75,75,38],"gold":84,"neow_bonus":"ONE_RARE_RELIC","is_prod":false,"is_daily":false,"chose_seed":false,"campfire_upgraded":7,"win_rate":0,"timestamp":1569023075,"path_taken":["M","M","M","M","?","E","$","R","T","E","R","?","E","M","R","BOSS","M","M","?","?","?","E","R","$","T","E","M","R","E","M","R","BOSS","M","?","?","?","?","R","E","R","T","$","M","E","M","?","R","BOSS"],"build_version":"2019-09-20","purchased_purges":3,"victory":true,"max_hp_per_floor":[65,65,65,65,65,65,65,65,65,65,65,65,65,65,65,65,65,65,65,65,65,65,65,65,65,65,65,65,65,75,75,75,75,75,75,75,75,75,75,75,75,75,75,75,75,75,75,75,75,75],"card_choices":[{"not_picked":["WindmillStrike","SandsOfTime"],"picked":"FearNoEvil","floor":1},{"not_picked":["CutThroughFate","Sanctity"],"picked":"DeceiveReality","floor":2},{"not_picked":["CleanseEvil","SashWhip"],"picked":"ClearTheMind","floor":3},{"not_picked":["Halt","WaveOfTheHand"],"picked":"ForeignInfluence","floor":4},{"not_picked":["FlyingSleeves","CrushJoints","Consecrate"],"picked":"SKIP","floor":6},{"not_picked":["ThirdEye","CutThroughFate"],"picked":"Pray","floor":10},{"not_picked":["Evaluate","InnerPeace"],"picked":"Prostrate","floor":13},{"not_picked":["CrushJoints","ClearTheMind","Halt"],"picked":"SKIP","floor":14},{"not_picked":["Metaphysics","DevaForm"],"picked":"DeusExMachina","floor":16},{"not_picked":["FlyingSleeves","ThirdEye"],"picked":"Consecrate","floor":18},{"not_picked":["ThirdEye","ClearTheMind"],"picked":"Devotion","floor":19},{"not_picked":["Protect","ThirdEye+1"],"picked":"ClearTheMind","floor":23},{"not_picked":["Nirvana","JustLucky"],"picked":"Wish","floor":27},{"not_picked":["CleanseEvil","Perseverance"],"picked":"FearNoEvil","floor":28},{"not_picked":["EmptyFist","CrushJoints+1"],"picked":"Protect+1","floor":30},{"not_picked":["ThirdEye","Protect","DeceiveReality"],"picked":"SKIP","floor":31},{"not_picked":["Ragnarok","Adaptation"],"picked":"Pray","floor":33},{"not_picked":["EmptyMind","Sanctity"],"picked":"Protect+1","floor":35},{"not_picked":["Halt","Evaluate+1"],"picked":"Prostrate","floor":37},{"not_picked":["Unraveling","Sanctity"],"picked":"Crescendo","floor":41},{"not_picked":["CutThroughFate","CrushJoints","Sanctity"],"picked":"SKIP","floor":45},{"not_picked":["FollowUp+1","ThirdEye","SpiritShield+1"],"picked":"SKIP","floor":46},{"not_picked":["Weave","InnerPeace"],"picked":"ForeignInfluence","floor":47}],"player_experience":729723,"relics_obtained":[{"floor":6,"key":"Ice Cream"},{"floor":9,"key":"White Beast Statue"},{"floor":10,"key":"Melange"},{"floor":13,"key":"Oddly Smooth Stone"},{"floor":21,"key":"Necronomicon"},{"floor":23,"key":"Old Coin"},{"floor":26,"key":"FossilizedHelix"},{"floor":27,"key":"Letter Opener"},{"floor":30,"key":"Pear"},{"floor":41,"key":"MealTicket"},{"floor":41,"key":"Bottled Flame"},{"floor":43,"key":"Ornamental Fan"},{"floor":46,"key":"Akabeko"},{"floor":46,"key":"TungstenRod"}],"event_choices":[{"cards_removed":["Strike_P"],"damage_healed":0,"gold_gain":0,"player_choice":"Card Removal","damage_taken":0,"max_hp_gain":0,"max_hp_loss":0,"event_name":"The Cleric","floor":5,"gold_loss":50},{"damage_healed":0,"gold_gain":0,"player_choice":"Entered Light","damage_taken":13,"max_hp_gain":0,"max_hp_loss":0,"event_name":"Shining Light","floor":12,"gold_loss":0,"cards_upgraded":["Vigilance","ForeignInfluence"]},{"damage_healed":0,"gold_gain":0,"player_choice":"Ignored","damage_taken":0,"max_hp_gain":0,"max_hp_loss":0,"event_name":"Vampires","floor":20,"gold_loss":0},{"damage_healed":0,"gold_gain":0,"player_choice":"Obtained Book","damage_taken":16,"max_hp_gain":0,"max_hp_loss":0,"event_name":"Cursed Tome","floor":21,"gold_loss":0},{"damage_healed":0,"gold_gain":0,"player_choice":"Rummage","damage_taken":0,"relics_obtained":["WarpedTongs"],"max_hp_gain":0,"max_hp_loss":0,"event_name":"Accursed Blacksmith","floor":36,"gold_loss":0,"cards_obtained":["Pain"]},{"damage_healed":0,"gold_gain":0,"player_choice":"Got Potions","damage_taken":0,"max_hp_gain":0,"max_hp_loss":0,"event_name":"Lab","floor":38,"gold_loss":0},{"damage_healed":0,"gold_gain":0,"player_choice":"Ignored","damage_taken":0,"max_hp_gain":0,"max_hp_loss":0,"event_name":"Mysterious Sphere","floor":48,"gold_loss":0}],"is_beta":true,"boss_relics":[{"not_picked":["Pandora\u0027s Box","Snecko Eye"],"picked":"Sozu"},{"not_picked":["Coffee Dripper","Empty Cage"],"picked":"Black Star"}],"items_purged_floors":[22,25,39],"is_endless":false,"potions_floor_spawned":[1,3,10,13,14,16,18,19,23,27,28,30,31,33,35,37,41,45,46,47],"ascension_level":1}