{"gold_per_floor":[117,392,402,15,30,55,55,85,85,114,126,201,7,7],"floor_reached":14,"playtime":628,"items_purged":["Regret"],"score":190,"play_id":"152a5111-e2da-4fb0-ad71-bf7e56da355b","local_time":"20190926223941","is_ascension_mode":true,"campfire_choices":[{"data":"Eruption","floor":7,"key":"SMITH"}],"neow_cost":"NONE","seed_source_timestamp":34730589957500,"circlet_count":0,"master_deck":["Strike_P","Strike_P","Strike_P","Strike_P","Defend_P","Defend_P","Defend_P","Defend_P","Eruption+1","Vigilance","BowlingBash","MentalFortress+1","Conclude","Worship","Crescendo","EmptyFist","Worship"],"relics":["VioletLotus","Frozen Egg 2","Vajra","Pantograph","Blood Vial","Thread and Needle","DollysMirror"],"potions_floor_usage":[6,6,8,14],"damage_taken":[{"damage":7,"enemies":"Small Slimes","floor":1,"turns":3},{"damage":19,"enemies":"Cultist","floor":3,"turns":6},{"damage":0,"enemies":"Jaw Worm","floor":5,"turns":3},{"damage":0,"enemies":"3 Sentries","floor":6,"turns":3},{"damage":0,"enemies":"Gremlin Nob","floor":8,"turns":2},{"damage":35,"enemies":"Lagavulin","floor":10,"turns":6},{"damage":0,"enemies":"2 Fungi Beasts","floor":11,"turns":3},{"damage":12,"enemies":"Lagavulin Event","floor":14,"turns":2}],"seed_played":"1653518852619459325","potions_obtained":[{"floor":1,"key":"Energy Potion"},{"floor":3,"key":"Energy Potion"},{"floor":5,"key":"StancePotion"}],"is_trial":false,"path_per_floor":["M","?","M","$","M","E","R","E","T","E","M","?","$","?"],"character_chosen":"WATCHER","items_purchased":["Frozen Egg 2","MentalFortress+1","DollysMirror","PowerPotion"],"campfire_rested":0,"item_purchase_floors":[4,4,13,13],"current_hp_per_floor":[65,65,46,46,46,46,46,46,46,13,15,4,4,0],"gold":7,"neow_bonus":"BOSS_RELIC","is_prod":false,"is_daily":false,"chose_seed":false,"campfire_upgraded":1,"win_rate":0,"timestamp":1569562781,"path_taken":["M","?","?","$","M","E","R","E","T","E","M","?","$","?"],"build_version":"2019-09-26","purchased_purges":1,"victory":false,"max_hp_per_floor":[72,72,72,72,72,72,72,72,72,72,72,72,72,72],"card_choices":[{"not_picked":["DeceiveReality","SashWhip"],"picked":"BowlingBash","floor":1},{"not_picked":["WreathOfFlame","Vengeance","FlyingSleeves"],"picked":"SKIP","floor":3},{"not_picked":["JustLucky","ThirdEye"],"picked":"Conclude","floor":5},{"not_picked":["JustLucky","Consecrate"],"picked":"Worship","floor":6},{"not_picked":["Conclude","Consecrate","Perseverance"],"picked":"SKIP","floor":8},{"not_picked":["Brilliance","MasterReality+1"],"picked":"Crescendo","floor":10},{"not_picked":["FollowUp","CrushJoints"],"picked":"EmptyFist","floor":11}],"player_experience":774109,"relics_obtained":[{"floor":6,"key":"Vajra"},{"floor":8,"key":"Pantograph"},{"floor":9,"key":"Blood Vial"},{"floor":10,"key":"Thread and Needle"}],"event_choices":[{"damage_healed":0,"gold_gain":275,"player_choice":"Desecrate","damage_taken":0,"max_hp_gain":0,"max_hp_loss":0,"event_name":"Golden Shrine","floor":2,"gold_loss":0,"cards_obtained":["Regret"]},{"damage_healed":0,"gold_gain":75,"player_choice":"Gather Gold","damage_taken":11,"max_hp_gain":0,"max_hp_loss":0,"event_name":"World of Goop","floor":12,"gold_loss":0},{"damage_healed":0,"gold_gain":0,"player_choice":"Searched \u00271\u0027 times","damage_taken":0,"max_hp_gain":0,"max_hp_loss":0,"event_name":"Dead Adventurer","floor":14,"gold_loss":0}],"is_beta":true,"boss_relics":[],"items_purged_floors":[4],"is_endless":false,"potions_floor_spawned":[1,3,5],"killed_by":"Lagavulin Event","ascension_level":4}