{"gold_per_floor":[114,129,144,144,159,189,204,204,204,234,249,264,264,279,279,379,379,394,394,54,69,84,84,99,99,99,99,129,144,144,144,144,244,244,259,259,274,34,49,79,79,94,94,94,109,109,124,139,139,139],"floor_reached":50,"playtime":3639,"items_purged":["Defend_G","Defend_G"],"score":660,"play_id":"6329cfbd-3648-4f96-aba1-d89c5d79fa93","local_time":"20190313191834","daily_mods":["Specialized","Diverse","Lethality"],"is_ascension_mode":false,"campfire_choices":[{"data":"Buffer","floor":8,"key":"SMITH"},{"data":"Buffer","floor":13,"key":"SMITH"},{"floor":15,"key":"REST"},{"data":"Infinite Blades","floor":23,"key":"SMITH"},{"data":"Buffer","floor":25,"key":"SMITH"},{"floor":30,"key":"REST"},{"floor":32,"key":"REST"},{"data":"Buffer","floor":41,"key":"SMITH"},{"data":"Buffer","floor":44,"key":"SMITH"},{"floor":49,"key":"REST"}],"neow_cost":"","seed_source_timestamp":0,"circlet_count":0,"master_deck":["Defend_G","Defend_G","Strike_G","Strike_G+1","Strike_G","Strike_G","Strike_G","Survivor","Neutralize","Buffer+1","Buffer+1","Buffer+1","Buffer+1","Buffer+1","Sword Boomerang+1","White Noise","Infinite Blades+1","Crippling Poison","Dagger Spray","Turbo","Footwork","PanicButton","Neutralize","Whirlwind","PiercingWail","Infinite Blades","Corpse Explosion","All Out Attack","Skim+1"],"special_seed":17968,"relics":["Ring of the Snake","Singing Bowl","The Courier","Bag of Marbles","Snecko Eye","HandDrill","Tiny Chest","Ginger","Whetstone","MutagenicStrength","Runic Dome","OrangePellets","Bottled Tornado","Blood Vial","NlothsMask"],"potions_floor_usage":[16,29,33,50,50,50],"damage_taken":[{"damage":0,"enemies":"Jaw Worm","floor":1,"turns":4},{"damage":0,"enemies":"2 Louse","floor":2,"turns":2},{"damage":0,"enemies":"Cultist","floor":3,"turns":4},{"damage":0,"enemies":"Blue Slaver","floor":5,"turns":5},{"damage":0,"enemies":"Gremlin Nob","floor":6,"turns":5},{"damage":24,"enemies":"Lots of Slimes","floor":7,"turns":5},{"damage":0,"enemies":"Lagavulin","floor":10,"turns":8},{"damage":0,"enemies":"Looter","floor":11,"turns":4},{"damage":0,"enemies":"Red Slaver","floor":12,"turns":3},{"damage":5,"enemies":"2 Fungi Beasts","floor":14,"turns":3},{"damage":47,"enemies":"Hexaghost","floor":16,"turns":6},{"damage":0,"enemies":"Spheric Guardian","floor":18,"turns":6},{"damage":0,"enemies":"Chosen","floor":21,"turns":7},{"damage":19,"enemies":"Centurion and Healer","floor":22,"turns":7},{"damage":6,"enemies":"3 Cultists","floor":24,"turns":4},{"damage":48,"enemies":"Book of Stabbing","floor":28,"turns":7},{"damage":2,"enemies":"Cultist and Chosen","floor":29,"turns":8},{"damage":15,"enemies":"Collector","floor":33,"turns":8},{"damage":0,"enemies":"Orb Walker","floor":35,"turns":3},{"damage":16,"enemies":"3 Darklings","floor":37,"turns":3},{"damage":0,"enemies":"Maw","floor":39,"turns":7},{"damage":0,"enemies":"Giant Head","floor":40,"turns":7},{"damage":0,"enemies":"Jaw Worm Horde","floor":42,"turns":3},{"damage":0,"enemies":"4 Shapes","floor":45,"turns":2},{"damage":0,"enemies":"Spire Growth","floor":47,"turns":2},{"damage":0,"enemies":"Maw","floor":48,"turns":8},{"damage":106,"enemies":"Time Eater","floor":50,"turns":11}],"seed_played":"7689138155634222229","potions_obtained":[{"floor":6,"key":"Swift Potion"},{"floor":7,"key":"LiquidBronze"},{"floor":10,"key":"Poison Potion"},{"floor":16,"key":"GhostInAJar"},{"floor":33,"key":"Fire Potion"},{"floor":35,"key":"LiquidBronze"},{"floor":40,"key":"SkillPotion"}],"is_trial":false,"path_per_floor":["M","M","M","?","M","E","M","R","T","E","M","M","R","M","R","B",null,"M","?","$","M","M","R","M","R","T","$","E","M","R","?","R","B",null,"M","?","M","$","M","E","R","M","T","R","M","?","M","M","R","B"],"character_chosen":"THE_SILENT","items_purchased":["HandDrill","Whirlwind","Tiny Chest","OrangePellets"],"campfire_rested":4,"item_purchase_floors":[20,20,20,38],"current_hp_per_floor":[70,70,70,70,70,70,46,46,46,48,48,50,50,47,69,24,78,80,80,80,80,61,61,57,57,57,57,11,11,36,36,61,46,86,88,88,74,74,76,78,78,80,80,80,84,84,88,90,100,0],"gold":139,"neow_bonus":"","is_prod":false,"is_daily":true,"chose_seed":false,"campfire_upgraded":6,"win_rate":0.0,"timestamp":1552519114,"path_taken":["M","M","M","?","M","E","M","R","T","E","M","M","R","M","R","BOSS","M","?","$","M","M","R","M","R","T","?","E","M","R","?","R","BOSS","M","?","M","$","M","E","R","?","T","R","M","?","M","?","R","BOSS"],"build_version":"2019-01-23","purchased_purges":2,"victory":false,"max_hp_per_floor":[70,70,70,70,70,70,70,70,70,72,72,74,74,76,76,78,78,80,80,80,80,80,80,82,82,82,82,84,86,86,86,86,86,86,88,88,90,90,92,94,94,96,96,96,98,98,100,100,100,100],"card_choices":[{"not_picked":["Compile Driver","Blur"],"picked":"Sword Boomerang","floor":1},{"not_picked":["Cleave","Evolve"],"picked":"White Noise","floor":2},{"not_picked":["Iron Wave","Caltrops","Sever Soul"],"picked":"SKIP","floor":3},{"not_picked":["Infernal Blade","Deadly Poison"],"picked":"Infinite Blades","floor":5},{"not_picked":["Steam Power","Blur"],"picked":"Crippling Poison","floor":6},{"not_picked":["Reflex","Quick Slash"],"picked":"Dagger Spray","floor":7},{"not_picked":["Skewer","Loop","Pommel Strike"],"picked":"Singing Bowl","floor":10},{"not_picked":["Burning Pact","Bane"],"picked":"Turbo","floor":11},{"not_picked":["Combust","Skim","Redo"],"picked":"Singing Bowl","floor":12},{"not_picked":["Backflip","Iron Wave","Capacitor"],"picked":"Singing Bowl","floor":14},{"not_picked":["Storm of Steel","Exhume","Buffer"],"picked":"Singing Bowl","floor":16},{"not_picked":["Iron Wave","Deflect","Armaments+1"],"picked":"Singing Bowl","floor":18},{"not_picked":["Quick Slash+1","Pommel Strike"],"picked":"PiercingWail","floor":21},{"not_picked":["Dropkick+1","Reinforced Body"],"picked":"Infinite Blades","floor":22},{"not_picked":["Rupture","Havoc+1","Stack"],"picked":"Singing Bowl","floor":24},{"not_picked":["Cleave+1","Intimidate","Deflect"],"picked":"Singing Bowl","floor":28},{"not_picked":["Slice","Reckless Charge","Blade Dance"],"picked":"Singing Bowl","floor":29},{"not_picked":["Core Surge","Grand Finale"],"picked":"Corpse Explosion","floor":33},{"not_picked":["Force Field","Cold Snap","Searing Blow"],"picked":"Singing Bowl","floor":35},{"not_picked":["FTL+1","Bane","Disarm"],"picked":"Singing Bowl","floor":37},{"not_picked":["Armaments+1","Cloak And Dagger+1","Pommel Strike"],"picked":"Singing Bowl","floor":39},{"not_picked":["Warcry","Evolve+1","Armaments+1"],"picked":"Singing Bowl","floor":40},{"not_picked":["Inflame","Compile Driver","Infinite Blades"],"picked":"Singing Bowl","floor":42},{"not_picked":["Clash","Second Wind+1","Blood for Blood+1"],"picked":"Singing Bowl","floor":45},{"not_picked":["Leg Sweep+1","Cleave","Bludgeon"],"picked":"Singing Bowl","floor":47},{"not_picked":["True Grit","Iron Wave+1"],"picked":"Skim+1","floor":48}],"player_experience":45260,"relics_obtained":[{"floor":6,"key":"Singing Bowl"},{"floor":9,"key":"The Courier"},{"floor":10,"key":"Bag of Marbles"},{"floor":26,"key":"Ginger"},{"floor":28,"key":"Whetstone"},{"floor":40,"key":"Bottled Tornado"},{"floor":43,"key":"Blood Vial"}],"event_choices":[{"damage_healed":0,"gold_gain":0,"player_choice":"Ignored","damage_taken":0,"max_hp_gain":0,"max_hp_loss":0,"event_name":"Golden Wing","floor":4,"gold_loss":0},{"damage_healed":0,"gold_gain":0,"player_choice":"3 cards matched","damage_taken":0,"max_hp_gain":0,"max_hp_loss":0,"event_name":"Match and Keep!","floor":19,"gold_loss":0,"cards_obtained":["Footwork","PanicButton","Neutralize"]},{"damage_healed":0,"gold_gain":0,"player_choice":"Inject Mutagens","damage_taken":0,"relics_obtained":["MutagenicStrength"],"max_hp_gain":0,"max_hp_loss":0,"event_name":"Drug Dealer","floor":31,"gold_loss":0},{"damage_healed":0,"gold_gain":0,"cards_transformed":["Defend_G"],"player_choice":"Transformed","damage_taken":0,"max_hp_gain":0,"max_hp_loss":0,"event_name":"Transmorgrifier","floor":36,"gold_loss":0,"cards_obtained":["All Out Attack"]},{"damage_healed":0,"gold_gain":0,"player_choice":"Trade","damage_taken":0,"relics_obtained":["NlothsMask"],"max_hp_gain":0,"max_hp_loss":0,"event_name":"FaceTrader","floor":46,"gold_loss":0}],"is_beta":false,"boss_relics":[{"not_picked":["Orrery","HoveringKite"],"picked":"Snecko Eye"},{"not_picked":["Empty Cage","Coffee Dripper"],"picked":"Runic Dome"}],"items_purged_floors":[20,38],"is_endless":false,"potions_floor_spawned":[6,7,10,16,21,24,28,33,35,40],"killed_by":"Time Eater","ascension_level":0}