{"gold_per_floor":[364,539,539,554,574,574,587,618,618,618,319,360,45,45,45,148,148,167,97,97,114,52,93,111,111,134,153,153,173,173,207,207,315,315,330,110,110,20,20,20],"floor_reached":40,"playtime":3274,"items_purged":["Strike_P","Defend_P"],"score":523,"play_id":"15900e97-39f7-4379-b845-4c347948b71e","local_time":"20190920193842","is_ascension_mode":true,"campfire_choices":[{"data":"Eruption","floor":6,"key":"SMITH"},{"data":"MentalFortress","floor":15,"key":"SMITH"},{"floor":25,"key":"REST"},{"floor":28,"key":"REST"},{"floor":30,"key":"REST"},{"data":"MentalFortress","floor":32,"key":"SMITH"}],"neow_cost":"TEN_PERCENT_HP_LOSS","seed_source_timestamp":18664234975100,"circlet_count":0,"master_deck":["Strike_P","Strike_P","Defend_P","Eruption+1","Vigilance+1","EmptyFist","Prostrate","ClearTheMind","MentalFortress+1","Consecrate","SandsOfTime","Crescendo","MentalFortress+1","Brilliance","MentalFortress","FlowState","FearNoEvil","EmptyMind","ClearTheMind","Worship","Halt","Protect","Adaptation","FlowState"],"relics":["PureWater","Mango","Ornamental Fan","CeramicFish","Singing Bowl","Lee\u0027s Waffle","Busted Crown","TungstenRod","Regal Pillow","Bag of Marbles","Black Star","TheAbacus"],"potions_floor_usage":[8,23,23,33,33,40,40],"damage_taken":[{"damage":0,"enemies":"2 Louse","floor":1,"turns":3},{"damage":0,"enemies":"Jaw Worm","floor":4,"turns":3},{"damage":1,"enemies":"Cultist","floor":5,"turns":3},{"damage":4,"enemies":"3 Louse","floor":7,"turns":3},{"damage":29,"enemies":"Lagavulin","floor":8,"turns":7},{"damage":23,"enemies":"Gremlin Nob","floor":12,"turns":4},{"damage":47,"enemies":"Slime Boss","floor":16,"turns":8},{"damage":31,"enemies":"Chosen","floor":18,"turns":5},{"damage":18,"enemies":"3 Byrds","floor":21,"turns":6},{"damage":41,"enemies":"Slavers","floor":23,"turns":8},{"damage":14,"enemies":"Snake Plant","floor":24,"turns":4},{"damage":6,"enemies":"Snecko","floor":27,"turns":5},{"damage":20,"enemies":"Sentry and Sphere","floor":29,"turns":5},{"damage":7,"enemies":"Book of Stabbing","floor":31,"turns":6},{"damage":28,"enemies":"Champ","floor":33,"turns":18},{"damage":22,"enemies":"Orb Walker","floor":35,"turns":5},{"damage":109,"enemies":"Reptomancer","floor":40,"turns":9}],"seed_played":"-4289555936827950915","potions_obtained":[{"floor":4,"key":"SkillPotion"},{"floor":16,"key":"GamblersBrew"},{"floor":21,"key":"BottledMiracle"},{"floor":24,"key":"FearPotion"},{"floor":29,"key":"EssenceOfSteel"},{"floor":33,"key":"Fire Potion"},{"floor":35,"key":"EssenceOfSteel"}],"is_trial":false,"path_per_floor":["M","?","?","M","M","R","M","E","T","?","$","E","$","?","R","B",null,"M","$","?","M","$","E","M","R","T","M","R","M","R","E","R","B",null,"M","$","?","?","$","E"],"character_chosen":"WATCHER","items_purchased":["SandsOfTime","CeramicFish","MentalFortress","Lee\u0027s Waffle","FlowState","EmptyMind","FlowState","TheAbacus"],"campfire_rested":3,"item_purchase_floors":[11,11,13,13,19,22,36,36],"current_hp_per_floor":[59,59,59,59,58,58,54,39,39,39,39,16,80,85,85,38,85,54,54,54,42,42,10,2,27,27,21,61,41,81,76,76,57,87,73,73,73,73,73,0],"gold":20,"neow_bonus":"TWO_FIFTY_GOLD","is_prod":false,"is_daily":false,"chose_seed":false,"campfire_upgraded":3,"win_rate":0,"timestamp":1569033522,"path_taken":["M","?","?","?","M","R","M","E","T","?","$","E","$","?","R","BOSS","M","$","?","M","$","E","M","R","T","M","R","M","R","E","R","BOSS","M","$","?","?","$","E"],"build_version":"2019-09-20","purchased_purges":2,"victory":false,"max_hp_per_floor":[59,59,59,59,59,59,59,73,73,73,73,73,80,85,85,85,85,85,85,85,85,85,85,85,85,85,85,85,85,85,87,87,87,87,89,89,89,89,89,89],"card_choices":[{"not_picked":["EmptyBody","ClearTheMind"],"picked":"EmptyFist","floor":1},{"not_picked":["CarveReality","DeceiveReality"],"picked":"Prostrate","floor":4},{"not_picked":["StepAndStrike","SpiritShield"],"picked":"ClearTheMind","floor":5},{"not_picked":["FlyingSleeves","SpiritShield"],"picked":"MentalFortress","floor":7},{"not_picked":["Weave","Evaluate"],"picked":"Consecrate","floor":8},{"not_picked":["ClearTheMind","FollowUp"],"picked":"Crescendo","floor":12},{"not_picked":["Omniscience","Nirvana"],"picked":"Brilliance","floor":16},{"not_picked":[],"picked":"MentalFortress","floor":18},{"not_picked":[],"picked":"FearNoEvil","floor":21},{"not_picked":[],"picked":"ClearTheMind","floor":23},{"not_picked":[],"picked":"Worship","floor":24},{"not_picked":[],"picked":"Halt","floor":27},{"not_picked":[],"picked":"Protect","floor":29},{"not_picked":["Weave+1"],"picked":"Singing Bowl","floor":31},{"not_picked":[],"picked":"Adaptation","floor":33},{"not_picked":["CleanseEvil+1"],"picked":"Singing Bowl","floor":35}],"player_experience":735748,"relics_obtained":[{"floor":8,"key":"Mango"},{"floor":9,"key":"Ornamental Fan"},{"floor":12,"key":"Singing Bowl"},{"floor":23,"key":"TungstenRod"},{"floor":26,"key":"Regal Pillow"},{"floor":31,"key":"Bag of Marbles"}],"event_choices":[{"damage_healed":0,"gold_gain":175,"player_choice":"AGREE","damage_taken":0,"max_hp_gain":0,"max_hp_loss":0,"event_name":"Liars Game","floor":2,"gold_loss":0,"cards_obtained":["Doubt"]},{"cards_removed":["Doubt"],"damage_healed":0,"gold_gain":0,"player_choice":"Purged","damage_taken":0,"max_hp_gain":0,"max_hp_loss":0,"event_name":"Purifier","floor":3,"gold_loss":0},{"cards_removed":["Defend_P"],"damage_healed":0,"gold_gain":0,"player_choice":"Forget","damage_taken":0,"max_hp_gain":0,"max_hp_loss":0,"event_name":"Living Wall","floor":10,"gold_loss":0},{"damage_healed":0,"gold_gain":0,"player_choice":"Donut","damage_taken":0,"max_hp_gain":5,"max_hp_loss":0,"event_name":"Big Fish","floor":14,"gold_loss":0},{"cards_removed":["Strike_P"],"damage_healed":0,"gold_gain":0,"player_choice":"Elegance","damage_taken":0,"max_hp_gain":0,"max_hp_loss":0,"event_name":"Back to Basics","floor":20,"gold_loss":0},{"damage_healed":0,"gold_gain":0,"player_choice":"Ignored","damage_taken":0,"max_hp_gain":0,"max_hp_loss":0,"event_name":"Tomb of Lord Red Mask","floor":37,"gold_loss":0},{"cards_removed":["Defend_P"],"damage_healed":0,"gold_gain":0,"player_choice":"Upgrade and Remove","damage_taken":0,"max_hp_gain":0,"max_hp_loss":0,"event_name":"Designer","floor":38,"gold_loss":90,"cards_upgraded":["Vigilance"]}],"is_beta":true,"boss_relics":[{"not_picked":["Pandora\u0027s Box","Velvet Choker"],"picked":"Busted Crown"},{"not_picked":["SlaversCollar","Astrolabe"],"picked":"Black Star"}],"items_purged_floors":[11,13],"is_endless":false,"potions_floor_spawned":[4,16,21,24,29,33,35],"killed_by":"Reptomancer","ascension_level":2}