{"gold_per_floor":[114,128,143,143,143,143,176,176,202,202,202,202,241,260,260,383,383,404,1,26,40,40,40],"floor_reached":23,"playtime":873,"items_purged":["Strike_B"],"score":209,"play_id":"265c28c2-b40a-4ee4-825f-1f96e7300960","local_time":"20190914134646","is_ascension_mode":true,"campfire_choices":[{"data":"Hello World","floor":6,"key":"SMITH"},{"data":"Regret","floor":10,"key":"PURGE"},{"data":"Doom and Gloom","floor":12,"key":"SMITH"},{"floor":15,"key":"REST"}],"neow_cost":"NONE","seed_source_timestamp":239721785525910,"circlet_count":0,"master_deck":["Strike_B","Strike_B","Strike_B","Defend_B","Defend_B","Defend_B","Defend_B","Zap","Dualcast","Multi-Cast","Doom and Gloom+1","Go for the Eyes","Hello World+1","Multi-Cast+1","White Noise+1","Core Surge","Ball Lightning+1","Double Energy+1","Defragment"],"relics":["Cracked Core","Boot","Peace Pipe","Golden Idol","Strawberry","Toxic Egg 2","StoneCalendar","Inserter","Membership Card","Meat on the Bone"],"potions_floor_usage":[16,23,23,23],"damage_taken":[{"damage":1,"enemies":"Cultist","floor":1,"turns":3},{"damage":7,"enemies":"Small Slimes","floor":2,"turns":2},{"damage":7,"enemies":"2 Louse","floor":3,"turns":3},{"damage":25,"enemies":"Gremlin Nob","floor":7,"turns":4},{"damage":14,"enemies":"Lagavulin","floor":13,"turns":6},{"damage":4,"enemies":"Blue Slaver","floor":14,"turns":2},{"damage":38,"enemies":"Slime Boss","floor":16,"turns":7},{"damage":24,"enemies":"2 Thieves","floor":18,"turns":4},{"damage":10,"enemies":"Spheric Guardian","floor":20,"turns":4},{"damage":0,"enemies":"Snecko","floor":21,"turns":3},{"damage":58,"enemies":"Slavers","floor":23,"turns":3}],"seed_played":"6526379679498966221","potions_obtained":[{"floor":14,"key":"Explosive Potion"},{"floor":16,"key":"Energy Potion"},{"floor":20,"key":"GamblersBrew"},{"floor":21,"key":"Regen Potion"}],"is_trial":false,"path_per_floor":["M","M","M","$","?","R","E","?","T","R","T","R","E","M","R","B",null,"M","$","M","M","$","E"],"character_chosen":"DEFECT","items_purchased":["Membership Card","Meat on the Bone"],"campfire_rested":1,"item_purchase_floors":[19,19],"current_hp_per_floor":[74,67,60,60,60,60,35,35,42,42,42,42,28,24,46,8,76,52,52,42,42,42,0],"gold":40,"neow_bonus":"ONE_RANDOM_RARE_CARD","is_prod":false,"is_daily":false,"chose_seed":false,"campfire_upgraded":2,"win_rate":0,"timestamp":1568483206,"path_taken":["M","?","M","$","?","R","E","?","T","R","?","R","E","?","R","BOSS","M","$","M","M","$","E"],"build_version":"2019-07-17","purchased_purges":1,"victory":false,"max_hp_per_floor":[75,75,75,75,75,75,75,69,76,76,76,76,76,76,76,76,76,76,76,76,76,76,76],"card_choices":[{"not_picked":["Steam","Go for the Eyes"],"picked":"Doom and Gloom","floor":1},{"not_picked":["Beam Cell","Steam"],"picked":"Go for the Eyes","floor":2},{"not_picked":["Turbo","Streamline"],"picked":"Hello World","floor":3},{"not_picked":["Recycle","Redo","Heatsinks"],"picked":"SKIP","floor":7},{"not_picked":["Beam Cell","Coolheaded+1"],"picked":"Multi-Cast+1","floor":13},{"not_picked":["Loop","Hello World"],"picked":"White Noise+1","floor":14},{"not_picked":["Multi-Cast+1","Creative AI"],"picked":"Core Surge","floor":16},{"not_picked":["Barrage","Hologram+1"],"picked":"Ball Lightning+1","floor":18},{"not_picked":["Hologram+1","Streamline+1"],"picked":"Double Energy+1","floor":20},{"not_picked":["Recycle+1","Beam Cell"],"picked":"Defragment","floor":21}],"player_experience":192013,"relics_obtained":[{"floor":7,"key":"Peace Pipe"},{"floor":9,"key":"Strawberry"},{"floor":11,"key":"Toxic Egg 2"},{"floor":13,"key":"StoneCalendar"}],"event_choices":[{"damage_healed":0,"gold_gain":0,"player_choice":"Box","damage_taken":0,"relics_obtained":["Boot"],"max_hp_gain":0,"max_hp_loss":0,"event_name":"Big Fish","floor":5,"gold_loss":0,"cards_obtained":["Regret"]},{"damage_healed":0,"gold_gain":0,"player_choice":"Lose Max HP","damage_taken":0,"relics_obtained":["Golden Idol"],"max_hp_gain":0,"max_hp_loss":6,"event_name":"Golden Idol","floor":8,"gold_loss":0}],"is_beta":false,"boss_relics":[{"not_picked":["Philosopher\u0027s Stone","Velvet Choker"],"picked":"Inserter"}],"items_purged_floors":[19],"is_endless":false,"potions_floor_spawned":[14,16,20,21],"killed_by":"Slavers","ascension_level":1}