{"gold_per_floor":[114,129,129,129,144,174,189,204,229,229,259,259,274,274,274,374,374,389,404,419,25,40,70,85,85,85,100,100,115,145,160,160,260,260,275,275,290,167,182,212,5,5,5,5,20,20,35,65,65,65],"floor_reached":51,"playtime":3363,"items_purged":["Strike_G","Defend_G","Defend_G"],"score":1063,"play_id":"ee9b7086-615c-41e6-9abf-5eef61349b49","local_time":"20190927205031","daily_mods":["Cursed Run","Time Dilation","DeadlyEvents"],"is_ascension_mode":false,"campfire_choices":[{"data":"Blade Dance","floor":10,"key":"SMITH"},{"data":"Infinite Blades","floor":12,"key":"SMITH"},{"data":"Calculated Gamble","floor":15,"key":"SMITH"},{"data":"Footwork","floor":25,"key":"SMITH"},{"data":"Skewer","floor":28,"key":"SMITH"},{"data":"Tools of the Trade","floor":32,"key":"SMITH"},{"data":"Trip","floor":42,"key":"SMITH"},{"data":"Prepared","floor":44,"key":"SMITH"},{"data":"Acrobatics","floor":49,"key":"SMITH"}],"neow_cost":"","seed_source_timestamp":0,"circlet_count":0,"master_deck":["Strike_G","Strike_G","Strike_G","Strike_G","Defend_G","Defend_G+1","Defend_G","Survivor","Neutralize+1","Acrobatics+1","Slice","Blur","Dagger Spray","Blade Dance+1","Calculated Gamble+1","Injury","Infinite Blades+1","Skewer+1","Injury","Parasite","Tools of the Trade+1","Blur+1","Footwork+1","Outmaneuver+1","Deflect+1","Decay","Prepared+1","Decay","Adrenaline","CurseOfTheBell","Well Laid Plans","Footwork+1","Slice+1","Underhanded Strike+1","Trip+1","Decay","Prepared","Infinite Blades+1","Distraction+1","Pain"],"special_seed":18167,"relics":["Cursed Key","Darkstone Periapt","Du-Vu Doll","Unceasing Top","Vajra","Happy Flower","Letter Opener","Mango","SlaversCollar","Blue Candle","Gremlin Horn","Paper Crane","Molten Egg 2","Calling Bell","Bag of Preparation","Ninja Scroll","Thread and Needle","War Paint","Meat on the Bone","Pear"],"potions_floor_usage":[16,16,23,23,30,33,33,50,50,50],"damage_taken":[{"damage":0,"enemies":"Jaw Worm","floor":1,"turns":3},{"damage":0,"enemies":"Small Slimes","floor":2,"turns":3},{"damage":1,"enemies":"2 Louse","floor":5,"turns":2},{"damage":19,"enemies":"Lagavulin","floor":6,"turns":9},{"damage":0,"enemies":"2 Fungi Beasts","floor":7,"turns":2},{"damage":4,"enemies":"Red Slaver","floor":8,"turns":2},{"damage":5,"enemies":"Gremlin Nob","floor":11,"turns":3},{"damage":0,"enemies":"Exordium Wildlife","floor":13,"turns":1},{"damage":14,"enemies":"The Guardian","floor":16,"turns":11},{"damage":0,"enemies":"Chosen","floor":18,"turns":3},{"damage":0,"enemies":"3 Byrds","floor":19,"turns":3},{"damage":10,"enemies":"Centurion and Healer","floor":20,"turns":3},{"damage":1,"enemies":"Snecko","floor":22,"turns":3},{"damage":2,"enemies":"Gremlin Leader","floor":23,"turns":4},{"damage":2,"enemies":"Snake Plant","floor":24,"turns":3},{"damage":6,"enemies":"Shelled Parasite and Fungi","floor":27,"turns":2},{"damage":2,"enemies":"Snecko","floor":29,"turns":2},{"damage":10,"enemies":"Slavers","floor":30,"turns":2},{"damage":2,"enemies":"Sentry and Sphere","floor":31,"turns":3},{"damage":3,"enemies":"Collector","floor":33,"turns":3},{"damage":3,"enemies":"3 Shapes","floor":35,"turns":1},{"damage":0,"enemies":"3 Darklings","floor":37,"turns":2},{"damage":2,"enemies":"Jaw Worm Horde","floor":39,"turns":1},{"damage":2,"enemies":"Reptomancer","floor":40,"turns":2},{"damage":3,"enemies":"Transient","floor":45,"turns":5},{"damage":0,"enemies":"3 Darklings","floor":47,"turns":1},{"damage":23,"enemies":"Nemesis","floor":48,"turns":3},{"damage":3,"enemies":"Donu and Deca","floor":50,"turns":2}],"seed_played":"-2207654762543654753","potions_obtained":[{"floor":1,"key":"SpeedPotion"},{"floor":7,"key":"DuplicationPotion"},{"floor":11,"key":"Dexterity Potion"},{"floor":13,"key":"Energy Potion"},{"floor":16,"key":"Strength Potion"},{"floor":19,"key":"Fire Potion"},{"floor":23,"key":"Swift Potion"},{"floor":30,"key":"Strength Potion"},{"floor":31,"key":"Dexterity Potion"},{"floor":33,"key":"EssenceOfSteel"},{"floor":35,"key":"Weak Potion"},{"floor":40,"key":"SteroidPotion"},{"floor":47,"key":"AttackPotion"}],"is_trial":false,"path_per_floor":["M","M","?","?","M","E","M","M","T","R","E","R","M","T","R","B",null,"M","M","M","$","M","E","M","R","T","M","R","M","E","M","R","B",null,"M","?","M","$","M","E","$","R","T","R","M","?","M","E","R","B",null],"character_chosen":"THE_SILENT","items_purchased":["Blue Candle","Footwork","Slice+1","Trip"],"campfire_rested":0,"item_purchase_floors":[21,21,38,41],"current_hp_per_floor":[70,70,63,63,62,43,43,39,45,45,40,40,40,60,60,52,102,102,102,92,92,91,89,87,87,93,87,87,85,75,73,73,76,120,117,117,117,117,115,113,113,113,119,119,116,116,116,103,103,106],"gold":65,"neow_bonus":"","is_prod":false,"is_daily":true,"chose_seed":false,"campfire_upgraded":9,"win_rate":0,"timestamp":1569642631,"path_taken":["M","M","?","?","M","E","M","?","T","R","E","R","M","?","R","BOSS","M","M","M","?","M","E","?","R","T","M","R","M","E","M","R","BOSS","M","?","M","$","M","E","$","R","T","R","M","?","M","E","R","BOSS"],"build_version":"2019-09-27","purchased_purges":3,"victory":true,"max_hp_per_floor":[70,70,70,70,70,70,70,70,76,76,76,76,76,96,96,102,102,102,102,102,102,102,102,102,102,108,108,108,108,108,108,108,114,120,120,120,120,120,120,120,120,120,126,126,126,126,126,136,136,142],"card_choices":[{"not_picked":["All Out Attack","Deadly Poison"],"picked":"Acrobatics","floor":1},{"not_picked":["Sucker Punch","Deadly Poison"],"picked":"Slice","floor":2},{"not_picked":["Caltrops","Burst"],"picked":"Blur","floor":5},{"not_picked":["Dash","Dodge and Roll"],"picked":"Dagger Spray","floor":6},{"not_picked":["Caltrops","Acrobatics"],"picked":"Blade Dance","floor":7},{"not_picked":["Deadly Poison","Poisoned Stab"],"picked":"Calculated Gamble","floor":8},{"not_picked":["Noxious Fumes","PiercingWail"],"picked":"Infinite Blades","floor":11},{"not_picked":["Outmaneuver","PiercingWail"],"picked":"Skewer","floor":13},{"not_picked":["Grand Finale","Burst"],"picked":"Tools of the Trade","floor":16},{"not_picked":["Sucker Punch+1","Leg Sweep","Bane"],"picked":"SKIP","floor":18},{"not_picked":["Flechettes","Caltrops","Dodge and Roll+1"],"picked":"SKIP","floor":19},{"not_picked":["Flechettes","Caltrops","Dodge and Roll+1"],"picked":"SKIP","floor":19},{"not_picked":["Flying Knee","Slice"],"picked":"Blur+1","floor":20},{"not_picked":["Tactician","Reflex"],"picked":"Outmaneuver+1","floor":22},{"not_picked":["Underhanded Strike","Slice"],"picked":"Deflect","floor":23},{"not_picked":["Poisoned Stab+1","Flechettes","Malaise"],"picked":"SKIP","floor":24},{"not_picked":["Backflip+1","Dodge and Roll","Dagger Spray"],"picked":"SKIP","floor":27},{"not_picked":["Choke","Skewer"],"picked":"Prepared","floor":29},{"not_picked":["PiercingWail+1","Outmaneuver","Prepared"],"picked":"SKIP","floor":30},{"not_picked":["All Out Attack+1","Blur","Heel Hook+1"],"picked":"SKIP","floor":31},{"not_picked":["Grand Finale+1","Unload+1"],"picked":"Adrenaline","floor":33},{"not_picked":["PiercingWail","Dodge and Roll"],"picked":"Well Laid Plans","floor":35},{"not_picked":["Caltrops","Endless Agony+1"],"picked":"Footwork+1","floor":37},{"not_picked":["Flying Knee+1","Setup","Outmaneuver"],"picked":"SKIP","floor":39},{"not_picked":["Endless Agony+1","Sucker Punch+1"],"picked":"Underhanded Strike+1","floor":40},{"not_picked":["Quick Slash+1","Prepared","Dagger Spray+1"],"picked":"SKIP","floor":45},{"not_picked":["Quick Slash+1","Dagger Spray+1"],"picked":"Prepared","floor":45},{"not_picked":["Tactician+1","Crippling Poison","Quick Slash+1"],"picked":"SKIP","floor":47},{"not_picked":["Dagger Throw+1","Die Die Die+1"],"picked":"Distraction+1","floor":48}],"player_experience":776609,"relics_obtained":[{"floor":6,"key":"Vajra"},{"floor":9,"key":"Happy Flower"},{"floor":11,"key":"Letter Opener"},{"floor":14,"key":"Mango"},{"floor":23,"key":"Gremlin Horn"},{"floor":26,"key":"Paper Crane"},{"floor":30,"key":"Molten Egg 2"},{"floor":34,"key":"Bag of Preparation"},{"floor":34,"key":"Ninja Scroll"},{"floor":34,"key":"Thread and Needle"},{"floor":40,"key":"War Paint"},{"floor":43,"key":"Meat on the Bone"},{"floor":48,"key":"Pear"}],"event_choices":[{"damage_healed":0,"gold_gain":0,"player_choice":"Success","damage_taken":7,"relics_obtained":["Unceasing Top"],"max_hp_gain":0,"max_hp_loss":0,"event_name":"Scrap Ooze","floor":3,"gold_loss":0},{"damage_healed":0,"gold_gain":0,"player_choice":"Grow","damage_taken":0,"max_hp_gain":0,"max_hp_loss":0,"event_name":"Living Wall","floor":4,"gold_loss":0,"cards_upgraded":["Neutralize"]},{"damage_healed":0,"gold_gain":0,"player_choice":"Ignored","damage_taken":0,"max_hp_gain":0,"max_hp_loss":0,"event_name":"Tomb of Lord Red Mask","floor":36,"gold_loss":0},{"damage_healed":0,"gold_gain":0,"player_choice":"Copied","damage_taken":0,"max_hp_gain":0,"max_hp_loss":0,"event_name":"Duplicator","floor":46,"gold_loss":0,"cards_obtained":["Infinite Blades"]}],"is_beta":true,"boss_relics":[{"not_picked":["SacredBark","Runic Pyramid"],"picked":"SlaversCollar"},{"not_picked":["Philosopher\u0027s Stone","Empty Cage"],"picked":"Calling Bell"}],"items_purged_floors":[21,38,41],"is_endless":false,"potions_floor_spawned":[1,7,11,13,16,19,23,30,31,33,35,40,45,47],"ascension_level":0}