{"gold_per_floor":[118,43,118,131,147,147,167,167,235,235,250,175,175,186,186,290,290,308,308,308,324,335,335,348,376,401,401,401],"floor_reached":28,"playtime":1579,"items_purged":["Strike_B"],"score":255,"play_id":"dfbd71d4-ec20-4187-bba7-15547cf808d0","local_time":"20180803153212","is_ascension_mode":false,"campfire_choices":[{"data":"Zap","floor":6,"key":"SMITH"},{"data":"Dualcast","floor":8,"key":"SMITH"},{"data":"Sweeping Beam","floor":10,"key":"SMITH"},{"floor":15,"key":"REST"},{"floor":23,"key":"REST"},{"floor":27,"key":"REST"}],"neow_cost":"NONE","seed_source_timestamp":3049006992173411,"circlet_count":0,"master_deck":["Strike_B","Strike_B","Strike_B","Defend_B","Defend_B+1","Defend_B","Zap+1","Dualcast+1","White Noise+1","Loop","Loop","Ball Lightning","Sweeping Beam+1","Machine Learning+1","Creative AI","Rebound","Zap+1","Redo+1","Static Discharge+1","Cold Snap","Go for the Eyes+1"],"relics":["Cracked Core","Kunai","Sozu","War Paint","Happy Flower"],"potions_floor_usage":[16,16,16],"damage_taken":[{"damage":2,"enemies":"Small Slimes","floor":1,"turns":4},{"damage":6,"enemies":"Jaw Worm","floor":4,"turns":3},{"damage":0,"enemies":"2 Louse","floor":5,"turns":3},{"damage":4,"enemies":"Blue Slaver","floor":7,"turns":3},{"damage":16,"enemies":"Gremlin Gang","floor":11,"turns":3},{"damage":5,"enemies":"3 Louse","floor":14,"turns":3},{"damage":28,"enemies":"Hexaghost","floor":16,"turns":7},{"damage":21,"enemies":"Chosen","floor":18,"turns":6},{"damage":15,"enemies":"3 Byrds","floor":21,"turns":3},{"damage":32,"enemies":"Snake Plant","floor":22,"turns":3},{"damage":26,"enemies":"Sentry and Sphere","floor":24,"turns":4},{"damage":0,"enemies":"Gremlin Leader","floor":25,"turns":7},{"damage":29,"enemies":"3 Cultists","floor":28,"turns":3}],"seed_played":"-8249494678761536439","potions_obtained":[{"floor":1,"key":"FearPotion"},{"floor":5,"key":"PowerPotion"},{"floor":11,"key":"GamblersBrew"}],"is_trial":false,"path_per_floor":["M","$","?","M","M","R","M","R","T","R","M","$","?","M","R","B",null,"M","?","?","M","M","R","M","E","T","R"],"character_chosen":"DEFECT","items_purchased":["Loop"],"campfire_rested":3,"item_purchase_floors":[2],"current_hp_per_floor":[73,73,62,56,56,56,52,52,52,52,36,36,36,31,53,25,75,54,54,54,39,7,29,3,3,3,25,0],"gold":401,"neow_bonus":"REMOVE_CARD","is_prod":false,"is_daily":false,"chose_seed":false,"campfire_upgraded":3,"win_rate":0,"timestamp":1533277932,"path_taken":["M","$","?","M","M","R","M","R","T","R","M","?","?","M","R","BOSS","M","?","?","M","M","R","M","E","T","R","M"],"build_version":"2018-08-02","purchased_purges":1,"victory":false,"max_hp_per_floor":[75,75,75,75,75,75,75,75,75,75,75,75,75,75,75,75,75,75,75,75,75,75,75,75,75,75,75,75],"card_choices":[{"not_picked":["Steam","Hologram"],"picked":"White Noise","floor":1},{"not_picked":["Reprogram","Leap"],"picked":"Loop","floor":4},{"not_picked":["Capacitor","Hologram"],"picked":"Ball Lightning","floor":5},{"not_picked":["Steam","Stack"],"picked":"Sweeping Beam","floor":7},{"not_picked":["White Noise","Stack"],"picked":"Machine Learning","floor":11},{"not_picked":["Reprogram","Turbo","Cold Snap"],"picked":"SKIP","floor":14},{"not_picked":["Meteor Strike","Electrodynamics"],"picked":"Creative AI","floor":16},{"not_picked":["Genetic Algorithm","Compile Driver"],"picked":"Rebound","floor":18},{"not_picked":["Hologram","Coolheaded"],"picked":"Redo+1","floor":21},{"not_picked":["Scrape","All For One"],"picked":"Static Discharge+1","floor":22},{"not_picked":["Compile Driver","Turbo"],"picked":"Cold Snap","floor":24},{"not_picked":["Coolheaded","Double Energy"],"picked":"Go for the Eyes+1","floor":25}],"player_experience":84937,"relics_obtained":[{"floor":9,"key":"Kunai"},{"floor":25,"key":"War Paint"},{"floor":26,"key":"Happy Flower"}],"event_choices":[{"event_name":"World of Goop","player_choice":"Gather Gold","floor":3,"damage_taken":0},{"event_name":"Living Wall","player_choice":"Grow","floor":13,"damage_taken":0},{"event_name":"Duplicator","player_choice":"One dupe","floor":19,"damage_taken":0},{"event_name":"Vampires","player_choice":"Ignored","floor":20,"damage_taken":0}],"is_beta":false,"boss_relics":[{"not_picked":["Snecko Eye","Astrolabe"],"picked":"Sozu"}],"items_purged_floors":[12],"is_endless":false,"potions_floor_spawned":[1,5,11,22,25],"killed_by":"3 Cultists","ascension_level":0}