{"gold_per_floor":[110,124,299,146,146,175,185,185,185,218,218,218,218,228,228,330,330,349,319,64,81,101,131,131,141,141,156,176,195,70,70,70,174,174,193,193,210,229,229,229,79,79,102,133,133,143,218,63,63,63],"floor_reached":51,"playtime":4235,"items_purged":["Doubt","Strike_G","Strike_G","Decay"],"score":1079,"play_id":"8c447086-c12b-45de-84ef-829d600e9f34","local_time":"20190903005924","is_ascension_mode":true,"campfire_choices":[{"data":"Well Laid Plans","floor":8,"key":"SMITH"},{"data":"Dash","floor":12,"key":"SMITH"},{"data":"PiercingWail","floor":15,"key":"SMITH"},{"data":"Deadly Poison","floor":24,"key":"SMITH"},{"floor":32,"key":"REST"},{"data":"Leg Sweep","floor":40,"key":"SMITH"},{"data":"Bullet Time","floor":42,"key":"SMITH"},{"data":"Backflip","floor":49,"key":"SMITH"}],"neow_cost":"NONE","seed_source_timestamp":378995844726000,"circlet_count":0,"master_deck":["AscendersBane","Strike_G","Strike_G","Strike_G","Defend_G","Defend_G+1","Defend_G","Defend_G+1","Defend_G","Survivor","Neutralize+1","Underhanded Strike","Dash+1","Well Laid Plans+1","Noxious Fumes+1","Noxious Fumes+1","Deflect","PiercingWail+1","Corpse Explosion","Backflip+1","Deadly Poison+1","Noxious Fumes+1","Acrobatics+1","Backflip+1","Bullet Time+1","Leg Sweep+1","Finesse","Injury"],"relics":["Ring of the Snake","Frozen Egg 2","War Paint","Ginger","Oddly Smooth Stone","Cursed Key","Bag of Preparation","Happy Flower","Eternal Feather","Blood Vial","Boot","Art of War"],"potions_floor_usage":[6,33,48],"damage_taken":[{"damage":1,"enemies":"Cultist","floor":1,"turns":4},{"damage":0,"enemies":"2 Louse","floor":2,"turns":3},{"damage":7,"enemies":"3 Sentries","floor":6,"turns":12},{"damage":0,"enemies":"Small Slimes","floor":7,"turns":3},{"damage":27,"enemies":"Gremlin Nob","floor":10,"turns":5},{"damage":0,"enemies":"Blue Slaver","floor":14,"turns":4},{"damage":6,"enemies":"Hexaghost","floor":16,"turns":10},{"damage":4,"enemies":"Shell Parasite","floor":18,"turns":6},{"damage":0,"enemies":"Spheric Guardian","floor":21,"turns":4},{"damage":0,"enemies":"Snake Plant","floor":22,"turns":5},{"damage":28,"enemies":"Slavers","floor":23,"turns":6},{"damage":13,"enemies":"Chosen and Byrds","floor":25,"turns":7},{"damage":1,"enemies":"Snecko","floor":27,"turns":5},{"damage":2,"enemies":"Snake Plant","floor":28,"turns":5},{"damage":0,"enemies":"Centurion and Healer","floor":29,"turns":5},{"damage":10,"enemies":"Collector","floor":33,"turns":8},{"damage":1,"enemies":"Orb Walker","floor":35,"turns":4},{"damage":26,"enemies":"3 Shapes","floor":37,"turns":6},{"damage":0,"enemies":"Writhing Mass","floor":38,"turns":7},{"damage":7,"enemies":"Reptomancer","floor":44,"turns":7},{"damage":0,"enemies":"Sphere and 2 Shapes","floor":46,"turns":4},{"damage":12,"enemies":"Awakened One","floor":50,"turns":17}],"seed_played":"8250689121813090375","potions_obtained":[{"floor":2,"key":"Fire Potion"},{"floor":6,"key":"SpeedPotion"},{"floor":14,"key":"FairyPotion"},{"floor":19,"key":"Poison Potion"},{"floor":28,"key":"Weak Potion"},{"floor":44,"key":"Fruit Juice"}],"is_trial":false,"path_per_floor":["M","M","?","$","?","E","M","R","T","E","?","R","?","M","R","B",null,"M","?","$","M","M","E","R","M","T","M","M","M","$","?","R","B",null,"M","?","M","M","?","R","$","R","T","E","$","M","?","$","R","B",null],"character_chosen":"THE_SILENT","items_purchased":["Well Laid Plans","Bag of Preparation","Art of War"],"campfire_rested":1,"item_purchase_floors":[4,20,48],"current_hp_per_floor":[69,69,69,69,69,62,62,62,62,35,40,40,28,28,28,22,67,63,63,63,63,63,35,35,22,22,21,19,19,19,19,43,33,70,69,69,43,43,43,58,58,73,73,68,68,70,62,67,82,72],"gold":63,"neow_bonus":"TEN_PERCENT_HP_BONUS","is_prod":false,"is_daily":false,"chose_seed":false,"campfire_upgraded":7,"win_rate":0,"timestamp":1567439964,"path_taken":["M","M","?","$","?","E","M","R","T","E","?","R","?","M","R","BOSS","M","?","$","M","M","E","R","M","T","M","?","M","$","?","R","BOSS","M","?","M","M","?","R","$","R","T","E","$","M","?","$","R","BOSS"],"build_version":"2019-07-17","purchased_purges":4,"victory":true,"max_hp_per_floor":[77,77,77,77,77,77,77,77,77,77,82,82,82,82,82,82,82,82,82,82,82,82,82,82,82,82,82,82,82,82,82,82,82,82,82,82,82,82,82,82,82,82,82,82,82,82,82,87,87,87],"card_choices":[{"not_picked":["Outmaneuver","Bane"],"picked":"Underhanded Strike","floor":1},{"not_picked":["Predator","Crippling Poison"],"picked":"Dash","floor":2},{"not_picked":["Backstab","Flying Knee"],"picked":"Noxious Fumes","floor":6},{"not_picked":["Underhanded Strike","Outmaneuver"],"picked":"Noxious Fumes+1","floor":7},{"not_picked":["Poisoned Stab","Cloak And Dagger"],"picked":"Deflect","floor":10},{"not_picked":["Slice","Quick Slash"],"picked":"PiercingWail","floor":14},{"not_picked":["Adrenaline","Malaise"],"picked":"Corpse Explosion","floor":16},{"not_picked":["Blade Dance+1","Cloak And Dagger+1"],"picked":"Backflip+1","floor":18},{"not_picked":["Riddle With Holes","Tactician","Expertise"],"picked":"SKIP","floor":21},{"not_picked":["Outmaneuver","Underhanded Strike+1","Terror"],"picked":"SKIP","floor":22},{"not_picked":["All Out Attack","Dash+1"],"picked":"Deadly Poison","floor":23},{"not_picked":["All Out Attack","Outmaneuver+1","Deflect"],"picked":"SKIP","floor":25},{"not_picked":["Dodge and Roll","Well Laid Plans+1"],"picked":"Noxious Fumes+1","floor":27},{"not_picked":["Sucker Punch+1","Tactician"],"picked":"Acrobatics+1","floor":28},{"not_picked":["Outmaneuver","Dodge and Roll"],"picked":"Backflip","floor":29},{"not_picked":["Venomology","Envenom+1"],"picked":"Bullet Time","floor":33},{"not_picked":["Poisoned Stab","Quick Slash+1","Flying Knee+1"],"picked":"SKIP","floor":35},{"not_picked":["Flying Knee","Predator+1"],"picked":"Leg Sweep","floor":37},{"not_picked":["Bane+1","Poisoned Stab+1","Riddle With Holes"],"picked":"SKIP","floor":38},{"not_picked":["Madness","Enlightenment"],"picked":"Finesse","floor":39},{"not_picked":["Caltrops+1","Poisoned Stab","Dodge and Roll"],"picked":"SKIP","floor":44},{"not_picked":["Unload","Deadly Poison+1","Poisoned Stab+1"],"picked":"SKIP","floor":46}],"player_experience":584729,"relics_obtained":[{"floor":6,"key":"Frozen Egg 2"},{"floor":9,"key":"War Paint"},{"floor":10,"key":"Ginger"},{"floor":23,"key":"Happy Flower"},{"floor":43,"key":"Blood Vial"},{"floor":44,"key":"Boot"}],"event_choices":[{"damage_healed":0,"gold_gain":175,"player_choice":"AGREE","damage_taken":0,"max_hp_gain":0,"max_hp_loss":0,"event_name":"Liars Game","floor":3,"gold_loss":0,"cards_obtained":["Doubt"]},{"damage_healed":0,"gold_gain":0,"player_choice":"Grow","damage_taken":0,"max_hp_gain":0,"max_hp_loss":0,"event_name":"Living Wall","floor":5,"gold_loss":0,"cards_upgraded":["Neutralize"]},{"damage_healed":0,"gold_gain":0,"player_choice":"Donut","damage_taken":0,"max_hp_gain":5,"max_hp_loss":0,"event_name":"Big Fish","floor":11,"gold_loss":0},{"damage_healed":0,"gold_gain":0,"player_choice":"Success","damage_taken":12,"relics_obtained":["Oddly Smooth Stone"],"max_hp_gain":0,"max_hp_loss":0,"event_name":"Scrap Ooze","floor":13,"gold_loss":0},{"damage_healed":0,"gold_gain":0,"player_choice":"Bought 2 Potions","damage_taken":0,"max_hp_gain":0,"max_hp_loss":0,"event_name":"The Woman in Blue","floor":19,"gold_loss":0},{"damage_healed":0,"gold_gain":0,"player_choice":"Smashed Altar","damage_taken":0,"max_hp_gain":0,"max_hp_loss":0,"event_name":"Forgotten Altar","floor":31,"gold_loss":0,"cards_obtained":["Decay"]},{"damage_healed":0,"gold_gain":0,"player_choice":"Ignored","damage_taken":0,"max_hp_gain":0,"max_hp_loss":0,"event_name":"Tomb of Lord Red Mask","floor":36,"gold_loss":0},{"damage_healed":0,"gold_gain":0,"player_choice":"Memory 1","damage_taken":0,"max_hp_gain":0,"max_hp_loss":0,"event_name":"SensoryStone","floor":39,"gold_loss":0},{"damage_healed":0,"gold_gain":75,"player_choice":"Touch","damage_taken":8,"max_hp_gain":0,"max_hp_loss":0,"event_name":"FaceTrader","floor":47,"gold_loss":0}],"is_beta":false,"boss_relics":[{"not_picked":["Lizard Tail","WristBlade"],"picked":"Cursed Key"},{"not_picked":["Calling Bell","Runic Dome"],"picked":"Eternal Feather"}],"items_purged_floors":[4,20,30,41],"is_endless":false,"potions_floor_spawned":[2,6,14,16,23,27,28,29,44,46],"ascension_level":11}