{"path_per_floor":["M","M","$","?","M","R","?","M","T","?","M","E","M","?","R","B",null,"M","?","?","M","?","E","M","$","T","?","R","M","$","M","R","B",null,"M","M","M","?","?","E","R","?","T","$","R","?","?","$","R","B"],"character_chosen":"IRONCLAD","items_purchased":["Inflame","Shuriken","Sword Boomerang","Spot Weakness","Sever Soul","Metallicize"],"gold_per_floor":[114,129,18,18,33,33,80,95,120,120,135,165,180,180,180,280,280,295,295,395,410,410,440,455,51,76,76,76,91,14,29,29,129,129,144,159,174,174,174,204,204,204,204,55,55,0,0,0,0,0],"floor_reached":51,"campfire_rested":0,"playtime":2226,"current_hp_per_floor":[78,77,76,80,79,78,75,76,75,68,73,72,71,70,69,63,74,73,72,71,70,69,68,67,66,65,64,63,62,61,60,59,54,67,66,68,67,66,65,67,66,65,64,63,62,61,60,59,58,43],"items_purged":["Strike_R","Strike_R"],"gold":0,"score":918,"play_id":"becd8d00-e443-439f-b993-54b6302a982c","local_time":"20180326220639","daily_mods":["Allstar","Terminal","Vintage"],"is_prod":false,"is_daily":true,"is_ascension_mode":false,"campfire_upgraded":7,"timestamp":1522127199,"path_taken":["M","M","$","?","M","R","?","?","T","?","M","E","M","?","R","BOSS","M","?","?","M","?","E","M","$","T","?","R","M","?","M","R","BOSS","M","M","M","?","?","E","R","?","T","?","R","?","?","$","R","BOSS"],"build_version":"2018-03-25","purchased_purges":2,"victory":true,"master_deck":["Strike_R+1","Defend_R+1","Defend_R","Defend_R+1","Bash+1","Dramatic Entrance+1","Enlightenment+1","Inflame+1","Whirlwind","Heavy Blade+1","Double Tap+1","Fire Breathing+1","Sword Boomerang+1","Inflame+1","Feed+1","Doubt","Injury","Writhe","Writhe","Injury","Pummel+1","Sever Soul","Metallicize+1"],"max_hp_per_floor":[78,77,76,80,79,78,77,76,75,74,73,72,71,70,69,75,74,73,72,71,70,69,68,67,66,65,64,63,62,61,60,59,58,67,66,68,67,66,65,67,66,65,64,63,62,61,60,59,58,57],"relics":["Burning Blood","Paper Frog","Dream Catcher","Meat on the Bone","Orichalcum","Bottled Tornado","War Paint","Juzu Bracelet","Art of War","Frozen Egg 2","Strawberry","Velvet Choker","Prayer Wheel","Toolbox","Kunai","Vajra","Shuriken","Anchor","Du-Vu Doll","Regal Pillow","Whetstone","Calling Bell","Ginger","Ancient Tea Set","Pear","Toxic Egg 2","Self Forming Clay","Pen Nib","Bag of Marbles","Bag of Preparation","Red Mask"],"card_choices":[{"not_picked":["Cleave","Headbutt"],"picked":"Whirlwind","floor":7},{"not_picked":["Clash","Shockwave"],"picked":"Heavy Blade","floor":12},{"not_picked":["Berserk","Immolate"],"picked":"Double Tap","floor":16},{"not_picked":["Wild Strike","Thunderclap"],"picked":"Fire Breathing","floor":23},{"not_picked":["Hemokinesis","Armaments"],"picked":"Inflame","floor":26},{"not_picked":["Immolate","Double Tap"],"picked":"Feed","floor":33},{"not_picked":["Flex","Rage"],"picked":"Pummel","floor":43}],"player_experience":385296,"potions_floor_usage":[7,12,16,23,33,50,50,50],"damage_taken":[{"damage":1,"enemies":"Jaw Worm","floor":1,"turns":3},{"damage":1,"enemies":"2 Louse","floor":2,"turns":3},{"damage":0,"enemies":"Small Slimes","floor":5,"turns":2},{"damage":9,"enemies":"Gremlin Nob","floor":7,"turns":4},{"damage":1,"enemies":"Exordium Wildlife","floor":8,"turns":3},{"damage":0,"enemies":"3 Louse","floor":11,"turns":1},{"damage":0,"enemies":"Gremlin Nob","floor":12,"turns":2},{"damage":0,"enemies":"Red Slaver","floor":13,"turns":2},{"damage":19,"enemies":"The Guardian","floor":16,"turns":7},{"damage":0,"enemies":"Spheric Guardian","floor":18,"turns":3},{"damage":0,"enemies":"Chosen","floor":21,"turns":3},{"damage":1,"enemies":"Slavers","floor":23,"turns":3},{"damage":0,"enemies":"Snecko","floor":24,"turns":2},{"damage":1,"enemies":"Snake Plant","floor":29,"turns":2},{"damage":0,"enemies":"Centurion and Healer","floor":31,"turns":3},{"damage":11,"enemies":"Champ","floor":33,"turns":5},{"damage":0,"enemies":"Flame Bruiser 1 Orb","floor":35,"turns":3},{"damage":0,"enemies":"Orb Walker","floor":36,"turns":2},{"damage":2,"enemies":"Spire Growth","floor":37,"turns":4},{"damage":2,"enemies":"2 Orb Walkers","floor":40,"turns":3},{"damage":21,"enemies":"Time Eater","floor":50,"turns":6}],"event_choices":[{"event_name":"Big Fish","player_choice":"Donut","floor":4,"damage_taken":0},{"event_name":"Dead Adventurer","player_choice":"Searched \u00273\u0027 times","floor":7,"damage_taken":0},{"event_name":"Golden Wing","player_choice":"Card Removal","floor":10,"damage_taken":0},{"event_name":"Living Wall","player_choice":"Forget","floor":14,"damage_taken":0},{"event_name":"Purifier","player_choice":"One Purge","floor":19,"damage_taken":0},{"event_name":"Golden Shrine","player_choice":"Pray","floor":20,"damage_taken":0},{"event_name":"N\u0027loth","player_choice":"Ignored","floor":22,"damage_taken":0},{"event_name":"The Woman in Blue","player_choice":"Bought 0 Potions","floor":27,"damage_taken":0},{"event_name":"Winding Halls","player_choice":"Writhe","floor":38,"damage_taken":0},{"event_name":"Match and Keep!","player_choice":"1 cards matched","floor":39,"damage_taken":0},{"event_name":"Tomb of Lord Red Mask","player_choice":"Paid","floor":46,"damage_taken":0},{"event_name":"Mysterious Sphere","player_choice":"Ignore","floor":47,"damage_taken":0}],"boss_relics":[{"not_picked":["Mark of Pain","Pandora\u0027s Box"],"picked":"Velvet Choker"},{"not_picked":["Sozu","Runic Dome"],"picked":"Calling Bell"}],"potions_floor_spawned":[1,5,11,13,21,23,24,31,36,40],"seed_played":"7182393064752794015","ascension_level":0,"is_trial":false}