{"gold_per_floor":[110,22,22,39,52,52,80,80,153,187,167],"floor_reached":11,"playtime":620,"items_purged":[],"score":162,"play_id":"1770a3e6-1b0c-41ec-9668-46a0d35340ec","local_time":"20190827131838","is_ascension_mode":true,"campfire_choices":[{"data":"Neutralize","floor":6,"key":"SMITH"},{"floor":8,"key":"REST"}],"neow_cost":"NONE","seed_source_timestamp":2336331012354281,"circlet_count":0,"master_deck":["AscendersBane","Strike_G","Strike_G","Strike_G","Strike_G","Defend_G","Defend_G","Defend_G","Defend_G","Defend_G","Survivor","Neutralize+1","Riddle With Holes","Unload","Reflex","Poisoned Stab","Dagger Throw","Underhanded Strike","Corpse Explosion"],"relics":["Ring of the Snake","Dream Catcher","Matryoshka","Happy Flower"],"potions_floor_usage":[5,7],"damage_taken":[{"damage":1,"enemies":"Small Slimes","floor":1,"turns":4},{"damage":0,"enemies":"Cultist","floor":4,"turns":4},{"damage":0,"enemies":"Jaw Worm","floor":5,"turns":3},{"damage":37,"enemies":"3 Sentries","floor":7,"turns":10},{"damage":39,"enemies":"Lagavulin","floor":10,"turns":8},{"damage":3,"enemies":"Looter","floor":11,"turns":1}],"seed_played":"1481408462935566879","potions_obtained":[{"floor":0,"key":"Block Potion"},{"floor":0,"key":"Block Potion"}],"is_trial":false,"path_per_floor":["M","$","?","M","M","R","E","R","T","E","M"],"character_chosen":"THE_SILENT","items_purchased":["Unload"],"campfire_rested":1,"item_purchase_floors":[2],"current_hp_per_floor":[58,58,58,58,58,58,21,40,40,1,0],"gold":167,"neow_bonus":"THREE_SMALL_POTIONS","is_prod":false,"is_daily":false,"chose_seed":false,"campfire_upgraded":1,"win_rate":0,"timestamp":1566890318,"path_taken":["M","$","?","M","M","R","E","R","T","E","M"],"build_version":"2019-07-17","purchased_purges":0,"victory":false,"max_hp_per_floor":[66,66,66,66,66,66,66,66,66,66,66],"card_choices":[{"not_picked":["Calculated Gamble","Catalyst"],"picked":"Riddle With Holes","floor":1},{"not_picked":["Deflect","Backflip"],"picked":"Reflex","floor":4},{"not_picked":["Deadly Poison","Prepared"],"picked":"Poisoned Stab","floor":5},{"not_picked":["Dagger Spray","Riddle With Holes"],"picked":"Dagger Throw","floor":7},{"not_picked":["Calculated Gamble","Expertise"],"picked":"Underhanded Strike","floor":8},{"not_picked":["Dagger Throw","Outmaneuver"],"picked":"Corpse Explosion","floor":10}],"player_experience":1693515,"relics_obtained":[{"floor":7,"key":"Dream Catcher"},{"floor":9,"key":"Matryoshka"},{"floor":10,"key":"Happy Flower"}],"event_choices":[{"cards_removed":["Strike_G"],"damage_healed":0,"gold_gain":0,"player_choice":"Purged","damage_taken":0,"max_hp_gain":0,"max_hp_loss":0,"event_name":"Purifier","floor":3,"gold_loss":0}],"is_beta":false,"boss_relics":[],"items_purged_floors":[],"is_endless":false,"potions_floor_spawned":[1,4],"killed_by":"Looter","ascension_level":20}