{"gold_per_floor":[144,189,234,234,279,279,369,369,369,414,459,424,469,514,514,814,814,859,904,904,329,329,329,419,464,464,509,599,99,99,99,99,399,399,444,489,489,534,579,669,726,738,750,807,69,69,159,74,74,74],"floor_reached":51,"playtime":2530,"items_purged":["Pain"],"score":1051,"play_id":"499f4c7d-b97f-4881-b378-585ac60debe7","local_time":"20190712222047","daily_mods":["Cursed Run","Time Dilation","Midas"],"is_ascension_mode":false,"campfire_choices":[{"floor":6,"key":"REST"},{"floor":8,"key":"REST"},{"floor":15,"key":"REST"},{"floor":23,"key":"REST"},{"floor":30,"key":"REST"},{"floor":32,"key":"REST"},{"floor":42,"key":"REST"},{"floor":46,"key":"REST"},{"floor":49,"key":"REST"}],"neow_cost":"","seed_source_timestamp":0,"circlet_count":0,"master_deck":["Strike_G","Strike_G","Strike_G","Strike_G","Strike_G","Defend_G","Defend_G","Defend_G","Defend_G","Defend_G","Survivor","Neutralize","Crippling Poison","Expertise","Noxious Fumes+1","Outmaneuver","PiercingWail","Parasite","Dagger Spray+1","Backstab+1","Clumsy","Venomology","Decay","Parasite","Dodge and Roll+1","Blade Dance+1","Tools of the Trade+1","Terror+1","Dodge and Roll+1","PiercingWail+1","Clumsy","Bouncing Flask+1","Blade Dance+1","Tools of the Trade+1","Injury","Venomology+1","Prepared+1","Catalyst+1","Outmaneuver+1","Escape Plan+1","Riddle With Holes+1","Master of Strategy+1","Die Die Die","Expertise+1","Decay","Dramatic Entrance","Decay"],"special_seed":18090,"relics":["Cursed Key","Darkstone Periapt","Du-Vu Doll","Bronze Scales","Pear","Calling Bell","Bag of Preparation","Frozen Egg 2","Prayer Wheel","HandDrill","Whetstone","Snake Skull","Toxic Egg 2","Art of War","Strawberry","Happy Flower","Ancient Tea Set","DollysMirror","Orrery","MawBank","Kunai","TwistedFunnel","FossilizedHelix","Question Card","Oddly Smooth Stone"],"potions_floor_usage":[16,16,24,25,27,28,33,35,36,38,39,40,40,47,47,50,50,50,50],"damage_taken":[{"damage":1,"enemies":"2 Louse","floor":1,"turns":2},{"damage":0,"enemies":"Small Slimes","floor":2,"turns":3},{"damage":3,"enemies":"Jaw Worm","floor":3,"turns":4},{"damage":3,"enemies":"2 Fungi Beasts","floor":5,"turns":4},{"damage":26,"enemies":"Gremlin Nob","floor":7,"turns":5},{"damage":2,"enemies":"Blue Slaver","floor":10,"turns":3},{"damage":8,"enemies":"Lots of Slimes","floor":11,"turns":2},{"damage":0,"enemies":"Large Slime","floor":13,"turns":4},{"damage":0,"enemies":"Gremlin Gang","floor":14,"turns":4},{"damage":7,"enemies":"Slime Boss","floor":16,"turns":8},{"damage":1,"enemies":"Chosen","floor":18,"turns":4},{"damage":2,"enemies":"Shell Parasite","floor":19,"turns":2},{"damage":7,"enemies":"Book of Stabbing","floor":24,"turns":3},{"damage":13,"enemies":"Sentry and Sphere","floor":25,"turns":4},{"damage":0,"enemies":"Centurion and Healer","floor":27,"turns":4},{"damage":6,"enemies":"Gremlin Leader","floor":28,"turns":5},{"damage":27,"enemies":"Champ","floor":33,"turns":6},{"damage":0,"enemies":"3 Shapes","floor":35,"turns":4},{"damage":6,"enemies":"3 Darklings","floor":36,"turns":5},{"damage":12,"enemies":"4 Shapes","floor":38,"turns":4},{"damage":0,"enemies":"Maw","floor":39,"turns":5},{"damage":0,"enemies":"Reptomancer","floor":40,"turns":3},{"damage":20,"enemies":"Jaw Worm Horde","floor":41,"turns":4},{"damage":4,"enemies":"Spire Growth","floor":44,"turns":2},{"damage":0,"enemies":"Giant Head","floor":47,"turns":5},{"damage":59,"enemies":"Donu and Deca","floor":50,"turns":6}],"seed_played":"6822303000687688809","potions_obtained":[{"floor":3,"key":"LiquidBronze"},{"floor":10,"key":"PowerPotion"},{"floor":11,"key":"SkillPotion"},{"floor":13,"key":"PowerPotion"},{"floor":19,"key":"GhostInAJar"},{"floor":36,"key":"Block Potion"},{"floor":38,"key":"Strength Potion"},{"floor":47,"key":"GamblersBrew"}],"is_trial":false,"path_per_floor":["M","M","M","?","M","R","E","R","T","M","M","?","M","M","R","B",null,"M","M","?","$","?","R","E","M","T","M","E","$","R","$","R","B",null,"M","M","?","M","M","E","M","R","T","M","$","R","E","$","R","B",null],"character_chosen":"THE_SILENT","items_purchased":["HandDrill","Whetstone","Snake Skull","Happy Flower","Ancient Tea Set","DollysMirror","TwistedFunnel","FossilizedHelix","Question Card","Dramatic Entrance"],"campfire_rested":9,"item_purchase_floors":[21,21,21,29,29,29,45,45,45,48],"current_hp_per_floor":[69,69,66,66,63,70,44,65,81,79,71,86,86,86,86,85,110,109,107,84,84,84,115,108,95,101,101,114,114,128,128,128,107,134,134,128,128,116,116,116,96,134,140,136,136,140,140,140,140,87],"gold":74,"neow_bonus":"","is_prod":false,"is_daily":true,"chose_seed":false,"campfire_upgraded":0,"win_rate":0,"timestamp":1562984447,"path_taken":["M","M","M","?","M","R","E","R","T","M","M","?","M","M","R","BOSS","M","M","?","$","?","R","E","M","T","M","E","$","R","?","R","BOSS","M","M","?","M","M","E","M","R","T","M","$","R","E","$","R","BOSS"],"build_version":"2019-07-05","purchased_purges":1,"victory":true,"max_hp_per_floor":[70,70,70,70,70,70,70,70,86,86,86,86,86,86,86,92,110,110,110,115,115,115,115,115,115,121,121,128,128,128,128,128,134,134,134,134,134,134,134,134,134,134,140,140,140,140,140,140,140,146],"card_choices":[{"not_picked":["Quick Slash","Cloak And Dagger"],"picked":"Crippling Poison","floor":1},{"not_picked":["Dagger Throw","Leg Sweep"],"picked":"Expertise","floor":2},{"not_picked":["A Thousand Cuts","Outmaneuver"],"picked":"Noxious Fumes","floor":3},{"not_picked":["Choke","Finisher"],"picked":"Outmaneuver","floor":5},{"not_picked":["Quick Slash","Dash"],"picked":"PiercingWail","floor":7},{"not_picked":["Deflect","Eviscerate"],"picked":"Dagger Spray","floor":10},{"not_picked":["Expertise","Deadly Poison"],"picked":"Backstab","floor":11},{"not_picked":["Tactician","Predator","Underhanded Strike"],"picked":"SKIP","floor":13},{"not_picked":["Prepared","Deadly Poison","Deflect"],"picked":"SKIP","floor":14},{"not_picked":["After Image","A Thousand Cuts"],"picked":"Venomology","floor":16},{"not_picked":["Dagger Throw","Acrobatics+1"],"picked":"Dodge and Roll+1","floor":18},{"not_picked":["Finisher","Cloak And Dagger+1"],"picked":"Blade Dance+1","floor":18},{"not_picked":["Sucker Punch","Calculated Gamble+1","Flying Knee"],"picked":"SKIP","floor":19},{"not_picked":["Deflect","Leg Sweep+1","Dagger Throw"],"picked":"SKIP","floor":19},{"not_picked":["Bane","Grand Finale"],"picked":"Terror","floor":24},{"not_picked":["Expertise+1","Backflip+1"],"picked":"Dodge and Roll+1","floor":25},{"not_picked":["Skewer","Eviscerate"],"picked":"PiercingWail+1","floor":25},{"not_picked":["Deflect+1","Dagger Spray"],"picked":"Bouncing Flask+1","floor":27},{"not_picked":["Dodge and Roll+1","Backflip+1","Quick Slash"],"picked":"SKIP","floor":27},{"not_picked":["Slice+1","Deflect+1"],"picked":"Blade Dance+1","floor":28},{"not_picked":["Tools of the Trade+1","Die Die Die"],"picked":"Venomology+1","floor":33},{"not_picked":["Acrobatics+1","Setup+1"],"picked":"Prepared+1","floor":34},{"not_picked":["Phantasmal Killer+1","Slice+1"],"picked":"Catalyst+1","floor":34},{"not_picked":["Concentrate+1","Poisoned Stab"],"picked":"Outmaneuver+1","floor":34},{"not_picked":["Dagger Throw+1","Eviscerate+1"],"picked":"Escape Plan+1","floor":35},{"not_picked":["Deadly Poison+1","Reflex+1","Acrobatics+1"],"picked":"SKIP","floor":35},{"not_picked":["Unload","Sucker Punch"],"picked":"Riddle With Holes+1","floor":36},{"not_picked":["Cloak And Dagger+1","Dodge and Roll+1","PiercingWail+1"],"picked":"SKIP","floor":36},{"not_picked":["Good Instincts+1","Madness+1"],"picked":"Master of Strategy+1","floor":37},{"not_picked":["All Out Attack+1","Acrobatics+1","Deadly Poison+1"],"picked":"SKIP","floor":38},{"not_picked":["Blade Dance+1","Deadly Poison+1","Outmaneuver+1"],"picked":"SKIP","floor":38},{"not_picked":["Outmaneuver+1","Blade Dance+1","Bane"],"picked":"SKIP","floor":39},{"not_picked":["Leg Sweep+1","Bane+1","Catalyst+1"],"picked":"SKIP","floor":39},{"not_picked":["Dodge and Roll+1","PiercingWail+1"],"picked":"Die Die Die","floor":40},{"not_picked":["Cloak And Dagger+1","Underhanded Strike+1"],"picked":"Expertise+1","floor":41},{"not_picked":["Flying Knee+1","Deadly Poison+1","Endless Agony"],"picked":"SKIP","floor":41},{"not_picked":["Cloak And Dagger+1","Bullet Time+1","Dagger Throw+1"],"picked":"SKIP","floor":44},{"not_picked":["Reflex+1","Flechettes+1","Backflip+1"],"picked":"SKIP","floor":44},{"not_picked":["Dodge and Roll+1","PiercingWail+1","Poisoned Stab+1","Sucker Punch+1"],"picked":"SKIP","floor":47}],"player_experience":154752,"relics_obtained":[{"floor":7,"key":"Bronze Scales"},{"floor":9,"key":"Pear"},{"floor":17,"key":"Bag of Preparation"},{"floor":17,"key":"Frozen Egg 2"},{"floor":17,"key":"Prayer Wheel"},{"floor":24,"key":"Toxic Egg 2"},{"floor":26,"key":"Art of War"},{"floor":28,"key":"Strawberry"},{"floor":40,"key":"MawBank"},{"floor":43,"key":"Kunai"},{"floor":47,"key":"Oddly Smooth Stone"}],"event_choices":[{"damage_healed":0,"gold_gain":0,"player_choice":"Grow","damage_taken":0,"max_hp_gain":0,"max_hp_loss":0,"event_name":"Living Wall","floor":4,"gold_loss":0,"cards_upgraded":["Noxious Fumes"]},{"damage_healed":21,"gold_gain":0,"player_choice":"Healed","damage_taken":0,"max_hp_gain":0,"max_hp_loss":0,"event_name":"The Cleric","floor":12,"gold_loss":35},{"damage_healed":0,"gold_gain":0,"player_choice":"Shed Blood","damage_taken":28,"max_hp_gain":5,"max_hp_loss":0,"event_name":"Forgotten Altar","floor":20,"gold_loss":0},{"damage_healed":0,"gold_gain":0,"player_choice":"Read","damage_taken":0,"max_hp_gain":0,"max_hp_loss":0,"event_name":"The Library","floor":22,"gold_loss":0,"cards_obtained":["Tools of the Trade"]},{"damage_healed":0,"gold_gain":0,"player_choice":"Memory 1","damage_taken":0,"max_hp_gain":0,"max_hp_loss":0,"event_name":"SensoryStone","floor":37,"gold_loss":0}],"is_beta":false,"boss_relics":[{"not_picked":["WristBlade","Lizard Tail"],"picked":"Calling Bell"},{"not_picked":["HoveringKite","Runic Pyramid"],"picked":"Orrery"}],"items_purged_floors":[21],"is_endless":false,"potions_floor_spawned":[3,10,11,13,19,25,27,36,38,47],"ascension_level":0}