{"gold_per_floor":[116,136,153,168,179,179,206,206,233,245,268,292,304,350,362,472,484,507,536,548,560,582,594],"floor_reached":23,"playtime":1020,"items_purged":[],"score":215,"play_id":"2e0d50b5-bbf7-42dd-a02c-902fec05a63e","local_time":"20190921081711","is_ascension_mode":true,"campfire_choices":[{"data":"Tempest","floor":6,"key":"SMITH"},{"data":"Fusion","floor":8,"key":"SMITH"},{"floor":10,"key":"REST"},{"floor":15,"key":"REST"}],"neow_cost":"NONE","seed_source_timestamp":402549332690599,"circlet_count":0,"master_deck":["Zap","Dualcast","BootSequence","Machine Learning","Tempest+1","Stack","Ball Lightning","Fusion+1","Coolheaded","Glacier","Electrodynamics","Electrodynamics","Thunder Strike","Electrodynamics","Coolheaded","Heatsinks","Multi-Cast","Loop","Hyperbeam","BootSequence+1","Capacitor"],"relics":["Cracked Core","Bird Faced Urn","MawBank","Vajra","Pandora\u0027s Box","Enchiridion"],"potions_floor_usage":[4,5,7,14,16,23],"damage_taken":[{"damage":0,"enemies":"Cultist","floor":1,"turns":3},{"damage":1,"enemies":"Jaw Worm","floor":2,"turns":4},{"damage":0,"enemies":"2 Louse","floor":3,"turns":2},{"damage":12,"enemies":"Exordium Wildlife","floor":4,"turns":5},{"damage":6,"enemies":"Exordium Thugs","floor":5,"turns":4},{"damage":16,"enemies":"Gremlin Nob","floor":7,"turns":4},{"damage":15,"enemies":"Gremlin Gang","floor":11,"turns":3},{"damage":0,"enemies":"2 Fungi Beasts","floor":12,"turns":2},{"damage":2,"enemies":"Lagavulin","floor":14,"turns":6},{"damage":23,"enemies":"The Guardian","floor":16,"turns":12},{"damage":0,"enemies":"Chosen","floor":18,"turns":3},{"damage":30,"enemies":"Shell Parasite","floor":19,"turns":7},{"damage":0,"enemies":"Snake Plant","floor":22,"turns":2},{"damage":42,"enemies":"Gremlin Leader","floor":23,"turns":4}],"seed_played":"-3509085709115031639","potions_obtained":[{"floor":0,"key":"FearPotion"},{"floor":0,"key":"Energy Potion"},{"floor":0,"key":"Dexterity Potion"},{"floor":4,"key":"Fire Potion"},{"floor":7,"key":"SkillPotion"},{"floor":16,"key":"SpeedPotion"},{"floor":22,"key":"Explosive Potion"}],"is_trial":false,"path_per_floor":["M","M","M","M","M","R","E","R","T","R","M","M","$","E","R","B",null,"M","M","?","?","M","E"],"character_chosen":"DEFECT","items_purchased":[],"campfire_rested":2,"item_purchase_floors":[],"current_hp_per_floor":[75,74,74,62,56,56,40,40,40,62,47,47,47,45,67,46,75,75,49,49,33,35,0],"gold":594,"neow_bonus":"THREE_SMALL_POTIONS","is_prod":false,"is_daily":false,"chose_seed":false,"campfire_upgraded":2,"win_rate":0,"timestamp":1569068231,"path_taken":["M","?","M","M","M","R","E","R","T","R","M","?","$","E","R","BOSS","M","M","?","?","M","E"],"build_version":"2019-07-17","purchased_purges":0,"victory":false,"max_hp_per_floor":[75,75,75,75,75,75,75,75,75,75,75,75,75,75,75,75,75,75,75,75,75,75,75],"card_choices":[{"not_picked":["Leap","Aggregate"],"picked":"BootSequence","floor":1},{"not_picked":["Redo","Stack"],"picked":"Machine Learning","floor":2},{"not_picked":["Doom and Gloom","Lockon"],"picked":"Tempest","floor":3},{"not_picked":["Turbo","Gash"],"picked":"Stack","floor":4},{"not_picked":["Sweeping Beam","Reinforced Body"],"picked":"Ball Lightning","floor":5},{"not_picked":["Stack","Barrage"],"picked":"Fusion","floor":7},{"not_picked":["Heatsinks","Consume"],"picked":"Coolheaded","floor":11},{"not_picked":["Static Discharge","Darkness"],"picked":"Glacier","floor":12},{"not_picked":["Hyperbeam","Undo","Storm"],"picked":"SKIP","floor":14},{"not_picked":["Amplify","Rainbow"],"picked":"Electrodynamics","floor":16},{"not_picked":["Hologram","Turbo"],"picked":"BootSequence+1","floor":18},{"not_picked":["Darkness","Coolheaded"],"picked":"Capacitor","floor":19},{"not_picked":["Rebound","Redo","Auto Shields"],"picked":"SKIP","floor":22}],"player_experience":221368,"relics_obtained":[{"floor":7,"key":"Bird Faced Urn"},{"floor":9,"key":"MawBank"},{"floor":14,"key":"Vajra"},{"floor":21,"key":"Enchiridion"}],"event_choices":[{"damage_healed":0,"gold_gain":0,"player_choice":"Ignored","damage_taken":0,"max_hp_gain":0,"max_hp_loss":0,"event_name":"Beggar","floor":20,"gold_loss":0},{"damage_healed":0,"gold_gain":0,"player_choice":"Obtained Book","damage_taken":16,"max_hp_gain":0,"max_hp_loss":0,"event_name":"Cursed Tome","floor":21,"gold_loss":0}],"is_beta":false,"boss_relics":[{"not_picked":["Astrolabe","Sozu"],"picked":"Pandora\u0027s Box"}],"items_purged_floors":[],"is_endless":false,"potions_floor_spawned":[2,3,4,7,16,22],"killed_by":"Gremlin Leader","ascension_level":1}