{"gold_per_floor":[114,114,133,152,171,209,209,247,247,285,235,85,85,123,123,248,248,267,117,117,117,136,174,174,212,212,231,231,269,288,307,307,432,432,451,470,220,320,320,320,358,358,358,396,396,421,459,478,478,478],"floor_reached":51,"playtime":2527,"items_purged":[],"score":919,"play_id":"95add59e-f02b-438d-a6c0-0aa5925e94cd","local_time":"20190913140600","daily_mods":["Specialized","Green Cards","Elite Swarm"],"is_ascension_mode":false,"campfire_choices":[{"floor":7.0,"key":"REST"},{"floor":13.0,"key":"REST"},{"data":"Adrenaline","floor":15.0,"key":"SMITH"},{"data":"Die Die Die","floor":24.0,"key":"SMITH"},{"data":"Die Die Die","floor":28.0,"key":"SMITH"},{"data":"Whirlwind","floor":32.0,"key":"SMITH"},{"data":"Adrenaline","floor":40,"key":"SMITH"},{"data":"Bash","floor":42,"key":"SMITH"},{"data":"Venomology","floor":49,"key":"SMITH"}],"neow_cost":"","seed_source_timestamp":0,"circlet_count":0,"master_deck":["Strike_R","Strike_R","Strike_R","Defend_R","Defend_R","Defend_R","Defend_R","Bash+1","Shockwave","Shockwave","Shockwave","Feel No Pain","Intimidate","Whirlwind+1","Havoc","Die Die Die+1","Die Die Die+1","Demon Form+1","Adrenaline+1","Adrenaline+1","Carnage+1","Carnage+1","Battle Trance","Adrenaline+1","Necronomicurse","Dark Embrace+1","Glass Knife","Tools of the Trade+1","Berserk+1","Venomology+1"],"special_seed":18152,"relics":["Burning Blood","Golden Idol","Frozen Egg 2","Juzu Bracelet","Incense Burner","Orichalcum","Bag of Marbles","Pocketwatch","Astrolabe","Happy Flower","Necronomicon","Pantograph","Smiling Mask","Boot","PreservedInsect","Mark of Pain","Bottled Flame","GremlinMask","Dodecahedron","Vajra","Potion Belt","Strawberry","The Courier"],"potions_floor_usage":[48,50],"damage_taken":[{"damage":5.0,"enemies":"Jaw Worm","floor":1.0,"turns":5.0},{"damage":10.0,"enemies":"Small Slimes","floor":3.0,"turns":6.0},{"damage":4.0,"enemies":"Cultist","floor":4.0,"turns":3.0},{"damage":18.0,"enemies":"Blue Slaver","floor":5.0,"turns":8.0},{"damage":17.0,"enemies":"Gremlin Nob","floor":6.0,"turns":5.0},{"damage":11.0,"enemies":"3 Sentries","floor":8.0,"turns":9.0},{"damage":19.0,"enemies":"Lagavulin","floor":10.0,"turns":9.0},{"damage":4.0,"enemies":"Gremlin Nob","floor":14.0,"turns":4.0},{"damage":37.0,"enemies":"Slime Boss","floor":16.0,"turns":16.0},{"damage":1.0,"enemies":"Shell Parasite","floor":18.0,"turns":3.0},{"damage":0.0,"enemies":"Spheric Guardian","floor":22.0,"turns":2.0},{"damage":0.0,"enemies":"Gremlin Leader","floor":23.0,"turns":3.0},{"damage":14.0,"enemies":"Slavers","floor":25.0,"turns":3.0},{"damage":0.0,"enemies":"Cultist and Chosen","floor":27.0,"turns":3.0},{"damage":6.0,"enemies":"Gremlin Leader","floor":29.0,"turns":3.0},{"damage":3.0,"enemies":"Centurion and Healer","floor":30.0,"turns":3.0},{"damage":6.0,"enemies":"3 Cultists","floor":31.0,"turns":3.0},{"damage":0.0,"enemies":"Automaton","floor":33.0,"turns":4.0},{"damage":0,"enemies":"3 Darklings","floor":35,"turns":3},{"damage":0,"enemies":"Orb Walker","floor":36,"turns":2},{"damage":12,"enemies":"Nemesis","floor":41,"turns":3},{"damage":0,"enemies":"Reptomancer","floor":44,"turns":2},{"damage":14,"enemies":"Giant Head","floor":47,"turns":3},{"damage":10,"enemies":"Spire Growth","floor":48,"turns":2},{"damage":68,"enemies":"Awakened One","floor":50,"turns":7}],"seed_played":"5230052071374888403","potions_obtained":[{"floor":4.0,"key":"BloodPotion"},{"floor":5.0,"key":"EssenceOfSteel"},{"floor":6.0,"key":"SkillPotion"},{"floor":8.0,"key":"Energy Potion"},{"floor":23.0,"key":"Fruit Juice"},{"floor":25.0,"key":"FairyPotion"},{"floor":27.0,"key":"Block Potion"},{"floor":29.0,"key":"Strength Potion"},{"floor":41,"key":"AttackPotion"},{"floor":47,"key":"Strength Potion"}],"is_trial":false,"path_per_floor":["M","?","M","M","M","E","R","E","T","E","?","$","R","E","R","B",null,"M","$","?","?","M","E","R","E","T","M","R","E","M","M","R","B",null,"M","M","$","?","?","R","E","R","T","E","?","T","E","M","R","B",null],"character_chosen":"IRONCLAD","items_purchased":["Bag of Marbles","Happy Flower","Bottled Flame"],"campfire_rested":2,"item_purchase_floors":[12,19,37],"current_hp_per_floor":[80,60,56,58,46,35,59,54,54,41,41,41,65,67,67,36,80,80,80,80,64,70,76,76,68,68,79,79,79,82,82,82,85,85,85,85,85,85,85,85,79,79,79,85,85,92,84,80,80,30],"gold":478,"neow_bonus":"","is_prod":false,"is_daily":true,"chose_seed":false,"campfire_upgraded":7,"win_rate":0,"timestamp":1568397960,"path_taken":["M","?","M","M","M","E","R","E","T","E","?","$","R","E","R","BOSS","M","$","?","?","M","E","R","E","T","M","R","E","M","M","R","BOSS","M","M","$","?","?","R","E","R","T","E","?","?","E","M","R","BOSS"],"build_version":"2019-07-17","purchased_purges":0,"victory":true,"max_hp_per_floor":[80,80,80,80,80,80,80,80,80,80,80,80,80,80,80,80,80,80,80,80,80,80,80,80,80,80,85,85,85,85,85,85,85,85,85,85,85,85,85,85,85,85,85,85,85,92,92,92,92,92],"card_choices":[{"not_picked":["Clash","Carnage"],"picked":"Feel No Pain","floor":1.0},{"not_picked":["Dodge and Roll","Skewer"],"picked":"Intimidate","floor":3.0},{"not_picked":["Body Slam","Eviscerate"],"picked":"Whirlwind","floor":4.0},{"not_picked":["Wild Strike","PiercingWail"],"picked":"Havoc","floor":5.0},{"not_picked":["Storm of Steel","Bludgeon"],"picked":"Die Die Die","floor":6.0},{"not_picked":["Bludgeon","Immolate"],"picked":"Die Die Die","floor":8.0},{"not_picked":["Immolate","Limit Break"],"picked":"Demon Form+1","floor":10.0},{"not_picked":["Offering","Unload"],"picked":"Adrenaline","floor":14.0},{"not_picked":["Offering","Exhume"],"picked":"Adrenaline","floor":16.0},{"not_picked":["Setup","Intimidate+1"],"picked":"Battle Trance","floor":18.0},{"not_picked":["Disarm","Shockwave","Setup"],"picked":"SKIP","floor":22.0},{"not_picked":["Double Tap","Brutality+1"],"picked":"Dark Embrace+1","floor":23.0},{"not_picked":["Doppelganger","Storm of Steel","Burst"],"picked":"SKIP","floor":25.0},{"not_picked":["Havoc","True Grit","Body Slam+1"],"picked":"SKIP","floor":27.0},{"not_picked":["Barricade+1","Adrenaline"],"picked":"Glass Knife","floor":29.0},{"not_picked":["Dual Wield","Flex","Flame Barrier"],"picked":"SKIP","floor":30.0},{"not_picked":["Sentinel","True Grit","Havoc"],"picked":"SKIP","floor":31.0},{"not_picked":["Bludgeon","Fiend Fire"],"picked":"Tools of the Trade+1","floor":33.0},{"not_picked":["Clash","Warcry+1","Shrug It Off+1"],"picked":"SKIP","floor":35},{"not_picked":["Shrug It Off","Pommel Strike+1","Clash+1"],"picked":"SKIP","floor":36},{"not_picked":["Exhume","Unload"],"picked":"Berserk+1","floor":41},{"not_picked":["Night Terror","Tools of the Trade+1"],"picked":"Venomology","floor":44},{"not_picked":["Double Tap","Barricade+1","Unload"],"picked":"SKIP","floor":47},{"not_picked":["Backflip","Thunderclap","Heavy Blade+1"],"picked":"SKIP","floor":48}],"player_experience":185143,"relics_obtained":[{"floor":6.0,"key":"Frozen Egg 2"},{"floor":8.0,"key":"Juzu Bracelet"},{"floor":9.0,"key":"Incense Burner"},{"floor":10.0,"key":"Orichalcum"},{"floor":14.0,"key":"Pocketwatch"},{"floor":21.0,"key":"Necronomicon"},{"floor":23.0,"key":"Pantograph"},{"floor":25.0,"key":"Smiling Mask"},{"floor":26.0,"key":"Boot"},{"floor":29.0,"key":"PreservedInsect"},{"floor":41,"key":"Dodecahedron"},{"floor":43,"key":"Vajra"},{"floor":44,"key":"Potion Belt"},{"floor":46,"key":"Strawberry"},{"floor":47,"key":"The Courier"}],"event_choices":[{"damage_healed":0.0,"max_hp_gain":0.0,"max_hp_loss":0.0,"gold_gain":0.0,"event_name":"Golden Idol","player_choice":"Take Damage","floor":2.0,"gold_loss":0.0,"damage_taken":20.0,"relics_obtained":["Golden Idol"]},{"cards_removed":["Shockwave"],"damage_healed":0.0,"max_hp_gain":0.0,"max_hp_loss":0.0,"gold_gain":0.0,"event_name":"The Cleric","player_choice":"Card Removal","floor":11.0,"gold_loss":50.0,"damage_taken":0.0},{"damage_healed":0.0,"max_hp_gain":0.0,"max_hp_loss":0.0,"gold_gain":0.0,"event_name":"Duplicator","player_choice":"Copied","floor":20.0,"gold_loss":0.0,"damage_taken":0.0,"cards_obtained":["Adrenaline"]},{"damage_healed":0.0,"max_hp_gain":0.0,"max_hp_loss":0.0,"gold_gain":0.0,"event_name":"Cursed Tome","player_choice":"Obtained Book","floor":21.0,"gold_loss":0.0,"damage_taken":16.0},{"damage_healed":0,"gold_gain":100,"player_choice":"Pray","damage_taken":0,"max_hp_gain":0,"max_hp_loss":0,"event_name":"Golden Shrine","floor":38,"gold_loss":0},{"damage_healed":0,"gold_gain":0,"player_choice":"Trade","damage_taken":0,"relics_obtained":["GremlinMask"],"max_hp_gain":0,"max_hp_loss":0,"event_name":"FaceTrader","floor":39,"gold_loss":0},{"cards_removed":["Flechettes"],"damage_healed":0,"gold_gain":0,"player_choice":"Offered Uncommon","damage_taken":0,"max_hp_gain":0,"max_hp_loss":0,"event_name":"Bonfire Elementals","floor":45,"gold_loss":0}],"is_beta":false,"boss_relics":[{"not_picked":["Runic Cube","Calling Bell"],"picked":"Astrolabe"},{"not_picked":["Sozu","Black Blood"],"picked":"Mark of Pain"}],"items_purged_floors":[],"is_endless":false,"potions_floor_spawned":[4,5,6,8,23,25,27,29,41,47],"ascension_level":0}