{"gold_per_floor":[111,122,122,122,135,135,149,167,193,193,212,212,275,295,295,295],"floor_reached":16,"playtime":873,"items_purged":[],"score":208,"play_id":"add5eb8b-3188-4fa1-bc97-9392f4ee5ca3","local_time":"20190915120710","is_ascension_mode":true,"campfire_choices":[{"data":"Bash","floor":6,"key":"SMITH"},{"data":"Cleave","floor":10,"key":"SMITH"},{"floor":15,"key":"REST"}],"neow_cost":"NONE","seed_source_timestamp":130290820817800,"circlet_count":0,"master_deck":["AscendersBane","Strike_R","Strike_R","Strike_R","Strike_R","Defend_R","Defend_R","Defend_R","Defend_R","Bash+1","Cleave+1","Shrug It Off","Limit Break","Headbutt","True Grit","Clothesline","Shrug It Off"],"relics":["Burning Blood","Golden Idol","Bag of Marbles","Tiny Chest"],"potions_floor_usage":[13],"damage_taken":[{"damage":10,"enemies":"2 Louse","floor":1,"turns":3},{"damage":7,"enemies":"Cultist","floor":2,"turns":4},{"damage":4,"enemies":"Jaw Worm","floor":5,"turns":6},{"damage":9,"enemies":"Lots of Slimes","floor":7,"turns":4},{"damage":6,"enemies":"2 Fungi Beasts","floor":8,"turns":3},{"damage":30,"enemies":"Exordium Thugs","floor":11,"turns":7},{"damage":35,"enemies":"Lagavulin","floor":13,"turns":6},{"damage":9,"enemies":"Large Slime","floor":14,"turns":5},{"damage":38,"enemies":"Hexaghost","floor":16,"turns":9}],"seed_played":"-1395246400968373386","potions_obtained":[{"floor":1,"key":"Dexterity Potion"},{"floor":4,"key":"PowerPotion"},{"floor":4,"key":"FearPotion"}],"is_trial":false,"path_per_floor":["M","M","?","?","M","R","M","M","T","R","M","?","E","M","R","B"],"character_chosen":"IRONCLAD","items_purchased":[],"campfire_rested":1,"item_purchase_floors":[],"current_hp_per_floor":[71,70,70,70,72,72,69,69,69,69,45,45,16,13,35,0],"gold":295,"neow_bonus":"TEN_PERCENT_HP_BONUS","is_prod":false,"is_daily":false,"chose_seed":false,"campfire_upgraded":2,"win_rate":0,"timestamp":1568516830,"path_taken":["M","M","?","?","M","R","M","?","T","R","M","?","E","M","R","BOSS"],"build_version":"2019-09-12","purchased_purges":0,"victory":false,"max_hp_per_floor":[82,82,74,74,74,74,74,74,74,74,74,74,74,74,74,74],"card_choices":[{"not_picked":["Rage","Clash"],"picked":"Cleave","floor":1},{"not_picked":["True Grit","Sword Boomerang"],"picked":"Shrug It Off","floor":2},{"not_picked":["Body Slam","Heavy Blade"],"picked":"Limit Break","floor":5},{"not_picked":["Infernal Blade","Flex","Thunderclap"],"picked":"SKIP","floor":7},{"not_picked":["Evolve","Reckless Charge"],"picked":"Headbutt","floor":8},{"not_picked":["Cleave","Warcry"],"picked":"True Grit","floor":11},{"not_picked":["Pummel","Shrug It Off"],"picked":"Clothesline","floor":13},{"not_picked":["Havoc","Whirlwind"],"picked":"Shrug It Off","floor":14}],"player_experience":745667,"relics_obtained":[{"floor":9,"key":"Bag of Marbles"},{"floor":13,"key":"Tiny Chest"}],"event_choices":[{"damage_healed":0,"gold_gain":0,"player_choice":"Lose Max HP","damage_taken":0,"relics_obtained":["Golden Idol"],"max_hp_gain":0,"max_hp_loss":8,"event_name":"Golden Idol","floor":3,"gold_loss":0},{"damage_healed":0,"gold_gain":0,"player_choice":"Got Potions","damage_taken":0,"max_hp_gain":0,"max_hp_loss":0,"event_name":"Lab","floor":4,"gold_loss":0},{"cards_removed":["Strike_R"],"damage_healed":0,"gold_gain":0,"player_choice":"Offered Basic","damage_taken":0,"max_hp_gain":0,"max_hp_loss":0,"event_name":"Bonfire Elementals","floor":12,"gold_loss":0}],"is_beta":true,"boss_relics":[],"items_purged_floors":[],"is_endless":false,"potions_floor_spawned":[1,5,8,11],"killed_by":"Hexaghost","ascension_level":20}