{"gold_per_floor":[114,114,129,141,160,191,191,222,245,245,256,273,290,302,302,399,399,413,36,53,143,162,162,177,177,177,211,211,230,245,279,279,381,381,392,492,0,0,14,14,28,48,48,65,82,7,19,119,119,119],"floor_reached":51,"playtime":3243,"items_purged":["Strike_R"],"score":707,"play_id":"e003a721-2b11-4ea3-8e40-c9b201d1d894","local_time":"20190312005141","is_ascension_mode":false,"campfire_choices":[{"data":"Spot Weakness","floor":7,"key":"SMITH"},{"floor":10,"key":"REST"},{"floor":15,"key":"REST"},{"floor":23,"key":"REST"},{"data":"Juggernaut","floor":25,"key":"SMITH"},{"data":"Feel No Pain","floor":28,"key":"SMITH"},{"data":"Intimidate","floor":32,"key":"SMITH"},{"data":"Demon Form","floor":40,"key":"SMITH"},{"floor":49,"key":"REST"}],"neow_cost":"NONE","seed_source_timestamp":46700448847623,"circlet_count":0,"master_deck":["Strike_R","Strike_R","Strike_R","Strike_R","Defend_R","Defend_R","Defend_R","Defend_R","Bash","True Grit","Shrug It Off","Clothesline","Spot Weakness+1","Sever Soul","Cleave","Blood for Blood","Intimidate+1","Juggernaut+1","Feel No Pain+1","Pummel","Heavy Blade+1","Demon Form+1","Battle Trance","Pummel"],"relics":["Burning Blood","Anchor","Potion Belt","Boot","Snecko Eye","Charon\u0027s Ashes","Mercury Hourglass","Lantern","Paper Frog","Lizard Tail","WingedGreaves","Red Mask","Shuriken"],"potions_floor_usage":[6,16,31,33,45,47,50,50],"damage_taken":[{"damage":7,"enemies":"2 Louse","floor":1,"turns":3},{"damage":8,"enemies":"Jaw Worm","floor":3,"turns":4},{"damage":6,"enemies":"Cultist","floor":4,"turns":3},{"damage":12,"enemies":"Blue Slaver","floor":5,"turns":4},{"damage":27,"enemies":"3 Sentries","floor":6,"turns":8},{"damage":26,"enemies":"Lagavulin","floor":8,"turns":9},{"damage":0,"enemies":"3 Louse","floor":11,"turns":3},{"damage":10,"enemies":"2 Fungi Beasts","floor":12,"turns":3},{"damage":28,"enemies":"Gremlin Gang","floor":13,"turns":5},{"damage":5,"enemies":"Lots of Slimes","floor":14,"turns":4},{"damage":71,"enemies":"Slime Boss","floor":16,"turns":15},{"damage":0,"enemies":"Chosen","floor":18,"turns":3},{"damage":13,"enemies":"3 Byrds","floor":20,"turns":4},{"damage":19,"enemies":"Snecko","floor":22,"turns":5},{"damage":0,"enemies":"Chosen and Byrds","floor":24,"turns":4},{"damage":25,"enemies":"Book of Stabbing","floor":27,"turns":5},{"damage":0,"enemies":"Centurion and Healer","floor":29,"turns":6},{"damage":0,"enemies":"Sentry and Sphere","floor":30,"turns":3},{"damage":0,"enemies":"Gremlin Leader","floor":31,"turns":3},{"damage":51,"enemies":"Collector","floor":33,"turns":5},{"damage":41,"enemies":"3 Darklings","floor":35,"turns":4},{"damage":15,"enemies":"Mind Bloom Boss Battle","floor":36,"turns":5},{"damage":0,"enemies":"3 Shapes","floor":39,"turns":4},{"damage":13,"enemies":"3 Darklings","floor":41,"turns":5},{"damage":14,"enemies":"Writhing Mass","floor":42,"turns":5},{"damage":5,"enemies":"Sphere and 2 Shapes","floor":44,"turns":3},{"damage":26,"enemies":"Jaw Worm Horde","floor":45,"turns":4},{"damage":18,"enemies":"Spire Growth","floor":47,"turns":4},{"damage":93,"enemies":"Donu and Deca","floor":50,"turns":9}],"seed_played":"3846566632573670282","potions_obtained":[{"floor":1,"key":"Regen Potion"},{"floor":3,"key":"Strength Potion"},{"floor":11,"key":"LiquidBronze"},{"floor":13,"key":"SmokeBomb"},{"floor":20,"key":"Fire Potion"},{"floor":22,"key":"FearPotion"},{"floor":27,"key":"FairyPotion"},{"floor":35,"key":"Regen Potion"},{"floor":41,"key":"Regen Potion"},{"floor":42,"key":"BloodPotion"},{"floor":44,"key":"SkillPotion"}],"is_trial":false,"path_per_floor":["M","?","M","M","M","E","R","E","T","R","M","M","M","M","R","B",null,"M","$","M","?","M","R","M","R","T","E","R","M","M","E","R","B",null,"M","?","?","?","M","R","M","M","T","M","M","$","M","?","R","B",null],"character_chosen":"IRONCLAD","items_purchased":["Charon\u0027s Ashes","Feel No Pain"],"campfire_rested":4,"item_purchase_floors":[19,19],"current_hp_per_floor":[87,87,85,85,79,58,58,38,38,64,70,66,44,45,71,18,88,88,88,81,65,52,78,84,84,84,65,65,71,77,83,83,38,88,53,44,44,77,77,77,70,62,62,63,55,55,50,50,73,13],"gold":119,"neow_bonus":"TEN_PERCENT_HP_BONUS","is_prod":false,"is_daily":false,"chose_seed":false,"campfire_upgraded":5,"win_rate":0.0,"timestamp":1552366301,"path_taken":["M","?","M","M","M","E","R","E","T","R","M","M","M","M","R","BOSS","M","$","M","?","M","R","?","R","T","E","R","M","M","E","R","BOSS","M","?","?","?","M","R","M","M","T","M","M","$","M","?","R","BOSS"],"build_version":"2019-01-23","purchased_purges":1,"victory":true,"max_hp_per_floor":[88,88,88,88,88,88,88,88,88,88,88,88,88,88,88,88,88,88,88,88,88,88,88,88,88,88,88,88,88,88,88,88,88,88,88,88,88,77,77,77,77,77,77,77,77,77,77,77,77,77],"card_choices":[{"not_picked":["Second Wind","Sword Boomerang"],"picked":"True Grit","floor":1},{"not_picked":["Twin Strike","Perfected Strike"],"picked":"Shrug It Off","floor":3},{"not_picked":["Clash","Sword Boomerang","Bloodletting"],"picked":"SKIP","floor":4},{"not_picked":["Thunderclap","Twin Strike"],"picked":"Clothesline","floor":5},{"not_picked":["Immolate","Iron Wave"],"picked":"Spot Weakness","floor":6},{"not_picked":["Warcry","Body Slam","Thunderclap"],"picked":"SKIP","floor":8},{"not_picked":["Bloodletting","Warcry"],"picked":"Sever Soul","floor":11},{"not_picked":["Wild Strike","Perfected Strike"],"picked":"Cleave","floor":12},{"not_picked":["Dropkick","Fire Breathing"],"picked":"Blood for Blood","floor":13},{"not_picked":["Clothesline","Twin Strike"],"picked":"Intimidate","floor":14},{"not_picked":["Barricade","Impervious"],"picked":"Juggernaut","floor":16},{"not_picked":["Armaments","Headbutt","Perfected Strike"],"picked":"SKIP","floor":18},{"not_picked":["Reckless Charge","Cleave"],"picked":"Pummel","floor":20},{"not_picked":["Cleave","Thunderclap","Blood for Blood"],"picked":"SKIP","floor":22},{"not_picked":["Uppercut","Anger+1"],"picked":"Heavy Blade+1","floor":24},{"not_picked":["True Grit","Body Slam","Bloodletting+1"],"picked":"SKIP","floor":27},{"not_picked":["Twin Strike","Shrug It Off"],"picked":"Demon Form","floor":29},{"not_picked":["Twin Strike+1","Dual Wield","Searing Blow"],"picked":"SKIP","floor":30},{"not_picked":["Flex","Searing Blow","Bloodletting"],"picked":"SKIP","floor":31},{"not_picked":["Clothesline+1","Wild Strike","Spot Weakness"],"picked":"SKIP","floor":35},{"not_picked":["Clash+1","Second Wind"],"picked":"Battle Trance","floor":39},{"not_picked":["Twin Strike+1","Iron Wave","Flex+1"],"picked":"SKIP","floor":41},{"not_picked":["Dark Embrace","True Grit+1","Body Slam+1"],"picked":"SKIP","floor":42},{"not_picked":["Wild Strike","Entrench","Body Slam"],"picked":"SKIP","floor":44},{"not_picked":["Perfected Strike","Shrug It Off","Headbutt"],"picked":"SKIP","floor":45},{"not_picked":["Rage","Ghostly Armor+1"],"picked":"Pummel","floor":47}],"player_experience":36058,"relics_obtained":[{"floor":6,"key":"Anchor"},{"floor":8,"key":"Potion Belt"},{"floor":9,"key":"Boot"},{"floor":26,"key":"Mercury Hourglass"},{"floor":27,"key":"Lantern"},{"floor":31,"key":"Paper Frog"},{"floor":36,"key":"WingedGreaves"},{"floor":43,"key":"Shuriken"}],"event_choices":[{"damage_healed":0,"gold_gain":0,"player_choice":"Leave","damage_taken":0,"max_hp_gain":0,"max_hp_loss":0,"event_name":"The Cleric","floor":2,"gold_loss":0},{"damage_healed":0,"gold_gain":90,"player_choice":"GOLD ","damage_taken":16,"max_hp_gain":0,"max_hp_loss":0,"event_name":"Knowing Skull","floor":21,"potions_obtained":[],"gold_loss":0,"cards_obtained":[]},{"damage_healed":0,"gold_gain":0,"player_choice":"Fight","damage_taken":0,"max_hp_gain":0,"max_hp_loss":0,"event_name":"MindBloom","floor":36,"gold_loss":0},{"damage_healed":0,"gold_gain":0,"player_choice":"Paid","damage_taken":0,"relics_obtained":["Red Mask"],"max_hp_gain":0,"max_hp_loss":0,"event_name":"Tomb of Lord Red Mask","floor":37,"gold_loss":492},{"damage_healed":77,"gold_gain":0,"player_choice":"Heal","damage_taken":0,"max_hp_gain":0,"max_hp_loss":11,"event_name":"The Moai Head","floor":38,"gold_loss":0},{"damage_healed":0,"gold_gain":100,"player_choice":"Pray","damage_taken":0,"max_hp_gain":0,"max_hp_loss":0,"event_name":"Golden Shrine","floor":48,"gold_loss":0}],"is_beta":false,"boss_relics":[{"not_picked":["Tiny House","Black Star"],"picked":"Snecko Eye"},{"not_picked":["Empty Cage","Black Blood"],"picked":"Lizard Tail"}],"items_purged_floors":[46],"is_endless":false,"potions_floor_spawned":[1,3,11,13,20,22,27,30,35,41,42,44],"ascension_level":0}