{"gold_per_floor":[114,129,129,129,144,174,174,189,239,254,269,284,284,284,284,384,384,399,99,114,114,114,114,129,144,199,229,244,259,259,274,274,374,374,389,410,410,185,200,230,80,95,95,95,95,125,125,155,155,155],"floor_reached":50,"playtime":4526,"items_purged":["Normality"],"score":579,"play_id":"7543d35e-9634-481d-847a-da46c206a78c","local_time":"20190521163829","daily_mods":["Chimera","ControlledChaos","Night Terrors"],"is_ascension_mode":false,"campfire_choices":[{"data":"Go for the Eyes","floor":7,"key":"SMITH"},{"data":"Echo Form","floor":13,"key":"SMITH"},{"floor":15,"key":"REST"},{"data":"Fission","floor":23,"key":"SMITH"},{"data":"Chaos","floor":30,"key":"SMITH"},{"data":"Seek","floor":32,"key":"SMITH"},{"data":"White Noise","floor":45,"key":"SMITH"},{"data":"Seek","floor":47,"key":"SMITH"},{"data":"Bash","floor":49,"key":"SMITH"}],"neow_cost":"","seed_source_timestamp":0,"circlet_count":0,"master_deck":["Bash+1","Survivor","Zap","Strike_R","Strike_G","Strike_B","Defend_R","Defend_G","Defend_B","Conserve Battery","Go for the Eyes+1","Echo Form+1","Go for the Eyes","Self Repair+1","Chaos","Fission+1","Steam+1","Seek+1","Hello World+1","Chaos+1","White Noise+1","Seek+1","FTL+1","Injury","Skim","Self Repair+1","Panacea","Chaos+1"],"special_seed":18037,"relics":["Cracked Core","Frozen Eye","Du-Vu Doll","Bag of Preparation","Pen Nib","Cursed Key","Emotion Chip","Tiny Chest","Bottled Lightning","Nuclear Battery","Turnip","Gremlin Horn","Bronze Scales","Omamori","Lantern","Orichalcum","Kunai","Regal Pillow"],"potions_floor_usage":[16,16,27,33,36,50,50],"damage_taken":[{"damage":1,"enemies":"Cultist","floor":1,"turns":4},{"damage":7,"enemies":"2 Louse","floor":2,"turns":3},{"damage":1,"enemies":"Jaw Worm","floor":5,"turns":4},{"damage":32,"enemies":"Lagavulin","floor":6,"turns":6},{"damage":0,"enemies":"Exordium Wildlife","floor":8,"turns":3},{"damage":3,"enemies":"Exordium Thugs","floor":10,"turns":6},{"damage":0,"enemies":"Large Slime","floor":11,"turns":4},{"damage":1,"enemies":"Exordium Wildlife","floor":12,"turns":4},{"damage":9,"enemies":"Hexaghost","floor":16,"turns":8},{"damage":17,"enemies":"3 Byrds","floor":18,"turns":4},{"damage":7,"enemies":"Shell Parasite","floor":20,"turns":5},{"damage":7,"enemies":"Cultist and Chosen","floor":24,"turns":6},{"damage":6,"enemies":"3 Cultists","floor":25,"turns":3},{"damage":19,"enemies":"Book of Stabbing","floor":27,"turns":4},{"damage":0,"enemies":"Snecko","floor":28,"turns":4},{"damage":21,"enemies":"Snake Plant","floor":29,"turns":3},{"damage":8,"enemies":"3 Cultists","floor":31,"turns":4},{"damage":19,"enemies":"Automaton","floor":33,"turns":9},{"damage":16,"enemies":"3 Shapes","floor":35,"turns":5},{"damage":35,"enemies":"2 Orb Walkers","floor":36,"turns":6},{"damage":8,"enemies":"Orb Walker","floor":39,"turns":3},{"damage":17,"enemies":"Nemesis","floor":40,"turns":7},{"damage":9,"enemies":"3 Darklings","floor":42,"turns":4},{"damage":36,"enemies":"Giant Head","floor":46,"turns":6},{"damage":0,"enemies":"Reptomancer","floor":48,"turns":9},{"damage":74,"enemies":"Awakened One","floor":50,"turns":5}],"seed_played":"-7280386136630335372","potions_obtained":[{"floor":2,"key":"SpeedPotion"},{"floor":6,"key":"Dexterity Potion"},{"floor":11,"key":"Strength Potion"},{"floor":16,"key":"Regen Potion"},{"floor":25,"key":"AttackPotion"},{"floor":27,"key":"FocusPotion"},{"floor":46,"key":"PowerPotion"}],"is_trial":false,"path_per_floor":["M","M","$","?","M","E","R","M","T","M","M","M","R","?","R","B",null,"M","$","M","?","$","R","M","M","T","E","M","M","R","M","R","B",null,"M","?","T","$","M","E","$","M","T","?","R","E","R","E","R","B"],"character_chosen":"DEFECT","items_purchased":["Emotion Chip","Bronze Scales","Lantern"],"campfire_rested":1,"item_purchase_floors":[19,38,41],"current_hp_per_floor":[74,67,67,67,66,34,34,34,34,31,31,37,37,37,70,61,70,63,63,66,66,66,66,69,70,70,61,70,59,59,61,61,52,70,64,64,64,64,66,59,59,70,70,70,70,54,54,70,70,0],"gold":155,"neow_bonus":"","is_prod":false,"is_daily":true,"chose_seed":false,"campfire_upgraded":8,"win_rate":0,"timestamp":1558471109,"path_taken":["M","M","?","?","M","E","R","M","T","M","M","?","R","?","R","BOSS","M","$","?","?","?","R","M","?","T","E","M","M","R","M","R","BOSS","M","?","?","$","M","E","?","M","T","?","R","E","R","E","R","BOSS"],"build_version":"2019-01-23","purchased_purges":1,"victory":false,"max_hp_per_floor":[75,75,75,75,75,75,75,75,75,75,75,75,75,75,70,70,70,70,70,70,70,70,70,70,70,70,70,70,70,70,70,70,70,70,70,70,70,70,70,70,70,70,70,70,70,70,70,70,70,70],"card_choices":[{"not_picked":["Streamline","Heatsinks","Turbo"],"picked":"SKIP","floor":1},{"not_picked":["Beam Cell","Redo","Barrage"],"picked":"SKIP","floor":2},{"not_picked":["Consume","Sweeping Beam"],"picked":"Conserve Battery","floor":5},{"not_picked":["Coolheaded","Scrape"],"picked":"Go for the Eyes","floor":6},{"not_picked":["Reinforced Body","Leap"],"picked":"Echo Form","floor":8},{"not_picked":["Coolheaded","Static Discharge"],"picked":"Go for the Eyes","floor":10},{"not_picked":["Steam","FTL"],"picked":"Self Repair","floor":11},{"not_picked":["Compile Driver","Leap"],"picked":"Chaos","floor":12},{"not_picked":["Reboot","Hyperbeam"],"picked":"Fission","floor":16},{"not_picked":["Stack","Barrage+1"],"picked":"Steam+1","floor":18},{"not_picked":["Turbo","Conserve Battery","Cold Snap"],"picked":"SKIP","floor":20},{"not_picked":["Lockon","Coolheaded+1"],"picked":"Seek","floor":24},{"not_picked":["Hologram","Leap+1"],"picked":"Hello World+1","floor":25},{"not_picked":["Darkness","Consume"],"picked":"Chaos","floor":27},{"not_picked":["Sweeping Beam","Static Discharge"],"picked":"White Noise","floor":28},{"not_picked":["BootSequence","Sweeping Beam","Melter"],"picked":"SKIP","floor":29},{"not_picked":["Steam","Static Discharge","Hologram"],"picked":"SKIP","floor":31},{"not_picked":["Reboot","Biased Cognition"],"picked":"Seek","floor":33},{"not_picked":["Auto Shields+1","Reinforced Body","Turbo"],"picked":"SKIP","floor":35},{"not_picked":["Blizzard+1","Darkness+1"],"picked":"FTL+1","floor":36},{"not_picked":["Rebound","BootSequence"],"picked":"Skim","floor":39},{"not_picked":["Stack","Steam+1"],"picked":"Self Repair+1","floor":40},{"not_picked":["Leap","Hologram","Rebound"],"picked":"SKIP","floor":42},{"not_picked":["Impatience","Swift Strike"],"picked":"Panacea","floor":44},{"not_picked":["Conserve Battery","Reinforced Body","Turbo+1"],"picked":"SKIP","floor":46},{"not_picked":["Go for the Eyes","Creative AI"],"picked":"Chaos+1","floor":48}],"player_experience":131718,"relics_obtained":[{"floor":4,"key":"Du-Vu Doll"},{"floor":6,"key":"Bag of Preparation"},{"floor":9,"key":"Pen Nib"},{"floor":26,"key":"Tiny Chest"},{"floor":27,"key":"Bottled Lightning"},{"floor":36,"key":"Turnip"},{"floor":37,"key":"Gremlin Horn"},{"floor":40,"key":"Omamori"},{"floor":43,"key":"Orichalcum"},{"floor":46,"key":"Kunai"},{"floor":48,"key":"Regal Pillow"}],"event_choices":[{"damage_healed":0,"gold_gain":0,"player_choice":"Relic","damage_taken":0,"max_hp_gain":0,"max_hp_loss":0,"event_name":"Wheel of Change","floor":4,"gold_loss":0},{"damage_healed":0,"gold_gain":0,"player_choice":"Forge","damage_taken":0,"max_hp_gain":0,"max_hp_loss":0,"event_name":"Accursed Blacksmith","floor":14,"gold_loss":0,"cards_upgraded":["Self Repair"]},{"damage_healed":0,"gold_gain":0,"player_choice":"Ignored","damage_taken":0,"max_hp_gain":0,"max_hp_loss":0,"event_name":"Vampires","floor":21,"gold_loss":0},{"damage_healed":0,"gold_gain":0,"player_choice":"Fight","damage_taken":0,"max_hp_gain":0,"max_hp_loss":0,"event_name":"Mysterious Sphere","floor":36,"gold_loss":0},{"damage_healed":0,"gold_gain":0,"player_choice":"Memory 1","damage_taken":0,"max_hp_gain":0,"max_hp_loss":0,"event_name":"SensoryStone","floor":44,"gold_loss":0}],"is_beta":false,"boss_relics":[{"not_picked":["Eternal Feather","Snecko Eye"],"picked":"Cursed Key"},{"not_picked":["Empty Cage","Runic Pyramid"],"picked":"Nuclear Battery"}],"items_purged_floors":[38],"is_endless":false,"potions_floor_spawned":[2,6,11,16,25,27,28,29,46],"killed_by":"Awakened One","ascension_level":0}