{"gold_per_floor":[10,10,10,23,35,35,64,64,64,64,64,64,117,150,150,224,224,234,234,234,245,245,274,287,287,287,287,183,208,219,236,236,308,308,324,334,346,346,307,334,156,156,156,185,198,226,226,255,255,255,255],"floor_reached":52,"playtime":5277,"items_purged":["Defend_R"],"score":2053,"play_id":"0d309e0e-1a7b-4efa-ae9c-8e727bfb76a0","local_time":"20190906190033","is_ascension_mode":true,"campfire_choices":[{"data":"Bash","floor":6,"key":"SMITH"},{"data":"Uppercut","floor":8,"key":"SMITH"},{"data":"Rampage","floor":10,"key":"SMITH"},{"data":"Iron Wave","floor":12,"key":"SMITH"},{"data":"Shockwave","floor":15,"key":"SMITH"},{"data":"Demon Form","floor":25,"key":"SMITH"},{"data":"Flame Barrier","floor":27,"key":"SMITH"},{"data":"Heavy Blade","floor":32,"key":"SMITH"},{"data":"Limit Break","floor":42,"key":"SMITH"},{"data":"Disarm","floor":47,"key":"SMITH"},{"data":"Flame Barrier","floor":49,"key":"SMITH"}],"neow_cost":"NO_GOLD","seed_source_timestamp":328848540500,"circlet_count":0,"master_deck":["AscendersBane","Defend_R","Defend_R+1","Defend_R","Bash+1","Berserk+1","Iron Wave+1","Iron Wave+1","Uppercut+1","Shockwave+1","Demon Form+1","Bite","Bite","Bite+1","Bite","Bite","Flame Barrier+1","Flame Barrier+1","Heavy Blade+1","Immolate","Disarm+1","Limit Break+1","Shrug It Off+1"],"relics":["Burning Blood","Paper Frog","Magic Flower","Centennial Puzzle","Singing Bowl","Snecko Eye","Bag of Marbles","Ancient Tea Set","Sundial","Busted Crown","Pear","Pantograph","Whetstone","Bronze Scales","War Paint"],"potions_floor_usage":[14,51],"damage_taken":[{"damage":8,"enemies":"Small Slimes","floor":1,"turns":6},{"damage":2,"enemies":"Jaw Worm","floor":4,"turns":5},{"damage":3,"enemies":"2 Louse","floor":5,"turns":4},{"damage":40,"enemies":"3 Sentries","floor":7,"turns":10},{"damage":0,"enemies":"Gremlin Nob","floor":14,"turns":3},{"damage":10,"enemies":"The Guardian","floor":16,"turns":10},{"damage":7,"enemies":"Shell Parasite","floor":18,"turns":3},{"damage":5,"enemies":"2 Thieves","floor":21,"turns":3},{"damage":22,"enemies":"Book of Stabbing","floor":23,"turns":5},{"damage":6,"enemies":"Chosen and Byrds","floor":24,"turns":5},{"damage":15,"enemies":"Gremlin Leader","floor":29,"turns":4},{"damage":7,"enemies":"Snecko","floor":30,"turns":6},{"damage":13,"enemies":"Cultist and Chosen","floor":31,"turns":4},{"damage":47,"enemies":"Collector","floor":33,"turns":6},{"damage":6,"enemies":"3 Shapes","floor":35,"turns":4},{"damage":0,"enemies":"Orb Walker","floor":36,"turns":2},{"damage":40,"enemies":"Transient","floor":37,"turns":6},{"damage":10,"enemies":"Nemesis","floor":40,"turns":5},{"damage":8,"enemies":"Reptomancer","floor":44,"turns":4},{"damage":7,"enemies":"4 Shapes","floor":45,"turns":2},{"damage":4,"enemies":"Nemesis","floor":46,"turns":5},{"damage":29,"enemies":"Giant Head","floor":48,"turns":6},{"damage":31,"enemies":"Awakened One","floor":50,"turns":9},{"damage":26,"enemies":"Time Eater","floor":51,"turns":9}],"seed_played":"-8453755460231030325","potions_obtained":[{"floor":1,"key":"Ancient Potion"},{"floor":4,"key":"SmokeBomb"},{"floor":7,"key":"GamblersBrew"},{"floor":16,"key":"SpeedPotion"},{"floor":24,"key":"LiquidBronze"},{"floor":30,"key":"Energy Potion"},{"floor":36,"key":"PowerPotion"},{"floor":48,"key":"Regen Potion"}],"is_trial":false,"path_per_floor":["M","?","?","M","M","R","E","R","T","R","?","R","T","E","R","B",null,"M","?","?","M","?","E","M","R","T","R","$","E","M","M","R","B",null,"M","M","M","?","$","E","$","R","T","E","M","E","R","E","R","B","B",null],"character_chosen":"IRONCLAD","items_purchased":["Heavy Blade","Disarm","Limit Break"],"campfire_rested":0,"item_purchase_floors":[28,39,41],"current_hp_per_floor":[66,66,71,75,78,78,44,44,44,44,37,37,37,46,46,45,71,75,57,57,57,57,58,61,61,61,61,61,63,65,67,67,50,63,69,71,49,49,49,78,78,78,78,87,89,89,89,71,71,91,83],"gold":255,"neow_bonus":"THREE_RARE_CARDS","is_prod":false,"is_daily":false,"chose_seed":false,"campfire_upgraded":11,"win_rate":0,"timestamp":1567764033,"path_taken":["M","?","?","M","M","R","E","R","T","R","?","R","?","E","R","BOSS","M","?","?","M","?","E","M","R","T","R","$","E","M","?","R","BOSS","M","M","M","?","$","E","$","R","T","E","M","E","R","E","R","BOSS","BOSS"],"build_version":"2019-07-17","purchased_purges":1,"victory":true,"max_hp_per_floor":[75,75,80,80,80,80,80,80,80,80,80,80,80,80,80,80,80,82,57,57,57,57,59,61,61,61,61,61,63,65,67,67,67,67,69,71,73,73,73,85,85,85,85,87,89,89,89,91,91,91,91],"card_choices":[{"not_picked":["Double Tap","Dark Embrace"],"picked":"Berserk","floor":0},{"not_picked":["Second Wind","Wild Strike"],"picked":"Iron Wave","floor":1},{"not_picked":["Clash","Corruption"],"picked":"Rampage","floor":4},{"not_picked":["Reckless Charge","Flex"],"picked":"Iron Wave","floor":5},{"not_picked":["Seeing Red","Intimidate"],"picked":"Uppercut","floor":7},{"not_picked":["Body Slam","Anger"],"picked":"Shockwave","floor":14},{"not_picked":["Fiend Fire","Bludgeon"],"picked":"Demon Form","floor":16},{"not_picked":["Intimidate","Warcry","Sever Soul"],"picked":"Singing Bowl","floor":18},{"not_picked":["Wild Strike","Second Wind+1"],"picked":"Flame Barrier","floor":21},{"not_picked":["Anger","Uppercut","Entrench"],"picked":"Singing Bowl","floor":23},{"not_picked":["Clothesline","Wild Strike","Searing Blow"],"picked":"Singing Bowl","floor":24},{"not_picked":["Blood for Blood","Fire Breathing","Twin Strike+1"],"picked":"Singing Bowl","floor":29},{"not_picked":["Twin Strike+1","Offering","Flex"],"picked":"Singing Bowl","floor":30},{"not_picked":["Headbutt","Perfected Strike","Entrench"],"picked":"Singing Bowl","floor":31},{"not_picked":["Feed","Double Tap"],"picked":"Immolate","floor":33},{"not_picked":["Armaments"],"picked":"Singing Bowl","floor":35},{"not_picked":["Wild Strike"],"picked":"Singing Bowl","floor":36},{"not_picked":["Armaments"],"picked":"Singing Bowl","floor":37},{"not_picked":["Clash"],"picked":"Singing Bowl","floor":40},{"not_picked":["Sever Soul"],"picked":"Singing Bowl","floor":44},{"not_picked":["Anger+1"],"picked":"Singing Bowl","floor":45},{"not_picked":[],"picked":"Shrug It Off","floor":46},{"not_picked":["Offering"],"picked":"Singing Bowl","floor":48}],"player_experience":647002,"relics_obtained":[{"floor":7,"key":"Paper Frog"},{"floor":9,"key":"Magic Flower"},{"floor":13,"key":"Centennial Puzzle"},{"floor":14,"key":"Singing Bowl"},{"floor":23,"key":"Bag of Marbles"},{"floor":26,"key":"Ancient Tea Set"},{"floor":29,"key":"Sundial"},{"floor":40,"key":"Pear"},{"floor":43,"key":"Pantograph"},{"floor":44,"key":"Whetstone"},{"floor":46,"key":"Bronze Scales"},{"floor":48,"key":"War Paint"}],"event_choices":[{"damage_healed":0,"gold_gain":0,"player_choice":"Grow","damage_taken":0,"max_hp_gain":0,"max_hp_loss":0,"event_name":"Living Wall","floor":2,"gold_loss":0,"cards_upgraded":["Berserk"]},{"damage_healed":0,"gold_gain":0,"player_choice":"Donut","damage_taken":0,"max_hp_gain":5,"max_hp_loss":0,"event_name":"Big Fish","floor":3,"gold_loss":0},{"cards_removed":["Strike_R"],"damage_healed":0,"gold_gain":0,"player_choice":"Card Removal","damage_taken":7,"max_hp_gain":0,"max_hp_loss":0,"event_name":"Golden Wing","floor":11,"gold_loss":0},{"damage_healed":0,"gold_gain":0,"player_choice":"Became a vampire","damage_taken":0,"max_hp_gain":0,"max_hp_loss":25,"event_name":"Vampires","floor":19,"gold_loss":0,"cards_obtained":["Bite","Bite","Bite","Bite","Bite"]},{"damage_healed":0,"gold_gain":0,"player_choice":"Read","damage_taken":0,"max_hp_gain":0,"max_hp_loss":0,"event_name":"The Library","floor":20,"gold_loss":0,"cards_obtained":["Flame Barrier"]},{"damage_healed":0,"gold_gain":0,"player_choice":"Got Potions","damage_taken":0,"max_hp_gain":0,"max_hp_loss":0,"event_name":"Lab","floor":22,"gold_loss":0},{"cards_removed":["Rampage"],"damage_healed":0,"gold_gain":0,"player_choice":"Removed Attack","damage_taken":0,"max_hp_gain":0,"max_hp_loss":0,"event_name":"Falling","floor":38,"gold_loss":0}],"is_beta":false,"boss_relics":[{"not_picked":["Runic Pyramid","Eternal Feather"],"picked":"Snecko Eye"},{"not_picked":["Orrery","Astrolabe"],"picked":"Busted Crown"}],"items_purged_floors":[28],"is_endless":false,"potions_floor_spawned":[1,4,7,16,23,24,29,30,36,37,44,48],"ascension_level":20}