{"gold_per_floor":[119,132,132,132,150,150,183,197,197,210,244,263,263,88,88,183,183,201,48,48,60,74,109,109,109,109,109,119,119,135,135],"floor_reached":31,"playtime":2207,"items_purged":["Defend_P","Defend_P"],"score":435,"play_id":"48077375-32f0-40b8-9c70-4a7e2a70942b","local_time":"20190930212810","is_ascension_mode":true,"campfire_choices":[{"data":"Eruption","floor":6,"key":"SMITH"},{"data":"WaveOfTheHand","floor":13,"key":"SMITH"},{"data":"FollowUp","floor":15,"key":"SMITH"},{"floor":24,"key":"REST"},{"floor":29,"key":"REST"}],"neow_cost":"NONE","seed_source_timestamp":101140055235900,"circlet_count":0,"master_deck":["Strike_P","Strike_P","Strike_P","Defend_P+1","Eruption+1","Vigilance+1","FollowUp+1","SandsOfTime","WaveOfTheHand+1","Collect+1","ThirdEye+1","DeceiveReality+1","JustLucky+1","Halt+1","BowlingBash+1","SignatureMove+1","Worship+1","Protect+1","Prostrate+1","Prostrate+1","Pray+1"],"relics":["Black Star","Molten Egg 2","Toxic Egg 2","Darkstone Periapt","Omamori","Mango","Sozu","Potion Belt","War Paint","Nilry\u0027s Codex","Pantograph"],"potions_floor_usage":[7,11,16,31],"damage_taken":[{"damage":11,"enemies":"Jaw Worm","floor":1,"turns":6},{"damage":0,"enemies":"2 Louse","floor":2,"turns":2},{"damage":0,"enemies":"Small Slimes","floor":5,"turns":4},{"damage":0,"enemies":"Gremlin Nob","floor":7,"turns":2},{"damage":11,"enemies":"Red Slaver","floor":8,"turns":4},{"damage":0,"enemies":"Large Slime","floor":10,"turns":4},{"damage":10,"enemies":"Lagavulin","floor":11,"turns":6},{"damage":4,"enemies":"Exordium Wildlife","floor":12,"turns":4},{"damage":0,"enemies":"Hexaghost","floor":16,"turns":8},{"damage":2,"enemies":"Spheric Guardian","floor":18,"turns":5},{"damage":0,"enemies":"Shell Parasite","floor":21,"turns":3},{"damage":0,"enemies":"Centurion and Healer","floor":22,"turns":4},{"damage":60,"enemies":"Slavers","floor":23,"turns":10},{"damage":5,"enemies":"Snake Plant","floor":28,"turns":4},{"damage":19,"enemies":"Sentry and Sphere","floor":30,"turns":4},{"damage":24,"enemies":"Book of Stabbing","floor":31,"turns":1}],"seed_played":"3965471081461754846","potions_obtained":[{"floor":2,"key":"Energy Potion"},{"floor":8,"key":"EssenceOfSteel"},{"floor":11,"key":"DuplicationPotion"},{"floor":12,"key":"SkillPotion"}],"is_trial":false,"path_per_floor":["M","M","?","?","M","R","E","M","T","M","E","M","R","$","R","B",null,"M","$","?","M","M","E","R","?","T","?","M","R","M","E"],"character_chosen":"WATCHER","items_purchased":["Halt+1","BowlingBash+1","Protect+1"],"campfire_rested":2,"item_purchase_floors":[14,14,19],"current_hp_per_floor":[61,61,61,61,61,61,61,50,50,50,54,50,50,50,50,50,86,84,84,67,67,67,7,34,18,18,18,13,40,21,0],"gold":135,"neow_bonus":"BOSS_RELIC","is_prod":false,"is_daily":false,"chose_seed":false,"campfire_upgraded":3,"win_rate":0,"timestamp":1569904090,"path_taken":["M","M","?","?","M","R","E","M","T","M","E","M","R","$","R","BOSS","M","$","?","M","M","E","R","?","T","?","?","R","M","E"],"build_version":"2019-09-27","purchased_purges":2,"victory":false,"max_hp_per_floor":[72,72,72,72,72,72,72,72,72,72,86,86,86,86,86,86,86,86,86,91,91,91,91,91,91,91,91,91,91,91,91],"card_choices":[{"not_picked":["JustLucky","EmptyMind"],"picked":"FollowUp","floor":1},{"not_picked":["BowlingBash","Wireheading"],"picked":"SandsOfTime","floor":2},{"not_picked":["ClearTheMind","FlyingSleeves"],"picked":"WaveOfTheHand","floor":5},{"not_picked":["CrushJoints","Scrawl"],"picked":"Collect","floor":7},{"not_picked":["EmptyFist+1","WreathOfFlame+1"],"picked":"ThirdEye+1","floor":8},{"not_picked":["JustLucky+1","MentalFortress"],"picked":"DeceiveReality+1","floor":10},{"not_picked":["Ragnarok+1","LessonLearned+1","SashWhip+1"],"picked":"SKIP","floor":11},{"not_picked":["Scrawl+1","EmptyBody+1"],"picked":"JustLucky+1","floor":12},{"not_picked":["Wish+1","Blasphemy+1"],"picked":"SignatureMove+1","floor":16},{"not_picked":["PathToVictory+1","Evaluate+1"],"picked":"Worship+1","floor":18},{"not_picked":["CutThroughFate+1","Swivel+1"],"picked":"Prostrate+1","floor":21},{"not_picked":["ThirdEye+1","Halt+1","Crescendo+1"],"picked":"SKIP","floor":22},{"not_picked":["CutThroughFate+1","MentalFortress"],"picked":"Prostrate+1","floor":23},{"not_picked":["Weave+1","JustLucky+1","ForeignInfluence+1"],"picked":"SKIP","floor":28},{"not_picked":["Wireheading+1","FollowUp+1"],"picked":"Pray+1","floor":30}],"player_experience":789641,"relics_obtained":[{"floor":7,"key":"Molten Egg 2"},{"floor":7,"key":"Toxic Egg 2"},{"floor":9,"key":"Darkstone Periapt"},{"floor":11,"key":"Omamori"},{"floor":11,"key":"Mango"},{"floor":23,"key":"Potion Belt"},{"floor":23,"key":"War Paint"},{"floor":25,"key":"Nilry\u0027s Codex"},{"floor":26,"key":"Pantograph"}],"event_choices":[{"damage_healed":0,"gold_gain":0,"player_choice":"Ignored","damage_taken":0,"max_hp_gain":0,"max_hp_loss":0,"event_name":"Liars Game","floor":3,"gold_loss":0},{"cards_removed":["Strike_P"],"damage_healed":0,"gold_gain":0,"player_choice":"Forget","damage_taken":0,"max_hp_gain":0,"max_hp_loss":0,"event_name":"Living Wall","floor":4,"gold_loss":0},{"damage_healed":0,"gold_gain":0,"player_choice":"Shed Blood","damage_taken":22,"max_hp_gain":5,"max_hp_loss":0,"event_name":"Forgotten Altar","floor":20,"gold_loss":0},{"damage_healed":0,"gold_gain":0,"player_choice":"Obtained Book","damage_taken":16,"max_hp_gain":0,"max_hp_loss":0,"event_name":"Cursed Tome","floor":25,"gold_loss":0},{"cards_removed":["Defend_P"],"damage_healed":0,"gold_gain":0,"player_choice":"Offered Basic","damage_taken":0,"max_hp_gain":0,"max_hp_loss":0,"event_name":"Bonfire Elementals","floor":27,"gold_loss":0}],"is_beta":true,"boss_relics":[{"not_picked":["Tiny House","Velvet Choker"],"picked":"Sozu"}],"items_purged_floors":[14,19],"is_endless":false,"potions_floor_spawned":[2,8,11,12,21,23],"killed_by":"Book of Stabbing","ascension_level":4}