{"path_per_floor":["M","M","?","M","M","R","M","?","T","M","$","?","R","M","R","B",null,"M","M","M","?","$","E","$","?","T","T","$","$","M","?","R","B",null,"M","?","M","M","?","R","M","$","T","R","T","M","$","M","R","B"],"character_chosen":"IRONCLAD","items_purchased":["Pen Nib","Inflame","Shrug It Off","Vajra","Mind Blast","Metallicize","Sword Boomerang"],"gold_per_floor":[114,129,129,148,167,167,186,361,436,455,230,230,230,249,249,374,374,393,412,431,331,231,299,222,222,222,247,247,199,218,218,218,343,343,362,362,381,400,400,400,419,269,294,294,294,313,7,26,26,26],"floor_reached":51,"campfire_rested":2,"playtime":3686,"current_hp_per_floor":[77,77,83,83,83,83,80,86,92,92,92,92,92,90,90,82,104,94,94,75,75,75,64,64,64,70,83,83,83,83,83,119,112,129,126,126,113,97,97,129,116,116,122,122,128,124,124,123,123,67],"items_purged":["Corruption","Strike_R","Sever Soul"],"gold":26,"score":860,"play_id":"9ee3f6fe-cc31-4ed6-8b1c-4c77beefa6e4","local_time":"20180324012408","daily_mods":["Allstar","Cursed Run","Insanity"],"is_prod":false,"is_daily":true,"is_ascension_mode":false,"campfire_upgraded":5,"timestamp":1521879848,"path_taken":["M","M","?","M","M","R","?","?","T","?","$","?","R","M","R","BOSS","M","M","M","?","$","E","?","?","T","?","?","$","?","?","R","BOSS","M","?","M","?","?","R","?","?","T","R","?","M","$","M","R","BOSS"],"build_version":"2018-03-22","purchased_purges":3,"victory":true,"master_deck":["Impervious+1","Power Through","Warcry+1","Flame Barrier","Headbutt","Shrug It Off+1","Flame Barrier","Impervious","Entrench","Pommel Strike","Clash","Sentinel","Rampage","Corruption+1","Infernal Blade","Clothesline","Seeing Red","Twin Strike","Second Wind","Iron Wave","Brutality","Bash","Disarm","Flame Barrier","Sever Soul","Uppercut","Bloodletting","Dual Wield","Searing Blow","Shockwave","Headbutt","Double Tap","Wild Strike","Headbutt","Rage","Armaments","Shockwave","Anger","Sever Soul","Flex","Power Through","Rampage","Bludgeon","Headbutt","Uppercut","True Grit","Blind","Transmutation","Injury","Second Wind","Feel No Pain+1","Doubt","Injury","Ghostly Armor","Pummel+1","Decay","Offering","Iron Wave+1","Fire Breathing+1","J.A.X.","Battle Trance+1","Inflame+1","Regret","Decay","Shrug It Off","Clumsy","Impervious","Feel No Pain+1","Second Wind","Armaments+1","Writhe","Clumsy","Mind Blast+1","Metallicize","Sword Boomerang","Writhe"],"max_hp_per_floor":[80,80,86,86,86,86,86,92,98,98,98,98,98,98,98,104,104,104,104,104,104,104,104,104,104,110,123,123,123,123,123,123,129,129,129,129,129,129,129,129,129,129,135,135,141,141,141,141,141,147],"relics":["Cursed Key","Darkstone Periapt","Du-Vu Doll","Golden Idol","Letter Opener","Pen Nib","Runic Cube","Tiny Chest","War Paint","Strawberry","Sozu","Vajra","Orichalcum","Gambling Chip"],"card_choices":[{"not_picked":["Flex","Headbutt"],"picked":"Second Wind","floor":4},{"not_picked":["Clash","Fiend Fire"],"picked":"Feel No Pain","floor":5},{"not_picked":["Flex","Headbutt"],"picked":"Ghostly Armor","floor":10},{"not_picked":["Clash","Dropkick"],"picked":"Pummel","floor":14},{"not_picked":["Berserk","Barricade"],"picked":"Offering","floor":16},{"not_picked":["Hemokinesis","Armaments"],"picked":"Iron Wave","floor":18},{"not_picked":["Blood for Blood","Searing Blow"],"picked":"Fire Breathing","floor":20},{"not_picked":["Wild Strike","Fiend Fire"],"picked":"Battle Trance","floor":23},{"not_picked":["Feed","Reaper"],"picked":"Impervious","floor":33},{"not_picked":["Flex","Heavy Blade"],"picked":"Feel No Pain","floor":35},{"not_picked":["Rupture","Body Slam"],"picked":"Second Wind","floor":37},{"not_picked":["Hemokinesis","Warcry"],"picked":"Armaments","floor":38}],"player_experience":374777,"potions_floor_usage":[16,23,30,33,38,38],"damage_taken":[{"damage":3,"enemies":"Jaw Worm","floor":1,"turns":2},{"damage":0,"enemies":"2 Louse","floor":2,"turns":2},{"damage":0,"enemies":"Small Slimes","floor":4,"turns":2},{"damage":0,"enemies":"Gremlin Gang","floor":5,"turns":4},{"damage":3,"enemies":"3 Louse","floor":7,"turns":2},{"damage":0,"enemies":"Exordium Wildlife","floor":10,"turns":2},{"damage":2,"enemies":"Lots of Slimes","floor":14,"turns":3},{"damage":14,"enemies":"The Guardian","floor":16,"turns":8},{"damage":10,"enemies":"2 Thieves","floor":18,"turns":2},{"damage":0,"enemies":"Spheric Guardian","floor":19,"turns":2},{"damage":19,"enemies":"Slaver and Parasite","floor":20,"turns":3},{"damage":11,"enemies":"Book of Stabbing","floor":23,"turns":5},{"damage":0,"enemies":"Snecko","floor":30,"turns":3},{"damage":13,"enemies":"Champ","floor":33,"turns":9},{"damage":3,"enemies":"3 Shapes","floor":35,"turns":4},{"damage":13,"enemies":"3 Darklings","floor":37,"turns":3},{"damage":16,"enemies":"4 Shapes","floor":38,"turns":5},{"damage":13,"enemies":"Maw","floor":41,"turns":5},{"damage":4,"enemies":"3 Darklings","floor":46,"turns":2},{"damage":1,"enemies":"Spire Growth","floor":48,"turns":2},{"damage":62,"enemies":"Awakened One","floor":50,"turns":7}],"event_choices":[{"event_name":"Golden Idol","player_choice":"Take Wound","floor":3,"damage_taken":0},{"event_name":"Liars Game","player_choice":"agreed","floor":8,"damage_taken":0},{"event_name":"Purifier","player_choice":"One Purge","floor":12,"damage_taken":0},{"event_name":"Drug Dealer","player_choice":"Got JAXXED","floor":21,"damage_taken":0},{"event_name":"The Lab","player_choice":"Got Potions","floor":25,"damage_taken":0},{"event_name":"Purifier","player_choice":"Skipped","floor":31,"damage_taken":0},{"event_name":"Upgrade Shrine","player_choice":"Upgraded","floor":36,"damage_taken":0},{"event_name":"Tomb of Lord Red Mask","player_choice":"Ignored","floor":39,"damage_taken":0}],"boss_relics":[{"not_picked":["Snecko Eye","Philosopher\u0027s Stone"],"picked":"Runic Cube"},{"not_picked":["Runic Pyramid","Black Star"],"picked":"Sozu"}],"potions_floor_spawned":[2,5,7,14,20,23,30,46,48],"seed_played":"-8935585720801490496","ascension_level":0,"is_trial":false}