{"gold_per_floor":[114,132,132,147,216,242,242,272,323,356,356,371,385,401,401,496,496,509,529,579,592,642],"floor_reached":22,"playtime":1193,"items_purged":[],"score":218,"play_id":"16114189-df81-4dc2-98a8-4a474efb362b","local_time":"20190914133201","is_ascension_mode":true,"campfire_choices":[{"floor":7,"key":"REST"},{"data":"Hyperbeam","floor":11,"key":"SMITH"},{"data":"Defragment","floor":15,"key":"SMITH"}],"neow_cost":"TEN_PERCENT_HP_LOSS","seed_source_timestamp":238514069521276,"circlet_count":0,"master_deck":["Strike_B","Strike_B","Defend_B","Defend_B","Defend_B","Defend_B","Zap","Dualcast","Fusion","Hyperbeam+1","Beam Cell","Defragment+1","Chaos","Static Discharge","Chaos","Thunder Strike","Clumsy","Normality","Writhe","Storm","Fusion+1","Enlightenment","Consume+1","Conserve Battery"],"relics":["Cracked Core","SsserpentHead","Mummified Hand","Meat on the Bone","Lantern","Pen Nib","Calling Bell","Bag of Marbles","Gremlin Horn","Prayer Wheel"],"potions_floor_usage":[6,6,10,10],"damage_taken":[{"damage":0,"enemies":"2 Louse","floor":1,"turns":2},{"damage":0,"enemies":"Cultist","floor":2,"turns":2},{"damage":6,"enemies":"Jaw Worm","floor":4,"turns":3},{"damage":22,"enemies":"Exordium Wildlife","floor":5,"turns":5},{"damage":10,"enemies":"Lagavulin","floor":6,"turns":7},{"damage":18,"enemies":"3 Sentries","floor":8,"turns":4},{"damage":26,"enemies":"Gremlin Nob","floor":10,"turns":4},{"damage":0,"enemies":"Lots of Slimes","floor":13,"turns":1},{"damage":0,"enemies":"2 Fungi Beasts","floor":14,"turns":1},{"damage":48,"enemies":"The Guardian","floor":16,"turns":11},{"damage":5,"enemies":"Spheric Guardian","floor":18,"turns":3},{"damage":30,"enemies":"2 Thieves","floor":19,"turns":3},{"damage":18,"enemies":"Centurion and Healer","floor":21,"turns":5},{"damage":47,"enemies":"Chosen and Byrds","floor":22,"turns":4}],"seed_played":"1740044606121326910","potions_obtained":[{"floor":1,"key":"SteroidPotion"},{"floor":2,"key":"Regen Potion"},{"floor":5,"key":"Regen Potion"},{"floor":6,"key":"SteroidPotion"},{"floor":21,"key":"Dexterity Potion"}],"is_trial":false,"path_per_floor":["M","M","?","M","M","E","R","E","T","E","R","?","M","M","R","B",null,"M","M","?","M","M"],"character_chosen":"DEFECT","items_purchased":[],"campfire_rested":1,"item_purchase_floors":[],"current_hp_per_floor":[68,68,68,62,40,45,65,47,47,45,45,62,62,62,62,26,68,63,45,45,39,0],"gold":642,"neow_bonus":"TRANSFORM_TWO_CARDS","is_prod":false,"is_daily":false,"chose_seed":false,"campfire_upgraded":2,"win_rate":0,"timestamp":1568482321,"path_taken":["M","M","?","M","?","E","R","E","T","E","R","?","M","M","R","BOSS","M","M","?","M","?"],"build_version":"2019-07-17","purchased_purges":0,"victory":false,"max_hp_per_floor":[68,68,68,68,68,68,68,68,68,68,68,68,68,68,68,68,68,68,68,68,68,68],"card_choices":[{"not_picked":["Streamline","Sweeping Beam"],"picked":"Beam Cell","floor":1},{"not_picked":["BootSequence","Turbo"],"picked":"Defragment","floor":2},{"not_picked":["Compile Driver","Streamline"],"picked":"Chaos","floor":4},{"not_picked":["Force Field","Skim","Amplify"],"picked":"SKIP","floor":5},{"not_picked":["Turbo","Stack"],"picked":"Static Discharge","floor":6},{"not_picked":["Glacier","Steam","Scrape"],"picked":"SKIP","floor":8},{"not_picked":["Sweeping Beam","Streamline"],"picked":"Chaos","floor":10},{"not_picked":["Skim","Storm","Melter"],"picked":"SKIP","floor":13},{"not_picked":["Stack","Aggregate","Compile Driver"],"picked":"SKIP","floor":14},{"not_picked":["Hyperbeam","Amplify"],"picked":"Thunder Strike","floor":16},{"not_picked":["Steam","Streamline"],"picked":"Storm","floor":18},{"not_picked":["Rip and Tear+1","Cold Snap","Chill"],"picked":"SKIP","floor":18},{"not_picked":["Gash","Leap"],"picked":"Fusion+1","floor":19},{"not_picked":["Rebound+1","Hologram","Compile Driver+1"],"picked":"SKIP","floor":19},{"not_picked":["Meteor Strike","Hologram+1"],"picked":"Consume+1","floor":21},{"not_picked":["Beam Cell","Streamline"],"picked":"Conserve Battery","floor":21}],"player_experience":190820,"relics_obtained":[{"floor":6,"key":"Mummified Hand"},{"floor":8,"key":"Meat on the Bone"},{"floor":9,"key":"Lantern"},{"floor":10,"key":"Pen Nib"},{"floor":17,"key":"Bag of Marbles"},{"floor":17,"key":"Gremlin Horn"},{"floor":17,"key":"Prayer Wheel"}],"event_choices":[{"damage_healed":0,"gold_gain":0,"player_choice":"Trade","damage_taken":0,"relics_obtained":["SsserpentHead"],"max_hp_gain":0,"max_hp_loss":0,"event_name":"FaceTrader","floor":3,"gold_loss":0},{"damage_healed":17,"gold_gain":0,"player_choice":"Healed","damage_taken":0,"max_hp_gain":0,"max_hp_loss":0,"event_name":"The Cleric","floor":12,"gold_loss":35},{"damage_healed":0,"gold_gain":0,"player_choice":"1 cards matched","damage_taken":0,"max_hp_gain":0,"max_hp_loss":0,"event_name":"Match and Keep!","floor":20,"gold_loss":0,"cards_obtained":["Enlightenment"]}],"is_beta":false,"boss_relics":[{"not_picked":["Coffee Dripper","Fusion Hammer"],"picked":"Calling Bell"}],"items_purged_floors":[],"is_endless":false,"potions_floor_spawned":[1,2,5,6,21],"killed_by":"Chosen and Byrds","ascension_level":1}