{"path_per_floor":["M","M","M","?","$","E","M","R","T","?","M","M","M","M","R","B",null,"M","M","M","M","?","E","T","M","T","?","M","$","R","M","R","B",null,"M","M","?","?","M","$","M","M","T","R","M","R","E","M","R","B"],"character_chosen":"IRONCLAD","items_purchased":["True Grit","Wild Strike","Bottled Tornado","Havoc+1","Shuriken","Seeing Red+1","Dexterity Potion"],"gold_per_floor":[114,129,144,144,67,97,112,112,112,112,157,172,187,202,202,302,302,317,332,347,362,562,592,617,632,682,682,697,319,319,334,334,434,434,449,464,464,464,479,1,16,31,31,31,46,46,76,91,91,91],"floor_reached":51,"campfire_rested":1,"playtime":2643,"item_purchase_floors":[5,5,29,29,40,40,40],"current_hp_per_floor":[80,83,86,69,69,55,51,76,76,73,75,86,96,100,100,105,105,113,109,112,119,119,121,121,125,125,109,121,121,121,133,133,125,135,135,139,139,122,132,132,144,144,154,154,154,154,161,161,161,159],"items_purged":["Barricade","Dark Embrace"],"gold":91,"score":984,"play_id":"ac347157-fed5-4ce6-acb5-64215233aac5","local_time":"20180529181633","daily_mods":["Shiny","Uncertain Future","Vintage"],"is_prod":false,"is_daily":true,"chose_seed":false,"is_ascension_mode":false,"campfire_upgraded":6,"win_rate":0,"timestamp":1527642993,"campfire_choices":[{"floor":8,"key":"REST"},{"data":"Feed","floor":15,"key":"SMITH"},{"data":"Brutality","floor":30,"key":"SMITH"},{"data":"Immolate","floor":32,"key":"SMITH"},{"data":"True Grit","floor":44,"key":"SMITH"},{"data":"Exhume","floor":46,"key":"SMITH"},{"data":"Offering","floor":49,"key":"SMITH"}],"path_taken":["M","M","M","?","$","E","?","R","T","?","M","M","M","M","R","BOSS","M","M","M","M","?","E","?","M","T","?","M","$","R","M","R","BOSS","M","M","?","?","M","$","M","M","T","R","?","R","E","M","R","BOSS"],"build_version":"2018-05-28","seed_source_timestamp":0,"purchased_purges":2,"victory":true,"master_deck":["Double Tap+1","Demon Form+1","Bludgeon+1","Feed+1","Limit Break+1","Fiend Fire+1","Berserk","Impervious","Juggernaut","Brutality+1","Reaper","Exhume+1","Offering+1","Immolate+1","True Grit+1","Wild Strike+1","Warcry+1","Sword Boomerang+1","Necronomicurse","Havoc+1","Madness+1","Madness+1","Seeing Red+1","Inflame+1"],"max_hp_per_floor":[80,83,86,86,86,86,86,86,86,86,89,95,101,101,101,105,105,113,113,117,121,121,121,121,125,125,125,129,129,129,133,133,135,135,135,139,139,139,144,144,144,144,154,154,154,154,161,161,161,161],"relics":["Black Blood","War Paint","Bronze Scales","Paper Frog","Toxic Egg 2","Self Forming Clay","Prayer Wheel","Pantograph","Tiny Chest","Blood Vial","Lantern","Sundial","Bottled Flame","Singing Bowl","Matryoshka","Happy Flower","Mummified Hand","Molten Egg 2","Regal Pillow","Dream Catcher","Meat on the Bone","Vajra","Bag of Preparation","Necronomicon","Dead Branch","Bottled Tornado","Omamori","Question Card","White Beast Statue","Mercury Hourglass","Orichalcum","Centennial Puzzle","Shuriken","Bag of Marbles","Toolbox","Pear","Whetstone","Strawberry","Blue Candle"],"card_choices":[{"not_picked":["Entrench","Searing Blow"],"picked":"Warcry","floor":6},{"not_picked":["Shrug It Off+1","True Grit+1"],"picked":"Sword Boomerang","floor":23},{"not_picked":["Immolate+1","Demon Form","Brutality"],"picked":"Singing Bowl","floor":33},{"not_picked":["Sword Boomerang+1","Cleave+1","True Grit+1"],"picked":"Inflame+1","floor":47}],"player_experience":526291,"potions_floor_usage":[6,16,16,16,20,23,33,35,36,39,50,50],"damage_taken":[{"damage":0,"enemies":"2 Louse","floor":1,"turns":1},{"damage":1,"enemies":"Small Slimes","floor":2,"turns":2},{"damage":4,"enemies":"Cultist","floor":3,"turns":2},{"damage":20,"enemies":"Gremlin Nob","floor":6,"turns":3},{"damage":10,"enemies":"Blue Slaver","floor":7,"turns":2},{"damage":15,"enemies":"Exordium Wildlife","floor":11,"turns":2},{"damage":28,"enemies":"Gremlin Gang","floor":12,"turns":4},{"damage":4,"enemies":"Blue Slaver","floor":13,"turns":1},{"damage":4,"enemies":"Red Slaver","floor":14,"turns":1},{"damage":6,"enemies":"Slime Boss","floor":16,"turns":4},{"damage":4,"enemies":"2 Thieves","floor":18,"turns":1},{"damage":14,"enemies":"Shell Parasite","floor":19,"turns":3},{"damage":13,"enemies":"Snake Plant","floor":20,"turns":2},{"damage":17,"enemies":"3 Cultists","floor":21,"turns":4},{"damage":6,"enemies":"Gremlin Leader","floor":23,"turns":3},{"damage":10,"enemies":"Cultist and Chosen","floor":25,"turns":3},{"damage":4,"enemies":"Sentry and Sphere","floor":28,"turns":1},{"damage":1,"enemies":"Centurion and Healer","floor":31,"turns":2},{"damage":20,"enemies":"Automaton","floor":33,"turns":4},{"damage":1,"enemies":"Orb Walker","floor":35,"turns":2},{"damage":5,"enemies":"Flame Bruiser 1 Orb","floor":36,"turns":2},{"damage":15,"enemies":"Spire Growth","floor":39,"turns":2},{"damage":0,"enemies":"3 Darklings","floor":41,"turns":1},{"damage":0,"enemies":"Sphere and 2 Shapes","floor":42,"turns":1},{"damage":0,"enemies":"4 Shapes","floor":45,"turns":1},{"damage":2,"enemies":"2 Orb Walkers","floor":47,"turns":2},{"damage":0,"enemies":"Spire Growth","floor":48,"turns":1},{"damage":12,"enemies":"Donu and Deca","floor":50,"turns":1}],"relics_obtained":[{"floor":1,"key":"War Paint"},{"floor":2,"key":"Bronze Scales"},{"floor":3,"key":"Paper Frog"},{"floor":6,"key":"Toxic Egg 2"},{"floor":7,"key":"Self Forming Clay"},{"floor":9,"key":"Prayer Wheel"},{"floor":11,"key":"Tiny Chest"},{"floor":12,"key":"Blood Vial"},{"floor":13,"key":"Lantern"},{"floor":14,"key":"Sundial"},{"floor":16,"key":"Bottled Flame"},{"floor":18,"key":"Singing Bowl"},{"floor":19,"key":"Matryoshka"},{"floor":20,"key":"Happy Flower"},{"floor":21,"key":"Mummified Hand"},{"floor":23,"key":"Molten Egg 2"},{"floor":24,"key":"Regal Pillow"},{"floor":24,"key":"Dream Catcher"},{"floor":25,"key":"Meat on the Bone"},{"floor":26,"key":"Vajra"},{"floor":26,"key":"Bag of Preparation"},{"floor":27,"key":"Necronomicon"},{"floor":28,"key":"Dead Branch"},{"floor":31,"key":"Omamori"},{"floor":33,"key":"Question Card"},{"floor":35,"key":"Mercury Hourglass"},{"floor":36,"key":"Orichalcum"},{"floor":39,"key":"Centennial Puzzle"},{"floor":41,"key":"Bag of Marbles"},{"floor":42,"key":"Toolbox"},{"floor":43,"key":"Pear"},{"floor":45,"key":"Whetstone"},{"floor":47,"key":"Strawberry"},{"floor":48,"key":"Blue Candle"}],"event_choices":[{"event_name":"Shining Light","player_choice":"Entered Light","floor":4,"damage_taken":0},{"event_name":"Scrap Ooze","player_choice":"success","floor":10,"damage_taken":3},{"event_name":"Wheel of Change","player_choice":"Gold","floor":22,"damage_taken":0},{"event_name":"Cursed Tome","player_choice":"Obtained Book","floor":27,"damage_taken":0},{"event_name":"Tomb of Lord Red Mask","player_choice":"Ignored","floor":37,"damage_taken":0},{"event_name":"Winding Halls","player_choice":"Embrace Madness","floor":38,"damage_taken":0}],"boss_relics":[{"not_picked":["Runic Cube","Philosopher\u0027s Stone"],"picked":"Black Blood"},{"not_picked":["Eternal Feather","Runic Pyramid"],"picked":"White Beast Statue"}],"items_purged_floors":[29,40],"potions_floor_spawned":[3,7,12,14,16,18,19,21,33,35,36,39,41,42,45,47,48],"seed_played":"-522671777961550399","ascension_level":0,"potions_obtained":[{"floor":3,"key":"SkillPotion"},{"floor":7,"key":"EssenceOfSteel"},{"floor":12,"key":"SneckoOil"},{"floor":14,"key":"Fire Potion"},{"floor":16,"key":"LiquidBronze"},{"floor":18,"key":"Block Potion"},{"floor":19,"key":"Block Potion"},{"floor":21,"key":"PowerPotion"},{"floor":33,"key":"Explosive Potion"},{"floor":35,"key":"FearPotion"},{"floor":36,"key":"Fruit Juice"},{"floor":39,"key":"BloodPotion"},{"floor":41,"key":"Dexterity Potion"},{"floor":42,"key":"AttackPotion"},{"floor":45,"key":"SkillPotion"}],"is_trial":false}