{"gold_per_floor":[361,373,323,323,3,3,78,89,89,89,69,69,88,99,99,201,201,221,221,221,233,252,285,285,302,328,328,353,278,278,297,297,400,400,412,8,8,8,21,21,37,37,89,89,115,115,131,150,150,150],"floor_reached":51,"playtime":3901,"items_purged":["Regret"],"score":710,"play_id":"96ef50b9-f868-44dd-a0ef-4e87e9d71f52","local_time":"20190915151735","is_ascension_mode":false,"campfire_choices":[{"data":"Eruption","floor":6,"key":"SMITH"},{"data":"SandsOfTime","floor":12,"key":"SMITH"},{"floor":15,"key":"REST"},{"floor":27,"key":"REST"},{"data":"Establishment","floor":30,"key":"SMITH"},{"data":"MasterReality","floor":32,"key":"SMITH"},{"data":"FlowState","floor":40,"key":"SMITH"},{"data":"Devotion","floor":42,"key":"SMITH"},{"floor":46,"key":"REST"},{"floor":49,"key":"REST"}],"neow_cost":"TEN_PERCENT_HP_LOSS","seed_source_timestamp":147503249101100,"circlet_count":0,"master_deck":["Eruption+1","Vigilance","SandsOfTime+1","EmptyMind","Perseverance","CrushJoints+1","MasterReality+1","Crescendo","FearNoEvil+1","EmptyFist+1","ThirdEye","MentalFortress","Prostrate","Devotion+1","InnerPeace","Adaptation","FearNoEvil+1","Establishment+1","FlurryOfBlows+1","FlowState+1","WindmillStrike+1","Panache","MentalFortress","Halt","JustLucky+1","WindmillStrike+1"],"relics":["PureWater","Blood Vial","Molten Egg 2","Gambling Chip","Sundial","Nloth\u0027s Gift","Centennial Puzzle","Oddly Smooth Stone","Busted Crown","Vajra","Strawberry","Anchor"],"potions_floor_usage":[13,21,22,22,23,33,41,45,50,50],"damage_taken":[{"damage":0,"enemies":"Small Slimes","floor":1,"turns":4},{"damage":0,"enemies":"Cultist","floor":2,"turns":3},{"damage":0,"enemies":"2 Louse","floor":8,"turns":3},{"damage":8,"enemies":"Exordium Thugs","floor":13,"turns":5},{"damage":17,"enemies":"Gremlin Gang","floor":14,"turns":4},{"damage":0,"enemies":"Slime Boss","floor":16,"turns":3},{"damage":11,"enemies":"2 Thieves","floor":18,"turns":3},{"damage":2,"enemies":"Spheric Guardian","floor":21,"turns":3},{"damage":0,"enemies":"Centurion and Healer","floor":22,"turns":4},{"damage":20,"enemies":"Slavers","floor":23,"turns":4},{"damage":0,"enemies":"3 Cultists","floor":25,"turns":4},{"damage":3,"enemies":"Snake Plant","floor":31,"turns":4},{"damage":8,"enemies":"Champ","floor":33,"turns":4},{"damage":0,"enemies":"Orb Walker","floor":35,"turns":2},{"damage":0,"enemies":"3 Shapes","floor":39,"turns":4},{"damage":19,"enemies":"Jaw Worm Horde","floor":41,"turns":4},{"damage":16,"enemies":"Nemesis","floor":45,"turns":3},{"damage":14,"enemies":"Sphere and 2 Shapes","floor":47,"turns":4},{"damage":19,"enemies":"Spire Growth","floor":48,"turns":4},{"damage":5,"enemies":"Donu and Deca","floor":50,"turns":4}],"seed_played":"4855499656973747439","potions_obtained":[{"floor":1,"key":"GamblersBrew"},{"floor":8,"key":"Poison Potion"},{"floor":11,"key":"Dexterity Potion"},{"floor":14,"key":"Swift Potion"},{"floor":22,"key":"SpeedPotion"},{"floor":23,"key":"DuplicationPotion"},{"floor":33,"key":"Strength Potion"},{"floor":39,"key":"SteroidPotion"},{"floor":41,"key":"Fruit Juice"},{"floor":48,"key":"Swift Potion"}],"is_trial":false,"path_per_floor":["M","M","?","?","$","R","?","M","T","$","?","R","M","M","R","B",null,"M","$","?","M","M","E","?","M","T","R","T","?","R","M","R","B",null,"M","$","?","$","M","R","M","R","T","?","E","R","M","M","R","B",null],"character_chosen":"WATCHER","items_purchased":["Molten Egg 2","Panache","MentalFortress","Vajra"],"campfire_rested":4,"item_purchase_floors":[5,36,36,36],"current_hp_per_floor":[59,59,59,59,59,59,54,56,56,56,56,56,50,35,52,54,59,48,48,48,48,50,32,32,34,34,51,51,51,51,50,50,44,59,59,59,59,59,59,59,45,45,52,52,38,59,47,30,51,48],"gold":150,"neow_bonus":"TWO_FIFTY_GOLD","is_prod":false,"is_daily":false,"chose_seed":false,"campfire_upgraded":6,"win_rate":0,"timestamp":1568585855,"path_taken":["M","M","?","?","$","R","?","?","T","$","?","R","M","M","R","BOSS","M","$","?","?","M","E","?","?","T","R","?","?","R","M","R","BOSS","M","$","?","$","M","R","?","R","T","?","E","R","M","M","R","BOSS"],"build_version":"2019-09-12","purchased_purges":1,"victory":true,"max_hp_per_floor":[59,59,59,59,59,59,59,59,59,59,59,59,59,59,59,59,59,59,59,59,59,59,59,59,59,59,59,59,59,59,59,59,59,59,59,59,59,59,59,59,64,64,71,71,71,71,71,71,71,71],"card_choices":[{"not_picked":["Halt","Prostrate"],"picked":"SandsOfTime","floor":1},{"not_picked":["SpiritShield","WaveOfTheHand"],"picked":"Evaluate","floor":2},{"not_picked":["Crescendo","Halt"],"picked":"EmptyMind","floor":8},{"not_picked":["WaveOfTheHand","EmptyBody"],"picked":"Perseverance","floor":13},{"not_picked":["Protect","SpiritShield"],"picked":"CrushJoints+1","floor":14},{"not_picked":["Metaphysics","Unraveling"],"picked":"MasterReality","floor":16},{"not_picked":["EmptyBody","ClearTheMind+1"],"picked":"Devotion","floor":18},{"not_picked":["WaveOfTheHand","EmptyMind"],"picked":"InnerPeace","floor":21},{"not_picked":["ClearTheMind","EmptyMind"],"picked":"Adaptation","floor":22},{"not_picked":["FlyingSleeves+1","Ragnarok+1"],"picked":"FearNoEvil+1","floor":23},{"not_picked":["Swivel+1","BowlingBash+1"],"picked":"Establishment","floor":25},{"not_picked":["EmptyFist+1","BowlingBash+1"],"picked":"FlurryOfBlows+1","floor":31},{"not_picked":["MasterReality","ReachHeaven+1"],"picked":"FlowState","floor":33},{"not_picked":[],"picked":"WindmillStrike+1","floor":35},{"not_picked":["Scrawl+1"],"picked":"SKIP","floor":39},{"not_picked":[],"picked":"Halt","floor":41},{"not_picked":["CrushJoints+1"],"picked":"SKIP","floor":45},{"not_picked":[],"picked":"JustLucky+1","floor":47},{"not_picked":[],"picked":"WindmillStrike+1","floor":48}],"player_experience":704558,"relics_obtained":[{"floor":9,"key":"Gambling Chip"},{"floor":23,"key":"Sundial"},{"floor":26,"key":"Centennial Puzzle"},{"floor":28,"key":"Oddly Smooth Stone"},{"floor":43,"key":"Strawberry"},{"floor":45,"key":"Anchor"}],"event_choices":[{"cards_removed":["Defend_P"],"damage_healed":0,"gold_gain":0,"player_choice":"Card Removal","damage_taken":0,"max_hp_gain":0,"max_hp_loss":0,"event_name":"The Cleric","floor":3,"gold_loss":50},{"damage_healed":0,"gold_gain":0,"player_choice":"Box","damage_taken":0,"relics_obtained":["Blood Vial"],"max_hp_gain":0,"max_hp_loss":0,"event_name":"Big Fish","floor":4,"gold_loss":0,"cards_obtained":["Regret"]},{"damage_healed":0,"gold_gain":75,"player_choice":"Touch","damage_taken":5,"max_hp_gain":0,"max_hp_loss":0,"event_name":"FaceTrader","floor":7,"gold_loss":0},{"damage_healed":0,"gold_gain":0,"player_choice":"Bought 1 Potion","damage_taken":0,"max_hp_gain":0,"max_hp_loss":0,"event_name":"The Woman in Blue","floor":11,"gold_loss":0},{"cards_removed":["Evaluate"],"damage_healed":0,"gold_gain":0,"player_choice":"Purged","damage_taken":0,"max_hp_gain":0,"max_hp_loss":0,"event_name":"Purifier","floor":20,"gold_loss":0},{"damage_healed":0,"gold_gain":0,"player_choice":"Traded Relic","damage_taken":0,"relics_obtained":["Nloth\u0027s Gift"],"max_hp_gain":0,"max_hp_loss":0,"event_name":"N\u0027loth","floor":24,"relics_lost":["Pandora\u0027s Box"],"gold_loss":0},{"cards_removed":["FlyingSleeves"],"damage_healed":0,"gold_gain":0,"player_choice":"Gave Gold","damage_taken":0,"max_hp_gain":0,"max_hp_loss":0,"event_name":"Beggar","floor":29,"gold_loss":75},{"damage_healed":0,"gold_gain":0,"player_choice":"Ignored","damage_taken":0,"max_hp_gain":0,"max_hp_loss":0,"event_name":"SecretPortal","floor":37,"gold_loss":0},{"damage_healed":0,"gold_gain":0,"player_choice":"Ignored","damage_taken":0,"max_hp_gain":0,"max_hp_loss":0,"event_name":"Mysterious Sphere","floor":44,"gold_loss":0}],"is_beta":true,"boss_relics":[{"not_picked":["Ectoplasm","VioletLotus"],"picked":"Pandora\u0027s Box"},{"not_picked":["Fusion Hammer","Black Star"],"picked":"Busted Crown"}],"items_purged_floors":[5],"is_endless":false,"potions_floor_spawned":[1,8,14,22,23,33,39,41,48],"ascension_level":0}