{"gold_per_floor":[18,18,34,44,44,44,44,44,44,59,88,100,100,127,127,201,201,215,248,122,139,139,139,64,93,93,121,138,152,152,152,152,223,223,236,236,256,46,63,97,97,97,97,109,109,27,38,55,55,55,55],"floor_reached":51,"playtime":5151,"items_purged":["Strike_R","Bloodletting"],"score":1475,"play_id":"12a22ce9-7078-4b17-b500-141c51b7f1be","local_time":"20190914103215","is_ascension_mode":true,"campfire_choices":[{"data":"Whirlwind","floor":6,"key":"SMITH"},{"data":"Bash","floor":8,"key":"SMITH"},{"data":"Armaments","floor":13,"key":"SMITH"},{"data":"Clothesline","floor":15,"key":"SMITH"},{"data":"Immolate","floor":23,"key":"SMITH"},{"data":"Inflame","floor":30,"key":"SMITH"},{"data":"Heavy Blade","floor":32,"key":"SMITH"},{"data":"Limit Break","floor":42,"key":"SMITH"},{"floor":45,"key":"REST"},{"floor":49,"key":"RECALL"}],"neow_cost":"NO_GOLD","seed_source_timestamp":33910416130200,"circlet_count":0,"master_deck":["AscendersBane","Defend_R","Defend_R","Defend_R","Defend_R","Bash+1","Twin Strike","Whirlwind+1","Armaments+1","Clothesline+1","Bludgeon","Offering","Intimidate+1","Inflame+1","Heavy Blade+1","Immolate+1","Fiend Fire+1","Limit Break+1","Pummel+1","Disarm","Spot Weakness","Headbutt+1","Shrug It Off","Shrug It Off"],"relics":["Burning Blood","Mango","FossilizedHelix","Smiling Mask","Ornamental Fan","Runic Pyramid","Red Mask","Singing Bowl","Molten Egg 2","Shuriken","Velvet Choker","Kunai","Potion Belt"],"potions_floor_usage":[16,19,29,33,50,50,51],"damage_taken":[{"damage":12,"enemies":"Cultist","floor":1,"turns":4},{"damage":7,"enemies":"Jaw Worm","floor":3,"turns":4},{"damage":2,"enemies":"2 Louse","floor":4,"turns":4},{"damage":8,"enemies":"Blue Slaver","floor":10,"turns":3},{"damage":20,"enemies":"3 Sentries","floor":11,"turns":8},{"damage":3,"enemies":"Large Slime","floor":12,"turns":5},{"damage":38,"enemies":"Gremlin Nob","floor":14,"turns":5},{"damage":32,"enemies":"The Guardian","floor":16,"turns":12},{"damage":0,"enemies":"Chosen","floor":18,"turns":5},{"damage":0,"enemies":"Masked Bandits","floor":19,"turns":2},{"damage":11,"enemies":"Shell Parasite","floor":21,"turns":4},{"damage":31,"enemies":"Slavers","floor":25,"turns":3},{"damage":0,"enemies":"Gremlin Leader","floor":27,"turns":5},{"damage":6,"enemies":"3 Cultists","floor":28,"turns":3},{"damage":6,"enemies":"Cultist and Chosen","floor":29,"turns":2},{"damage":28,"enemies":"Champ","floor":33,"turns":12},{"damage":13,"enemies":"3 Shapes","floor":35,"turns":2},{"damage":0,"enemies":"Orb Walker","floor":37,"turns":3},{"damage":21,"enemies":"Maw","floor":39,"turns":7},{"damage":22,"enemies":"Nemesis","floor":40,"turns":5},{"damage":32,"enemies":"4 Shapes","floor":44,"turns":6},{"damage":28,"enemies":"3 Darklings","floor":47,"turns":3},{"damage":11,"enemies":"Writhing Mass","floor":48,"turns":5},{"damage":16,"enemies":"Time Eater","floor":50,"turns":6},{"damage":29,"enemies":"Donu and Deca","floor":51,"turns":3}],"seed_played":"-3100513937150193989","potions_obtained":[{"floor":1,"key":"Regen Potion"},{"floor":4,"key":"SpeedPotion"},{"floor":18,"key":"DuplicationPotion"},{"floor":25,"key":"AttackPotion"},{"floor":29,"key":"Fire Potion"},{"floor":44,"key":"Ancient Potion"},{"floor":47,"key":"Ancient Potion"}],"is_trial":false,"path_per_floor":["M","$","M","M","$","R","?","R","T","M","E","M","R","E","R","B",null,"M","?","$","M","?","R","?","E","T","E","M","M","R","?","R","B",null,"M","?","M","$","M","E","$","R","T","M","R","$","M","M","R","B","B"],"character_chosen":"IRONCLAD","items_purchased":["Inflame","Disarm","LiquidBronze","Shrug It Off","Dexterity Potion"],"campfire_rested":1,"item_purchase_floors":[20,38,38,46,46],"current_hp_per_floor":[76,76,75,79,79,79,72,72,72,70,56,59,59,27,27,16,71,77,83,83,78,78,78,78,55,55,63,63,65,65,56,56,34,80,75,75,81,81,68,52,52,52,52,26,55,55,33,30,30,20,0],"gold":55,"neow_bonus":"ONE_RARE_RELIC","is_prod":false,"is_daily":false,"chose_seed":false,"campfire_upgraded":8,"win_rate":0,"timestamp":1568424735,"path_taken":["M","?","M","M","?","R","?","R","T","M","E","M","R","E","R","BOSS","M","?","$","M","?","R","?","E","T","E","M","M","R","?","R","BOSS","M","?","M","$","M","E","?","R","T","?","R","$","M","M","R","BOSS","BOSS"],"build_version":"2019-09-12","purchased_purges":2,"victory":false,"max_hp_per_floor":[89,89,89,89,89,89,89,89,89,89,89,89,89,89,89,89,89,89,89,89,89,89,89,89,91,91,93,93,95,95,95,95,95,95,97,97,97,97,99,99,99,99,99,99,99,99,99,101,101,101,101],"card_choices":[{"not_picked":["Blood for Blood","Intimidate"],"picked":"Twin Strike","floor":1},{"not_picked":["Hemokinesis","Uppercut"],"picked":"Whirlwind","floor":3},{"not_picked":["Havoc","Body Slam"],"picked":"Bloodletting","floor":4},{"not_picked":["Evolve","Heavy Blade"],"picked":"Armaments","floor":10},{"not_picked":["Sword Boomerang","Thunderclap"],"picked":"Clothesline","floor":11},{"not_picked":["Twin Strike","Iron Wave","Sentinel"],"picked":"SKIP","floor":12},{"not_picked":["Warcry","Exhume"],"picked":"Bludgeon","floor":14},{"not_picked":["Feed","Double Tap"],"picked":"Offering","floor":16},{"not_picked":["Warcry","Havoc","Sever Soul"],"picked":"SKIP","floor":18},{"not_picked":["Thunderclap","Cleave"],"picked":"Intimidate+1","floor":19},{"not_picked":["Clothesline+1","Clash","Twin Strike"],"picked":"SKIP","floor":21},{"not_picked":["Rage","Evolve","True Grit"],"picked":"Singing Bowl","floor":25},{"not_picked":["Armaments","Perfected Strike+1","Hemokinesis+1"],"picked":"Singing Bowl","floor":27},{"not_picked":["Body Slam+1","Feel No Pain"],"picked":"Fiend Fire+1","floor":28},{"not_picked":["Clothesline+1","Thunderclap+1","Reckless Charge+1"],"picked":"Singing Bowl","floor":29},{"not_picked":["Double Tap","Offering"],"picked":"Limit Break","floor":33},{"not_picked":["Blood for Blood+1","Heavy Blade+1","Battle Trance"],"picked":"Singing Bowl","floor":35},{"not_picked":["Pommel Strike+1","Armaments"],"picked":"Pummel+1","floor":37},{"not_picked":["Entrench","Flex","Clash+1"],"picked":"Singing Bowl","floor":39},{"not_picked":["Searing Blow+1","Headbutt+1"],"picked":"Spot Weakness","floor":40},{"not_picked":["True Grit","Second Wind"],"picked":"Headbutt+1","floor":44},{"not_picked":["Twin Strike+1","Rupture+1"],"picked":"Shrug It Off","floor":47},{"not_picked":["Sentinel","Flex","Headbutt+1"],"picked":"Singing Bowl","floor":48}],"player_experience":717114,"relics_obtained":[{"floor":9,"key":"FossilizedHelix"},{"floor":11,"key":"Smiling Mask"},{"floor":14,"key":"Ornamental Fan"},{"floor":19,"key":"Red Mask"},{"floor":25,"key":"Singing Bowl"},{"floor":26,"key":"Molten Egg 2"},{"floor":27,"key":"Shuriken"},{"floor":40,"key":"Potion Belt"}],"event_choices":[{"cards_removed":["Strike_R"],"damage_healed":0,"gold_gain":0,"player_choice":"Card Removal","damage_taken":7,"max_hp_gain":0,"max_hp_loss":0,"event_name":"Golden Wing","floor":7,"gold_loss":0},{"damage_healed":0,"gold_gain":0,"player_choice":"Fought Bandits","damage_taken":0,"max_hp_gain":0,"max_hp_loss":0,"event_name":"Masked Bandits","floor":19,"gold_loss":0},{"damage_healed":0,"gold_gain":0,"cards_transformed":["Strike_R","Strike_R"],"player_choice":"Became Test Subject","damage_taken":0,"max_hp_gain":0,"max_hp_loss":0,"event_name":"Drug Dealer","floor":22,"gold_loss":0,"cards_obtained":["Heavy Blade","Immolate"]},{"cards_removed":["Strike_R"],"damage_healed":0,"gold_gain":0,"player_choice":"Gave Gold","damage_taken":0,"max_hp_gain":0,"max_hp_loss":0,"event_name":"Beggar","floor":24,"gold_loss":75},{"damage_healed":0,"gold_gain":0,"player_choice":"","damage_taken":9,"max_hp_gain":0,"max_hp_loss":0,"event_name":"Knowing Skull","floor":31,"potions_obtained":[],"gold_loss":0,"cards_obtained":[]},{"damage_healed":0,"gold_gain":0,"player_choice":"Gave Potion","damage_taken":0,"relics_obtained":["Kunai"],"max_hp_gain":0,"max_hp_loss":0,"event_name":"WeMeetAgain","floor":36,"gold_loss":0}],"is_beta":true,"boss_relics":[{"not_picked":["Tiny House","Coffee Dripper"],"picked":"Runic Pyramid"},{"not_picked":["Empty Cage","Runic Dome"],"picked":"Velvet Choker"}],"items_purged_floors":[20,38],"is_endless":false,"potions_floor_spawned":[1,4,11,18,25,27,29,44,47],"killed_by":"Donu and Deca","ascension_level":20}