{"gold_per_floor":[112,112,6,20,40,71,146,146,146,10,24,24,24,42,42,42],"floor_reached":16,"playtime":499,"items_purged":[],"score":100,"play_id":"1529f080-f351-4034-aa08-e3d5f2b84718","local_time":"20190703140113","is_ascension_mode":false,"campfire_choices":[{"floor":8,"key":"REST"},{"floor":12,"key":"REST"},{"data":"Calculated Gamble","floor":15,"key":"SMITH"}],"neow_cost":"NONE","seed_source_timestamp":8048971286011918,"circlet_count":0,"master_deck":["Strike_G","Strike_G","Strike_G","Strike_G","Strike_G","Defend_G","Defend_G","Defend_G","Defend_G","Defend_G","Survivor","Neutralize","Cloak And Dagger","Cloak And Dagger","Infinite Blades","Calculated Gamble+1","Dagger Spray","Acrobatics","Unload"],"relics":["Ring of the Snake","NeowsBlessing","Tough Bandages","Du-Vu Doll"],"potions_floor_usage":[],"damage_taken":[{"damage":0,"enemies":"Jaw Worm","floor":1,"turns":1},{"damage":0,"enemies":"Cultist","floor":4,"turns":1},{"damage":0,"enemies":"2 Louse","floor":5,"turns":1},{"damage":56,"enemies":"Gremlin Nob","floor":6,"turns":7},{"damage":7,"enemies":"2 Fungi Beasts","floor":11,"turns":3},{"damage":3,"enemies":"Blue Slaver","floor":14,"turns":4},{"damage":36,"enemies":"Hexaghost","floor":16,"turns":9}],"seed_played":"-3884888840013477956","potions_obtained":[{"floor":6,"key":"SpeedPotion"},{"floor":11,"key":"FearPotion"}],"is_trial":false,"path_per_floor":["M","?","$","M","M","E","?","R","T","$","M","R","$","M","R","B"],"character_chosen":"THE_SILENT","items_purchased":["Cloak And Dagger","Infinite Blades","Unload"],"campfire_rested":2,"item_purchase_floors":[3,3,10],"current_hp_per_floor":[70,70,70,70,70,14,3,24,24,24,17,38,38,35,35,0],"gold":42,"neow_bonus":"THREE_ENEMY_KILL","is_prod":false,"is_daily":false,"chose_seed":false,"campfire_upgraded":1,"win_rate":0,"timestamp":1562140873,"path_taken":["M","?","$","M","?","E","?","R","T","$","M","R","$","M","R","BOSS"],"build_version":"2019-07-01","purchased_purges":0,"victory":false,"max_hp_per_floor":[70,70,70,70,70,70,70,70,70,70,70,70,70,70,70,70],"card_choices":[{"not_picked":["Outmaneuver","Sucker Punch"],"picked":"Cloak And Dagger","floor":1},{"not_picked":["Caltrops","PiercingWail"],"picked":"Calculated Gamble","floor":4},{"not_picked":["Outmaneuver","Catalyst"],"picked":"Dagger Spray","floor":5},{"not_picked":["Accuracy","Leg Sweep"],"picked":"Acrobatics","floor":6},{"not_picked":["Sucker Punch","Catalyst","Predator"],"picked":"SKIP","floor":11},{"not_picked":["A Thousand Cuts","Deflect","Backflip"],"picked":"SKIP","floor":14}],"player_experience":1495802,"relics_obtained":[{"floor":6,"key":"Tough Bandages"},{"floor":9,"key":"Du-Vu Doll"}],"event_choices":[{"damage_healed":0,"gold_gain":0,"player_choice":"Ignored","damage_taken":0,"max_hp_gain":0,"max_hp_loss":0,"event_name":"NoteForYourself","floor":2,"gold_loss":0},{"damage_healed":0,"gold_gain":75,"player_choice":"Gather Gold","damage_taken":11,"max_hp_gain":0,"max_hp_loss":0,"event_name":"World of Goop","floor":7,"gold_loss":0}],"is_beta":false,"boss_relics":[],"items_purged_floors":[],"is_endless":false,"potions_floor_spawned":[6,11],"killed_by":"Hexaghost","ascension_level":0}