{"gold_per_floor":[114,131,46,46,60,393,393,427,504,504,514,514],"floor_reached":12,"playtime":349,"items_purged":[],"score":176,"play_id":"17de5379-7134-4985-8397-574eb329f239","local_time":"20190930130046","is_ascension_mode":true,"campfire_choices":[{"data":"Anger","floor":7.0,"key":"SMITH"},{"data":"Juggernaut","floor":10.0,"key":"SMITH"}],"neow_cost":"NONE","seed_source_timestamp":1169263219029700,"circlet_count":0,"master_deck":["AscendersBane","Strike_R","Strike_R","Strike_R","Strike_R","Strike_R","Defend_R","Defend_R","Defend_R","Defend_R","Bash+1","Anger+1","True Grit+1","Evolve","Juggernaut+1","True Grit"],"special_seed":0,"relics":["Burning Blood","Old Coin","Vajra","Mercury Hourglass"],"potions_floor_usage":[],"damage_taken":[{"damage":6.0,"enemies":"Jaw Worm","floor":1.0,"turns":4.0},{"damage":1.0,"enemies":"Cultist","floor":2.0,"turns":3.0},{"damage":0.0,"enemies":"2 Louse","floor":5.0,"turns":3.0},{"damage":29.0,"enemies":"Gremlin Nob","floor":6.0,"turns":6.0},{"damage":26.0,"enemies":"3 Sentries","floor":8.0,"turns":7.0},{"damage":24.0,"enemies":"Large Slime","floor":11.0,"turns":5.0},{"damage":16,"enemies":"Exordium Thugs","floor":12,"turns":3}],"seed_played":"-7904790818490519331","potions_obtained":[{"floor":2.0,"key":"Ancient Potion"},{"floor":5.0,"key":"Block Potion"},{"floor":8.0,"key":"ElixirPotion"}],"is_trial":false,"path_per_floor":["M","M","$","?","M","E","R","E","T","R","M","M"],"character_chosen":"IRONCLAD","items_purchased":["Evolve"],"campfire_rested":0,"item_purchase_floors":[3],"current_hp_per_floor":[68,73,73,73,75,52,52,32,32,32,14,0],"gold":514,"neow_bonus":"UPGRADE_CARD","is_prod":false,"is_daily":false,"chose_seed":false,"campfire_upgraded":2,"win_rate":0,"timestamp":1569873646,"path_taken":["M","M","$","?","M","E","R","E","T","R","?","M"],"build_version":"2019-09-27","purchased_purges":0,"victory":false,"max_hp_per_floor":[75,75,75,75,75,75,75,75,75,75,75,75],"card_choices":[{"not_picked":["Sword Boomerang","Searing Blow"],"picked":"Anger","floor":1.0},{"not_picked":["Body Slam","Hemokinesis"],"picked":"True Grit","floor":2.0},{"not_picked":["Twin Strike","Anger","Burning Pact"],"picked":"SKIP","floor":5.0},{"not_picked":["True Grit","Heavy Blade"],"picked":"Juggernaut","floor":6.0},{"not_picked":["Hemokinesis","Armaments","Rampage"],"picked":"SKIP","floor":8.0},{"not_picked":["Clash","Anger"],"picked":"True Grit","floor":11.0}],"player_experience":1141773,"relics_obtained":[{"floor":6.0,"key":"Old Coin"},{"floor":8.0,"key":"Vajra"},{"floor":9.0,"key":"Mercury Hourglass"}],"event_choices":[{"damage_healed":0.0,"max_hp_gain":0.0,"max_hp_loss":0.0,"gold_gain":0.0,"event_name":"Upgrade Shrine","player_choice":"Upgraded","floor":4.0,"gold_loss":0.0,"damage_taken":0.0,"cards_upgraded":["True Grit"]}],"is_beta":true,"boss_relics":[],"items_purged_floors":[],"is_endless":false,"potions_floor_spawned":[2,5,8],"killed_by":"Exordium Thugs","ascension_level":20}