{"path_per_floor":["M","?","$","?","M","E","R","M","T","?","$","M","?","M","R","B",null,"M","M"],"character_chosen":"IRONCLAD","items_purchased":["Mind Blast"],"gold_per_floor":[112,62,62,62,82,111,111,127,127,127,38,56,56,75,75,174,174,189,204],"floor_reached":20,"campfire_rested":2,"playtime":2472,"current_hp_per_floor":[80,80,80,80,80,22,46,51,51,48,48,51,35,41,65,52,80,65,69],"items_purged":[],"gold":204,"play_id":"83d5750d-d449-4980-91a5-5721994d6a53","is_prod":false,"is_daily":false,"campfire_rituals":0,"campfire_upgraded":0,"is_hardmode":false,"path_taken":["M","?","?","?","M","E","R","M","T","?","?","M","?","?","R","BOSS","M","M","M"],"build_version":"2017-12-21-PROD1","purchased_purges":0,"victory":false,"master_deck":["Strike_R","Strike_R","Strike_R","Strike_R","Defend_R","Defend_R","Defend_R","Defend_R","Bash","True Grit","Warcry","Bludgeon","Whirlwind","Mind Blast","Pommel Strike","Iron Wave","Demon Form","Parasite","Regret","Parasite","Shrug It Off","Armaments"],"max_hp_per_floor":[80,80,80,80,80,80,80,80,80,80,80,80,80,80,80,80,80,80,80],"relics":["Burning Blood","Ancient Tea Set","Pantograph","Orichalcum","Calling Bell","Dodecahedron","Self Forming Clay","Gambling Chip"],"campfire_meditates":0,"card_choices":[{"not_picked":["Headbutt","Anger"],"picked":"True Grit"},{"not_picked":["Anger","Body Slam"],"picked":"Warcry"},{"not_picked":["Anger","Second Wind"],"picked":"Bludgeon"},{"not_picked":["Perfected Strike","Warcry"],"picked":"Whirlwind"},{"not_picked":["Thunderclap","Dual Wield"],"picked":"Pommel Strike"},{"not_picked":["Flex","Pummel"],"picked":"Iron Wave"},{"not_picked":["Brutality","Double Tap"],"picked":"Demon Form"},{"not_picked":["Cleave","Whirlwind"],"picked":"Shrug It Off"},{"not_picked":["Perfected Strike","Iron Wave"],"picked":"Armaments"}],"player_experience":0,"potions_floor_usage":[6,16,19,19,20],"damage_taken":[{"damage":1,"enemies":"Cultist","floor":1,"turns":4},{"damage":3,"enemies":"Looter","floor":5,"turns":4},{"damage":64,"enemies":"3 Sentries","floor":6,"turns":22},{"damage":1,"enemies":"Jaw Worm","floor":8,"turns":3},{"damage":3,"enemies":"Red Slaver","floor":12,"turns":5},{"damage":0,"enemies":"3 Louse","floor":14,"turns":3},{"damage":34,"enemies":"The Guardian","floor":16,"turns":10},{"damage":21,"enemies":"Chosen","floor":18,"turns":6},{"damage":2,"enemies":"3 Byrds","floor":19,"turns":4},{"damage":75,"enemies":"Centurion and Healer","floor":20,"turns":13}],"event_choices":[{"event_name":"The Cleric","player_choice":"Card Removal","floor":2,"damage_taken":0},{"event_name":"Liars Game","player_choice":"disagreed","floor":4,"damage_taken":0},{"event_name":"Scrap Ooze","player_choice":"success","floor":10,"damage_taken":3},{"event_name":"Shining Light","player_choice":"Entered Light","floor":13,"damage_taken":0}],"boss_relics":[{"not_picked":["Eternal Feather","Runic Cube"],"picked":"Calling Bell"}],"potions_floor_spawned":[5,12,14,16,18],"seed_played":"-1092543286910748008","killed_by":"Centurion and Healer","is_trial":false}