{"gold_per_floor":[116,133,144,164,114,140,150,164,164,164,164,164,179,194,194,292,292,310,310,400,94,113,148,148,179,204,151,151,151,66,66,66,66],"floor_reached":33,"playtime":7194,"items_purged":["Defend_B"],"score":285,"play_id":"6a0f9be5-8a4e-48c0-8c64-3f4e7c9012fa","local_time":"20191001124127","is_ascension_mode":false,"campfire_choices":[{"data":"Sweeping Beam","floor":15,"key":"SMITH"},{"data":"Biased Cognition","floor":24,"key":"SMITH"},{"data":"RitualDagger","floor":29,"key":"SMITH"},{"data":"Beam Cell","floor":32,"key":"SMITH"}],"neow_cost":"NONE","seed_source_timestamp":60568223484200,"circlet_count":0,"master_deck":["Strike_B+1","Strike_B","Strike_B+1","Defend_B","Defend_B","Defend_B","Zap+1","Dualcast","Genetic Algorithm","Coolheaded+1","Auto Shields","Sweeping Beam+1","Biased Cognition+1","Glacier","Compile Driver","Doom and Gloom+1","Hologram","Beam Cell+1","RitualDagger+1"],"relics":["Cracked Core","Whetstone","Boot","Peace Pipe","Coffee Dripper","Toy Ornithopter","Bottled Lightning","Pen Nib","Juzu Bracelet","Letter Opener","MutagenicStrength"],"potions_floor_usage":[4,16,22,23,25,33],"damage_taken":[{"damage":1,"enemies":"Jaw Worm","floor":1,"turns":2},{"damage":0,"enemies":"Small Slimes","floor":2,"turns":3},{"damage":0,"enemies":"Cultist","floor":3,"turns":4},{"damage":2,"enemies":"3 Louse","floor":4,"turns":4},{"damage":10,"enemies":"Lagavulin","floor":6,"turns":12},{"damage":0,"enemies":"2 Fungi Beasts","floor":7,"turns":4},{"damage":0,"enemies":"Looter","floor":8,"turns":3},{"damage":0,"enemies":"3 Louse","floor":13,"turns":3},{"damage":0,"enemies":"2 Fungi Beasts","floor":14,"turns":3},{"damage":32,"enemies":"The Guardian","floor":16,"turns":14},{"damage":0,"enemies":"Spheric Guardian","floor":18,"turns":3},{"damage":0,"enemies":"Chosen","floor":22,"turns":5},{"damage":27,"enemies":"Book of Stabbing","floor":23,"turns":7},{"damage":22,"enemies":"Slavers","floor":25,"turns":6},{"damage":10,"enemies":"Champ","floor":33,"turns":6}],"seed_played":"-311806674573166533","potions_obtained":[{"floor":1,"key":"Weak Potion"},{"floor":2,"key":"GamblersBrew"},{"floor":7,"key":"Swift Potion"},{"floor":8,"key":"PowerPotion"},{"floor":13,"key":"Regen Potion"},{"floor":18,"key":"Swift Potion"},{"floor":23,"key":"AttackPotion"}],"is_trial":false,"path_per_floor":["M","M","M","M","?","E","M","M","T","$","?","T","M","M","R","B",null,"M","?","?","$","M","E","R","E","T","$","?","R","?","?","R","B"],"character_chosen":"DEFECT","items_purchased":["Toy Ornithopter","Compile Driver","Beam Cell"],"campfire_rested":0,"item_purchase_floors":[21,21,27],"current_hp_per_floor":[74,74,74,72,72,62,62,62,62,62,62,62,62,62,62,39,75,75,61,45,45,50,28,28,11,11,11,5,5,5,5,5,0],"gold":66,"neow_bonus":"UPGRADE_CARD","is_prod":false,"is_daily":false,"chose_seed":false,"campfire_upgraded":4,"win_rate":0,"timestamp":1569951687,"path_taken":["M","M","M","M","?","E","M","M","T","$","?","?","M","M","R","BOSS","M","?","?","$","M","E","R","E","T","$","?","R","?","?","R","BOSS"],"build_version":"2019-07-17","purchased_purges":1,"victory":false,"max_hp_per_floor":[75,75,75,75,75,75,75,75,75,75,75,75,75,75,75,75,75,75,80,80,80,80,80,80,80,80,80,80,80,80,80,80,80],"card_choices":[{"not_picked":["Darkness","Sweeping Beam"],"picked":"Genetic Algorithm","floor":1},{"not_picked":["Sweeping Beam","Reinforced Body"],"picked":"Coolheaded","floor":2},{"not_picked":["Reprogram","FTL"],"picked":"Auto Shields","floor":3},{"not_picked":["Double Energy","Genetic Algorithm","Turbo"],"picked":"SKIP","floor":4},{"not_picked":["All For One","Undo","Conserve Battery"],"picked":"SKIP","floor":6},{"not_picked":["Genetic Algorithm","Skim","Barrage"],"picked":"SKIP","floor":7},{"not_picked":["Scrape","Auto Shields","Redo"],"picked":"SKIP","floor":8},{"not_picked":["Steam Power","Conserve Battery"],"picked":"Sweeping Beam","floor":13},{"not_picked":["Streamline","Barrage","Conserve Battery"],"picked":"SKIP","floor":14},{"not_picked":["Multi-Cast","Buffer"],"picked":"Biased Cognition","floor":16},{"not_picked":["Chill","Blizzard+1"],"picked":"Glacier","floor":18},{"not_picked":["Redo","Rebound+1"],"picked":"Doom and Gloom+1","floor":22},{"not_picked":["Heatsinks","White Noise","Leap+1"],"picked":"SKIP","floor":23},{"not_picked":["Storm+1","Stack+1"],"picked":"Hologram","floor":25}],"player_experience":71450,"relics_obtained":[{"floor":6,"key":"Whetstone"},{"floor":9,"key":"Boot"},{"floor":12,"key":"Peace Pipe"},{"floor":23,"key":"Bottled Lightning"},{"floor":25,"key":"Pen Nib"},{"floor":26,"key":"Juzu Bracelet"}],"event_choices":[{"cards_removed":["Strike_B"],"damage_healed":0,"gold_gain":0,"player_choice":"Card Removal","damage_taken":0,"max_hp_gain":0,"max_hp_loss":0,"event_name":"The Cleric","floor":5,"gold_loss":50},{"damage_healed":0,"gold_gain":0,"player_choice":"Grow","damage_taken":0,"max_hp_gain":0,"max_hp_loss":0,"event_name":"Living Wall","floor":11,"gold_loss":0,"cards_upgraded":["Coolheaded"]},{"damage_healed":0,"gold_gain":0,"player_choice":"Shed Blood","damage_taken":19,"max_hp_gain":5,"max_hp_loss":0,"event_name":"Forgotten Altar","floor":19,"gold_loss":0},{"damage_healed":0,"gold_gain":90,"player_choice":"GOLD ","damage_taken":16,"max_hp_gain":0,"max_hp_loss":0,"event_name":"Knowing Skull","floor":20,"potions_obtained":[],"gold_loss":0,"cards_obtained":[]},{"damage_healed":0,"gold_gain":0,"player_choice":"Joined the Cult","damage_taken":6,"max_hp_gain":0,"max_hp_loss":0,"event_name":"Nest","floor":28,"gold_loss":0,"cards_obtained":["RitualDagger"]},{"damage_healed":0,"gold_gain":0,"player_choice":"Obtained Relic","damage_taken":0,"relics_obtained":["Letter Opener"],"max_hp_gain":0,"max_hp_loss":0,"event_name":"Addict","floor":30,"gold_loss":85},{"damage_healed":0,"gold_gain":0,"player_choice":"Inject Mutagens","damage_taken":0,"relics_obtained":["MutagenicStrength"],"max_hp_gain":0,"max_hp_loss":0,"event_name":"Drug Dealer","floor":31,"gold_loss":0}],"is_beta":false,"boss_relics":[{"not_picked":["Busted Crown","Empty Cage"],"picked":"Coffee Dripper"}],"items_purged_floors":[21],"is_endless":false,"potions_floor_spawned":[1,2,7,8,13,14,18,23],"killed_by":"Champ","ascension_level":0}