{"path_per_floor":["M","?","M","?","M","R","M","M","T","M","$","M","M","?","R","B",null,"M","?","M","$","M","R","E","R","T","?","M","M","E","M","R","B",null,"M","$","?","?","?","E","R","M","T","M","R","M","M","$","R","B"],"character_chosen":"THE_SILENT","items_purchased":["PiercingWail","Ice Cream","Outmaneuver"],"gold_per_floor":[114,114,129,129,144,144,159,174,224,239,110,125,140,315,315,415,415,430,430,445,45,60,60,90,90,90,90,105,120,150,165,165,265,265,280,105,105,105,105,135,135,150,150,165,165,180,195,45,45,45],"floor_reached":51,"campfire_rested":0,"playtime":3230,"current_hp_per_floor":[68,65,65,65,64,63,59,59,65,63,63,63,62,67,66,71,70,69,74,73,72,70,70,69,68,73,35,34,33,30,30,30,35,34,33,32,31,21,21,21,21,21,27,27,27,27,24,24,24,12],"items_purged":["Pain","Pain","Venomology","Storm of Steel"],"gold":45,"score":963,"play_id":"7925a873-fe01-4ee5-b81f-891946161197","local_time":"20180414233028","daily_mods":["Shiny","Cursed Run","Terminal"],"is_prod":false,"is_daily":true,"chose_seed":false,"is_ascension_mode":false,"campfire_upgraded":8,"timestamp":1523773828,"path_taken":["M","?","?","?","M","R","M","M","T","M","$","M","M","?","R","BOSS","M","?","M","?","?","R","E","R","T","?","M","?","E","M","R","BOSS","M","$","?","?","?","E","R","M","T","?","R","?","M","$","R","BOSS"],"build_version":"2018-04-13","seed_source_timestamp":0,"purchased_purges":4,"victory":true,"master_deck":["Adrenaline+1","Envenom+1","Doppelganger+1","Burst","Wraith Form v2","Tools of the Trade","Night Terror","Phantasmal Killer","Unload","After Image+1","Tactician","Bullet Time+1","Glass Knife","Die Die Die","A Thousand Cuts+1","Sucker Punch","Riddle With Holes","Backstab","Quick Slash","Endless Agony","PiercingWail","Slice","Doubt","Dagger Spray","Deflect","Dagger Throw","Decay","Backflip+1","Adrenaline+1","Skewer+1","Doubt","Ghostly","Ghostly","Ghostly","Ghostly","Ghostly","Dash+1","Flying Knee+1","Slice","Flying Knee","Doubt","A Thousand Cuts","Concentrate","Outmaneuver+1","Flash of Steel","Mind Blast","Dramatic Entrance","Die Die Die","Outmaneuver+1","Backflip+1","Decay","Distraction+1","Outmaneuver","Clumsy"],"max_hp_per_floor":[68,67,66,65,64,63,62,61,66,65,64,63,62,67,66,71,70,69,74,73,72,71,70,69,68,73,35,34,33,32,31,30,35,34,33,32,31,30,29,28,27,26,31,30,29,28,27,26,25,30],"relics":["Cursed Key","Darkstone Periapt","Du-Vu Doll","Bronze Scales","Bag of Preparation","Orrery","Ice Cream","Pen Nib","Toolbox","Sozu","Mercury Hourglass","Matryoshka"],"card_choices":[{"not_picked":["Backflip","Underhanded Strike"],"picked":"Sucker Punch","floor":1},{"not_picked":["Acrobatics","Tactician"],"picked":"Riddle With Holes","floor":3},{"not_picked":["Slice","Deadly Poison"],"picked":"Backstab","floor":5},{"not_picked":["Underhanded Strike","PiercingWail"],"picked":"Quick Slash","floor":7},{"not_picked":["Crippling Poison","Grand Finale"],"picked":"Endless Agony","floor":10},{"not_picked":["Predator","Sucker Punch"],"picked":"Slice","floor":13},{"not_picked":["Sucker Punch","Outmaneuver"],"picked":"Dagger Spray","floor":17},{"not_picked":["Backstab","Deadly Poison"],"picked":"Deflect","floor":17},{"not_picked":["Sucker Punch","Prepared"],"picked":"Dagger Throw","floor":18},{"not_picked":["Sucker Punch","Concentrate"],"picked":"Backflip","floor":20},{"not_picked":["Quick Slash","Endless Agony"],"picked":"Adrenaline","floor":22},{"not_picked":["Leg Sweep","Predator"],"picked":"Skewer","floor":24},{"not_picked":["Backflip","Predator"],"picked":"Dash","floor":28},{"not_picked":["Backflip","Prepared"],"picked":"Flying Knee","floor":29},{"not_picked":["Finisher","Skewer"],"picked":"Slice","floor":30},{"not_picked":["Dagger Throw","Underhanded Strike"],"picked":"Flying Knee","floor":31},{"not_picked":["Burst","Tools of the Trade"],"picked":"A Thousand Cuts","floor":33},{"not_picked":["Sucker Punch","Dodge and Roll"],"picked":"Concentrate","floor":35},{"not_picked":["Dark Shackles","Jack Of All Trades"],"picked":"Flash of Steel","floor":38},{"not_picked":["Blind","Bandage Up"],"picked":"Mind Blast","floor":38},{"not_picked":["Deep Breath","Panacea"],"picked":"Dramatic Entrance","floor":38},{"not_picked":["Die Die Die","Dagger Throw"],"picked":"Outmaneuver","floor":40},{"not_picked":["Underhanded Strike","Poisoned Stab"],"picked":"Backflip","floor":42},{"not_picked":["Footwork","Deadly Poison"],"picked":"Distraction","floor":44},{"not_picked":["Sucker Punch","Dagger Throw"],"picked":"Outmaneuver","floor":46}],"player_experience":440429,"potions_floor_usage":[12,16,16,22,24,28,30,30,33,46,47,50],"damage_taken":[{"damage":0,"enemies":"Jaw Worm","floor":1,"turns":3},{"damage":0,"enemies":"Small Slimes","floor":3,"turns":3},{"damage":0,"enemies":"Cultist","floor":5,"turns":2},{"damage":4,"enemies":"Blue Slaver","floor":7,"turns":3},{"damage":0,"enemies":"Lots of Slimes","floor":8,"turns":1},{"damage":2,"enemies":"Large Slime","floor":10,"turns":3},{"damage":0,"enemies":"Exordium Thugs","floor":12,"turns":2},{"damage":0,"enemies":"Exordium Wildlife","floor":13,"turns":2},{"damage":1,"enemies":"The Guardian","floor":16,"turns":6},{"damage":0,"enemies":"3 Byrds","floor":18,"turns":2},{"damage":1,"enemies":"Spheric Guardian","floor":20,"turns":1},{"damage":2,"enemies":"3 Cultists","floor":22,"turns":4},{"damage":0,"enemies":"Gremlin Leader","floor":24,"turns":4},{"damage":0,"enemies":"Snecko","floor":28,"turns":3},{"damage":0,"enemies":"Chosen and Byrds","floor":29,"turns":4},{"damage":3,"enemies":"Book of Stabbing","floor":30,"turns":3},{"damage":0,"enemies":"Snake Plant","floor":31,"turns":2},{"damage":0,"enemies":"Champ","floor":33,"turns":10},{"damage":0,"enemies":"3 Darklings","floor":35,"turns":3},{"damage":0,"enemies":"2 Orb Walkers","floor":40,"turns":2},{"damage":0,"enemies":"Orb Walker","floor":42,"turns":1},{"damage":0,"enemies":"Sphere and 2 Shapes","floor":44,"turns":2},{"damage":0,"enemies":"3 Darklings","floor":46,"turns":3},{"damage":3,"enemies":"4 Shapes","floor":47,"turns":3},{"damage":18,"enemies":"Donu and Deca","floor":50,"turns":6}],"event_choices":[{"event_name":"Scrap Ooze","player_choice":"success","floor":2,"damage_taken":3},{"event_name":"Living Wall","player_choice":"Forget","floor":4,"damage_taken":0},{"event_name":"Liars Game","player_choice":"agreed","floor":14,"damage_taken":0},{"event_name":"Forgotten Altar","player_choice":"Smashed Altar","floor":19,"damage_taken":0},{"event_name":"Ghosts","player_choice":"Became a Ghost","floor":27,"damage_taken":0},{"event_name":"Mysterious Sphere","player_choice":"Ignore","floor":37,"damage_taken":0},{"event_name":"SensoryStone","player_choice":"Memory 3","floor":38,"damage_taken":0},{"event_name":"Transmorgrifier","player_choice":"Transform","floor":39,"damage_taken":0}],"boss_relics":[{"not_picked":["Black Star","Eternal Feather"],"picked":"Orrery"},{"not_picked":["Velvet Choker","Runic Pyramid"],"picked":"Sozu"}],"potions_floor_spawned":[3,7,8,10,22,28,31,33,35,40,44,46],"seed_played":"-1933974520208401120","ascension_level":0,"is_trial":false}