{"path_per_floor":["M","$","?","M","M","E","R","$","T","M","M","M","R","M","R","B",null,"M","M","?","M","M","T","?","E","T","R","M","R","$","M","R","B",null,"M","M","?","M","M","M","T","R","T","R","E","?","$","M","R","B"],"character_chosen":"IRONCLAD","items_purchased":["Anchor","Metallicize","Bottled Tornado","Strength Potion","Madness","Dexterity Potion","Flame Barrier"],"gold_per_floor":[114,39,39,58,77,145,145,45,95,114,133,152,152,171,171,296,296,315,334,259,278,297,297,297,335,360,360,379,379,70,89,89,214,214,233,252,585,600,615,630,655,655,655,655,685,685,23,38,38,38],"floor_reached":51,"campfire_rested":6,"playtime":3303,"current_hp_per_floor":[80,80,60,63,66,70,70,70,70,71,73,79,79,80,80,42,80,80,80,80,77,61,61,61,27,27,51,35,61,61,52,77,13,84,64,48,48,14,13,15,15,43,43,71,34,34,34,41,69,44],"items_purged":["Strike_R","Defend_R","Strike_R","Strike_R"],"gold":38,"score":754,"play_id":"9916b83c-74a2-4730-a7e0-c5f42ac6ea8d","local_time":"20180327211653","daily_mods":["Allstar","Uncertain Future","Binary"],"is_prod":false,"is_daily":true,"is_ascension_mode":false,"campfire_upgraded":3,"timestamp":1522210613,"path_taken":["M","$","?","M","M","E","R","?","T","M","M","?","R","M","R","BOSS","M","M","?","M","M","?","?","E","T","R","M","R","$","M","R","BOSS","M","M","?","M","M","M","?","R","T","R","E","?","$","M","R","BOSS"],"build_version":"2018-03-25","purchased_purges":4,"victory":true,"master_deck":["Defend_R","Defend_R","Defend_R","Bash","Blind+1","Apotheosis+1","Iron Wave","Iron Wave","Heavy Blade","Flex+1","Twin Strike","Whirlwind","Thunderclap+1","Dropkick","Inflame","Anger","Iron Wave+1","Shrug It Off+1","Metallicize","Seeing Red","Feed+1","Shrug It Off+1","Iron Wave+1","Disarm+1","Inflame+1","Shockwave","Evolve","Flex+1","Pommel Strike+1","Madness","Flame Barrier","Disarm+1","Iron Wave+1"],"max_hp_per_floor":[80,80,80,80,80,80,80,80,80,80,80,80,80,80,80,80,80,80,80,80,80,80,80,80,80,80,80,80,82,82,84,84,84,84,88,92,92,95,95,95,95,95,95,95,95,95,95,95,95,95],"relics":["Burning Blood","Tiny Chest","Dream Catcher","Question Card","Ice Cream","Bag of Marbles","Singing Bowl","Anchor","Mark of Pain","Whetstone","Bag of Preparation","Blood Vial","Bottled Tornado"],"card_choices":[{"not_picked":["Flame Barrier"],"picked":"Iron Wave","floor":1},{"not_picked":["Clash"],"picked":"Iron Wave","floor":5},{"not_picked":["Sever Soul"],"picked":"Heavy Blade","floor":6},{"not_picked":["Fire Breathing"],"picked":"Flex","floor":10},{"not_picked":["Bloodletting"],"picked":"Twin Strike","floor":12},{"not_picked":["Armaments"],"picked":"Whirlwind","floor":14},{"not_picked":["Pommel Strike","Body Slam"],"picked":"Thunderclap","floor":18},{"not_picked":["Armaments","Headbutt"],"picked":"Dropkick","floor":21},{"not_picked":["Rampage","Wild Strike"],"picked":"Anger","floor":25},{"not_picked":["Warcry","Flex"],"picked":"Iron Wave","floor":27},{"not_picked":["Pummel","Perfected Strike"],"picked":"Shrug It Off","floor":28},{"not_picked":["Brutality","Armaments"],"picked":"Seeing Red","floor":32},{"not_picked":["Dark Embrace","Brutality"],"picked":"Feed","floor":33},{"not_picked":["Twin Strike","Whirlwind"],"picked":"Shrug It Off","floor":35},{"not_picked":["Headbutt","Havoc"],"picked":"Iron Wave","floor":36},{"not_picked":["Clothesline","Battle Trance"],"picked":"Disarm","floor":38},{"not_picked":["Spot Weakness","Infernal Blade"],"picked":"Inflame","floor":39},{"not_picked":["Rupture","Cleave"],"picked":"Shockwave","floor":40},{"not_picked":["Pommel Strike","Ghostly Armor"],"picked":"Evolve","floor":42},{"not_picked":["Armaments","Combust"],"picked":"Flex","floor":44},{"not_picked":["Brutality","Entrench"],"picked":"Pommel Strike","floor":45},{"not_picked":["Combust","Clash"],"picked":"Disarm","floor":48},{"not_picked":["Clothesline","Dropkick"],"picked":"Iron Wave","floor":49}],"player_experience":387522,"potions_floor_usage":[6,14,16,18,19,21,22,40,40,50,50,50],"damage_taken":[{"damage":3,"enemies":"Small Slimes","floor":1,"turns":4},{"damage":3,"enemies":"Jaw Worm","floor":4,"turns":3},{"damage":3,"enemies":"2 Louse","floor":5,"turns":4},{"damage":2,"enemies":"3 Sentries","floor":6,"turns":7},{"damage":5,"enemies":"Looter","floor":10,"turns":2},{"damage":4,"enemies":"Exordium Wildlife","floor":11,"turns":3},{"damage":0,"enemies":"2 Fungi Beasts","floor":12,"turns":3},{"damage":0,"enemies":"Blue Slaver","floor":14,"turns":3},{"damage":44,"enemies":"Hexaghost","floor":16,"turns":10},{"damage":5,"enemies":"3 Byrds","floor":18,"turns":4},{"damage":6,"enemies":"2 Thieves","floor":19,"turns":4},{"damage":9,"enemies":"Centurion and Healer","floor":21,"turns":5},{"damage":22,"enemies":"Slaver and Parasite","floor":22,"turns":7},{"damage":40,"enemies":"Gremlin Leader","floor":25,"turns":8},{"damage":22,"enemies":"Chosen and Byrds","floor":28,"turns":5},{"damage":17,"enemies":"Snake Plant","floor":31,"turns":5},{"damage":70,"enemies":"Champ","floor":33,"turns":10},{"damage":30,"enemies":"Orb Walker","floor":35,"turns":6},{"damage":26,"enemies":"Flame Bruiser 1 Orb","floor":36,"turns":6},{"damage":43,"enemies":"Sphere and 2 Shapes","floor":38,"turns":7},{"damage":7,"enemies":"Spire Growth","floor":39,"turns":5},{"damage":4,"enemies":"Flame Bruiser 2 Orb","floor":40,"turns":5},{"damage":43,"enemies":"Nemesis","floor":45,"turns":9},{"damage":1,"enemies":"3 Darklings","floor":48,"turns":3},{"damage":33,"enemies":"Time Eater","floor":50,"turns":11}],"event_choices":[{"event_name":"Golden Idol","player_choice":"Take Damage","floor":3,"damage_taken":0},{"event_name":"Beggar","player_choice":"Gave Gold","floor":20,"damage_taken":0},{"event_name":"The Library","player_choice":"Read","floor":24,"damage_taken":0},{"event_name":"The Moai Head","player_choice":"Gave Idol","floor":37,"damage_taken":0},{"event_name":"Bonfire Elementals","player_choice":"BASIC","floor":46,"damage_taken":0}],"boss_relics":[{"not_picked":["Runic Pyramid","Ectoplasm"],"picked":"Question Card"},{"not_picked":["Calling Bell","Runic Cube"],"picked":"Mark of Pain"}],"potions_floor_spawned":[4,5,6,11,12,14,18,19,33,36,45],"seed_played":"-186306444568268159","ascension_level":0,"is_trial":false}