{"gold_per_floor":[114,68,83,83,98,98,113,128,178,208,208,223,238,253,253,353,353,368,379,394,409,424,439,454,454,479,479,494,494,524,149,149,149],"floor_reached":33,"playtime":2306,"items_purged":[],"score":300,"play_id":"4b9271a0-453c-4e10-9ed6-2fac9e222a56","local_time":"20180705161043","daily_mods":["Specialized","Uncertain Future","Terminal"],"is_ascension_mode":false,"campfire_choices":[{"data":"Zap","floor":6,"key":"SMITH"},{"floor":15,"key":"REST"},{"floor":27,"key":"REST"},{"data":"Echo Form","floor":29,"key":"SMITH"},{"floor":32,"key":"REST"}],"neow_cost":"","seed_source_timestamp":0,"circlet_count":0,"master_deck":["Strike_B","Strike_B","Strike_B","Defend_B","Defend_B","Defend_B","Defend_B","Zap+1","Dualcast","Rainbow","Rainbow+1","Rainbow","Rainbow","Rainbow","Ball Lightning","Compile Driver+1","Recycle","Ball Lightning","Ball Lightning","Fission","Genetic Algorithm","Doom and Gloom+1","Reprogram","FTL","Conserve Battery+1","Echo Form+1","Turbo","Defragment"],"special_seed":17717,"relics":["Cracked Core","Omamori","Mango","Lizard Tail","Red Mask","Anchor","Lantern","Torii"],"potions_floor_usage":[16,16,19,19,19,19,19,21,21,23,33],"damage_taken":[{"damage":0,"enemies":"Cultist","floor":1,"turns":3},{"damage":1,"enemies":"2 Louse","floor":3,"turns":2},{"damage":0,"enemies":"Jaw Worm","floor":5,"turns":3},{"damage":1,"enemies":"Exordium Thugs","floor":7,"turns":4},{"damage":3,"enemies":"Large Slime","floor":8,"turns":4},{"damage":1,"enemies":"3 Sentries","floor":10,"turns":4},{"damage":17,"enemies":"Gremlin Gang","floor":12,"turns":4},{"damage":1,"enemies":"3 Louse","floor":13,"turns":2},{"damage":12,"enemies":"Lots of Slimes","floor":14,"turns":3},{"damage":6,"enemies":"Hexaghost","floor":16,"turns":8},{"damage":0,"enemies":"Spheric Guardian","floor":18,"turns":3},{"damage":55,"floor":19,"turns":6},{"damage":0,"enemies":"Chosen","floor":20,"turns":4},{"damage":5,"enemies":"Slaver and Parasite","floor":21,"turns":6},{"damage":7,"enemies":"Centurion and Healer","floor":22,"turns":6},{"damage":0,"enemies":"Snecko","floor":23,"turns":4},{"damage":21,"enemies":"Sentry and Sphere","floor":24,"turns":5},{"damage":11,"enemies":"3 Cultists","floor":28,"turns":4},{"damage":27,"enemies":"Gremlin Leader","floor":30,"turns":7},{"damage":46,"enemies":"Automaton","floor":33,"turns":6}],"seed_played":"-5958423263724567793","potions_obtained":[{"floor":3,"key":"Block Potion"},{"floor":10,"key":"Ancient Potion"},{"floor":12,"key":"Fire Potion"},{"floor":13,"key":"Weak Potion"},{"floor":16,"key":"EntropicBrew"},{"floor":19,"key":"EssenceOfSteel"},{"floor":20,"key":"Swift Potion"},{"floor":22,"key":"EssenceOfSteel"},{"floor":30,"key":"FearPotion"}],"is_trial":false,"path_per_floor":["M","$","M","$","M","R","M","M","T","E","?","M","M","M","R","B",null,"M","?","M","M","M","M","M","?","T","R","M","R","E","$","R"],"character_chosen":"DEFECT","items_purchased":["Ball Lightning","Torii","Defragment"],"campfire_rested":3,"item_purchase_floors":[2,31,31],"current_hp_per_floor":[73,72,71,70,69,68,67,64,64,77,61,44,43,31,53,47,71,70,15,15,10,3,3,22,22,22,40,29,29,2,2,19,0],"gold":149,"neow_bonus":"","is_prod":false,"is_daily":true,"chose_seed":false,"campfire_upgraded":2,"win_rate":0,"timestamp":1530832243,"path_taken":["M","$","M","?","M","R","M","M","T","E","?","?","M","M","R","BOSS","M","?","M","M","?","M","M","?","T","R","M","R","E","$","R","BOSS"],"build_version":"2018-07-05","purchased_purges":0,"victory":false,"max_hp_per_floor":[73,72,71,70,69,68,67,66,65,78,77,76,75,74,73,72,71,70,69,68,67,66,65,64,63,62,61,60,59,58,57,56,56],"card_choices":[{"not_picked":["Storm","Reinforced Body","Go for the Eyes"],"picked":"SKIP","floor":1},{"not_picked":["Heatsinks","Streamline","Coolheaded"],"picked":"SKIP","floor":3},{"not_picked":["Sweeping Beam","Rip and Tear"],"picked":"Compile Driver","floor":5},{"not_picked":["Hologram","Rebound","Beam Cell"],"picked":"SKIP","floor":7},{"not_picked":["Thunder Strike","Hologram","Tempest"],"picked":"SKIP","floor":8},{"not_picked":["Multi-Cast","FTL"],"picked":"Recycle","floor":10},{"not_picked":["Sweeping Beam","Streamline","Barrage"],"picked":"SKIP","floor":12},{"not_picked":["Rebound","Gash"],"picked":"Ball Lightning","floor":13},{"not_picked":["Sweeping Beam","Streamline"],"picked":"Ball Lightning","floor":14},{"not_picked":["Biased Cognition","Buffer"],"picked":"Fission","floor":16},{"not_picked":["Gash","Stack","Blizzard+1"],"picked":"SKIP","floor":18},{"not_picked":["White Noise","Gash+1"],"picked":"Genetic Algorithm","floor":19},{"not_picked":["Leap","Aggregate+1"],"picked":"Doom and Gloom+1","floor":20},{"not_picked":["Auto Shields+1","Steam"],"picked":"Reprogram","floor":21},{"not_picked":["Barrage","Heatsinks","Beam Cell"],"picked":"SKIP","floor":22},{"not_picked":["Leap","Reinforced Body"],"picked":"FTL","floor":23},{"not_picked":["Beam Cell","Gash"],"picked":"Conserve Battery+1","floor":24},{"not_picked":["Cold Snap+1","Hologram"],"picked":"Echo Form","floor":28},{"not_picked":["Static Discharge","BootSequence"],"picked":"Turbo","floor":30}],"player_experience":540561,"relics_obtained":[{"floor":9,"key":"Omamori"},{"floor":10,"key":"Mango"},{"floor":19,"key":"Red Mask"},{"floor":26,"key":"Anchor"},{"floor":30,"key":"Lantern"}],"event_choices":[{"event_name":"Shining Light","player_choice":"Entered Light","floor":11,"damage_taken":0},{"event_name":"Masked Bandits","player_choice":"Fought over 368 gold","floor":19,"damage_taken":0},{"event_name":"Bonfire Elementals","player_choice":"BASIC","floor":25,"damage_taken":0}],"boss_relics":[{"not_picked":["Runic Pyramid","White Beast Statue"],"picked":"Lizard Tail"}],"items_purged_floors":[],"is_endless":false,"potions_floor_spawned":[3,10,12,13,14,16,19,20,22,30],"killed_by":"Automaton","ascension_level":0}