{"gold_per_floor":[210,229,245,245,245,245,278,278,278,278,288,245,261,290,290,367,367,379,397,322,322,31,31,62,62,88,3,3,3,34,84,84,161,161,175,225,242,32,44,44,0,0,0,0,12,12,12,22,22,22],"floor_reached":51,"playtime":3971,"items_purged":["Strike_G","Strike_G","Strike_G"],"score":1367,"play_id":"6607985f-1505-4e20-9b92-f8209eae6d63","local_time":"20190925180108","is_ascension_mode":true,"campfire_choices":[{"data":"Neutralize","floor":6.0,"key":"SMITH"},{"data":"Bouncing Flask","floor":8.0,"key":"SMITH"},{"floor":10.0,"key":"REST"},{"data":"Well Laid Plans","floor":15.0,"key":"SMITH"},{"data":"Apotheosis","floor":23,"key":"SMITH"},{"data":"Acrobatics","floor":28,"key":"SMITH"},{"floor":32,"key":"REST"},{"data":"Noxious Fumes","floor":40,"key":"SMITH"},{"data":"Adrenaline","floor":44,"key":"SMITH"},{"data":"Crippling Poison","floor":46,"key":"SMITH"},{"floor":49,"key":"REST"}],"neow_cost":"NONE","seed_source_timestamp":0,"circlet_count":0,"master_deck":["AscendersBane","Defend_G","Defend_G","Defend_G","Defend_G","Survivor","Neutralize+1","Poisoned Stab","Well Laid Plans+1","Deflect","Bouncing Flask+1","Dagger Spray","Backstab","PiercingWail","PiercingWail","Corpse Explosion","Acrobatics+1","Apotheosis+1","Leg Sweep","All Out Attack+1","Adrenaline+1","PiercingWail","Deadly Poison","Catalyst","Crippling Poison+1","Noxious Fumes+1","Parasite","Burst","Noxious Fumes+1"],"special_seed":0,"relics":["Ring of the Snake","White Beast Statue","Prayer Wheel","Snake Skull","Centennial Puzzle","HoveringKite","Nilry\u0027s Codex","Molten Egg 2","Regal Pillow","FossilizedHelix","Anchor","Philosopher\u0027s Stone","Ice Cream","Red Mask","Letter Opener"],"potions_floor_usage":[18,24,30,30,36,37,50,50],"damage_taken":[{"damage":9.0,"enemies":"2 Louse","floor":1.0,"turns":4.0},{"damage":2.0,"enemies":"Jaw Worm","floor":2.0,"turns":6.0},{"damage":1.0,"enemies":"Cultist","floor":3.0,"turns":4.0},{"damage":25.0,"enemies":"Lagavulin","floor":7.0,"turns":10.0},{"damage":0.0,"enemies":"Looter","floor":11.0,"turns":3.0},{"damage":2.0,"enemies":"Exordium Wildlife","floor":13.0,"turns":4.0},{"damage":7.0,"enemies":"3 Sentries","floor":14.0,"turns":6.0},{"damage":3.0,"enemies":"Hexaghost","floor":16.0,"turns":9.0},{"damage":5,"enemies":"Spheric Guardian","floor":18,"turns":3},{"damage":7,"enemies":"3 Byrds","floor":19,"turns":2},{"damage":0,"enemies":"Gremlin Leader","floor":24,"turns":7},{"damage":17,"enemies":"Slavers","floor":30,"turns":3},{"damage":13,"enemies":"Automaton","floor":33,"turns":8},{"damage":0,"enemies":"3 Shapes","floor":35,"turns":5},{"damage":0,"enemies":"2 Orb Walkers","floor":36,"turns":4},{"damage":0,"enemies":"3 Darklings","floor":37,"turns":4},{"damage":0,"enemies":"Writhing Mass","floor":39,"turns":4},{"damage":23,"enemies":"Spire Growth","floor":45,"turns":4},{"damage":0,"enemies":"Transient","floor":48,"turns":6},{"damage":0,"enemies":"Donu and Deca","floor":50,"turns":5}],"seed_played":"4205958600161454010","potions_obtained":[{"floor":2.0,"key":"LiquidBronze"},{"floor":7.0,"key":"Poison Potion"},{"floor":11.0,"key":"Poison Potion"},{"floor":14.0,"key":"AttackPotion"},{"floor":18,"key":"SpeedPotion"},{"floor":24,"key":"Strength Potion"},{"floor":30,"key":"Explosive Potion"},{"floor":33,"key":"Swift Potion"},{"floor":36,"key":"Explosive Potion"},{"floor":37,"key":"Fire Potion"},{"floor":39,"key":"Dexterity Potion"},{"floor":45,"key":"DuplicationPotion"},{"floor":48,"key":"GamblersBrew"}],"is_trial":false,"path_per_floor":["M","M","M","?","T","R","E","R","T","R","M","?","M","E","R","B",null,"M","M","$","?","$","R","E","?","T","?","R","?","E","?","R","B",null,"M","?","M","$","M","R","?","$","T","R","M","R","?","M","R","B",null],"character_chosen":"THE_SILENT","items_purchased":["Apotheosis","Noxious Fumes"],"campfire_rested":3,"item_purchase_floors":[22,38],"current_hp_per_floor":[50,48,47,47,47,47,22,22,22,41,41,41,39,32,32,29,57,52,45,45,24,24,24,24,24,24,24,24,24,7,7,41,28,57,57,57,57,57,57,57,57,57,57,57,34,34,34,34,66,66],"gold":22,"neow_bonus":"HUNDRED_GOLD","is_prod":false,"is_daily":false,"chose_seed":false,"campfire_upgraded":8,"win_rate":0,"timestamp":1569402068,"path_taken":["M","M","M","?","?","R","E","R","T","R","?","?","M","E","R","BOSS","M","M","$","?","$","R","E","?","T","?","R","?","E","?","R","BOSS","M","?","M","$","M","R","?","?","T","R","M","R","?","M","R","BOSS"],"build_version":"2019-09-24","purchased_purges":3,"victory":true,"max_hp_per_floor":[66,66,66,66,66,66,66,66,66,66,66,66,66,66,66,66,66,66,66,66,66,66,66,66,66,66,66,66,66,66,66,66,66,66,66,66,66,66,66,66,66,66,66,66,66,66,66,66,66,66],"card_choices":[{"not_picked":["Backflip","Deadly Poison"],"picked":"Poisoned Stab","floor":1.0},{"not_picked":["Bane","Cloak And Dagger"],"picked":"Well Laid Plans","floor":2.0},{"not_picked":["Escape Plan","Blade Dance"],"picked":"Deflect","floor":3.0},{"not_picked":["Well Laid Plans","Quick Slash"],"picked":"Bouncing Flask","floor":7.0},{"not_picked":["Outmaneuver","Heel Hook"],"picked":"Dagger Spray","floor":11.0},{"not_picked":["Skewer","Sucker Punch"],"picked":"Backstab","floor":11.0},{"not_picked":["Dagger Throw","Envenom"],"picked":"PiercingWail","floor":13.0},{"not_picked":["Outmaneuver","Dagger Throw"],"picked":"PiercingWail","floor":13.0},{"not_picked":["Choke","Blade Dance","Quick Slash"],"picked":"SKIP","floor":14.0},{"not_picked":["Doppelganger","Venomology"],"picked":"Corpse Explosion","floor":16.0},{"not_picked":["Bouncing Flask","Reflex","Blade Dance"],"picked":"SKIP","floor":18},{"not_picked":["Backstab","Slice","Blade Dance"],"picked":"SKIP","floor":18},{"not_picked":["Dodge and Roll","Sucker Punch+1"],"picked":"Acrobatics","floor":19},{"not_picked":["A Thousand Cuts","Slice+1","Dagger Throw"],"picked":"SKIP","floor":19},{"not_picked":["Tactician","Dodge and Roll","Choke"],"picked":"SKIP","floor":24},{"not_picked":["Sucker Punch+1","All Out Attack+1","Infinite Blades+1"],"picked":"SKIP","floor":30},{"not_picked":["Corpse Explosion","Malaise"],"picked":"Adrenaline","floor":33},{"not_picked":["Choke+1","Slice+1"],"picked":"PiercingWail","floor":35},{"not_picked":["Flying Knee+1","Concentrate","Finisher+1"],"picked":"SKIP","floor":35},{"not_picked":["Flying Knee+1","Dodge and Roll"],"picked":"Deadly Poison","floor":36},{"not_picked":["Caltrops","Dagger Throw+1"],"picked":"Catalyst","floor":37},{"not_picked":["Cloak And Dagger","Accuracy+1"],"picked":"Crippling Poison","floor":37},{"not_picked":["Underhanded Strike+1","Dagger Throw+1","Quick Slash+1"],"picked":"SKIP","floor":39},{"not_picked":["Reflex","Heel Hook+1","Dagger Throw+1"],"picked":"SKIP","floor":39},{"not_picked":["Choke+1","Quick Slash+1","Bane+1"],"picked":"SKIP","floor":45},{"not_picked":["Underhanded Strike+1","Dodge and Roll","Poisoned Stab+1"],"picked":"SKIP","floor":45},{"not_picked":["Deadly Poison","Slice+1"],"picked":"Burst","floor":48},{"not_picked":["Masterful Stab+1","Choke+1"],"picked":"Noxious Fumes+1","floor":48}],"player_experience":858074,"relics_obtained":[{"floor":5.0,"key":"White Beast Statue"},{"floor":7.0,"key":"Prayer Wheel"},{"floor":9.0,"key":"Snake Skull"},{"floor":14.0,"key":"Centennial Puzzle"},{"floor":21,"key":"Nilry\u0027s Codex"},{"floor":24,"key":"Molten Egg 2"},{"floor":26,"key":"Regal Pillow"},{"floor":30,"key":"Anchor"},{"floor":36,"key":"Ice Cream"},{"floor":43,"key":"Letter Opener"}],"event_choices":[{"damage_healed":0.0,"max_hp_gain":0.0,"max_hp_loss":0.0,"gold_gain":0.0,"event_name":"Shining Light","player_choice":"Ignored","floor":4.0,"gold_loss":0.0,"damage_taken":0.0},{"damage_healed":0.0,"max_hp_gain":0.0,"max_hp_loss":0.0,"gold_gain":0.0,"event_name":"World of Goop","player_choice":"Left Gold","floor":12.0,"gold_loss":43.0,"damage_taken":0.0},{"damage_healed":0,"gold_gain":0,"player_choice":"Obtained Book","damage_taken":21,"max_hp_gain":0,"max_hp_loss":0,"event_name":"Cursed Tome","floor":21,"gold_loss":0},{"damage_healed":0,"gold_gain":0,"cards_transformed":["Strike_G","Strike_G"],"player_choice":"Became Test Subject","damage_taken":0,"max_hp_gain":0,"max_hp_loss":0,"event_name":"Drug Dealer","floor":25,"gold_loss":0,"cards_obtained":["Leg Sweep","All Out Attack"]},{"damage_healed":0,"gold_gain":0,"player_choice":"Obtained Relic","damage_taken":0,"relics_obtained":["FossilizedHelix"],"max_hp_gain":0,"max_hp_loss":0,"event_name":"Addict","floor":27,"gold_loss":85},{"damage_healed":0,"gold_gain":0,"player_choice":"Ignored","damage_taken":0,"max_hp_gain":0,"max_hp_loss":0,"event_name":"Ghosts","floor":29,"gold_loss":0},{"damage_healed":0,"gold_gain":50,"player_choice":"Stole From Cult","damage_taken":0,"max_hp_gain":0,"max_hp_loss":0,"event_name":"Nest","floor":31,"gold_loss":0},{"damage_healed":0,"gold_gain":0,"player_choice":"Fight","damage_taken":0,"max_hp_gain":0,"max_hp_loss":0,"event_name":"Mysterious Sphere","floor":36,"gold_loss":0},{"damage_healed":0,"gold_gain":0,"player_choice":"Paid","damage_taken":0,"relics_obtained":["Red Mask"],"max_hp_gain":0,"max_hp_loss":0,"event_name":"Tomb of Lord Red Mask","floor":41,"gold_loss":44},{"cards_removed":["Defend_G"],"damage_healed":0,"gold_gain":0,"player_choice":"Removed Skill","damage_taken":0,"max_hp_gain":0,"max_hp_loss":0,"event_name":"Falling","floor":47,"gold_loss":0}],"is_beta":true,"boss_relics":[{"not_picked":["Runic Dome","WristBlade"],"picked":"HoveringKite"},{"not_picked":["Runic Pyramid","Tiny House"],"picked":"Philosopher\u0027s Stone"}],"items_purged_floors":[20,22,38],"is_endless":false,"potions_floor_spawned":[2,7,11,13,14,16,18,19,24,30,33,35,36,37,39,45,48],"ascension_level":17}