{"gold_per_floor":[217,235,310,310,5,5,35,35,35,35,49,63,98,111,111,111],"floor_reached":16,"playtime":597,"items_purged":["Strike_R"],"score":220,"play_id":"cabde455-ea5c-4b6a-bc0c-b216d3bd6ac9","local_time":"20190930224356","is_ascension_mode":true,"campfire_choices":[{"floor":6.0,"key":"REST"},{"data":"Bash","floor":8.0,"key":"SMITH"},{"floor":10.0,"key":"REST"},{"data":"Immolate","floor":15,"key":"SMITH"}],"neow_cost":"NONE","seed_source_timestamp":1204020627353700,"circlet_count":0,"master_deck":["AscendersBane","Strike_R","Strike_R","Strike_R","Strike_R","Defend_R","Defend_R","Defend_R","Defend_R","Bash+1","Shrug It Off","Sword Boomerang","Evolve","Headbutt","Impervious","Wild Strike","Immolate+1"],"special_seed":0,"relics":["Burning Blood","Smiling Mask","Orichalcum","Champion Belt","The Courier"],"potions_floor_usage":[13,16],"damage_taken":[{"damage":7.0,"enemies":"Cultist","floor":1.0,"turns":4.0},{"damage":2.0,"enemies":"Jaw Worm","floor":2.0,"turns":5.0},{"damage":34.0,"enemies":"3 Sentries","floor":7.0,"turns":18.0},{"damage":0.0,"enemies":"2 Louse","floor":11.0,"turns":2.0},{"damage":7,"enemies":"Blue Slaver","floor":12,"turns":3},{"damage":26,"enemies":"Lagavulin","floor":13,"turns":7},{"damage":0,"enemies":"Gremlin Gang","floor":14,"turns":2},{"damage":37,"enemies":"Hexaghost","floor":16,"turns":9}],"seed_played":"720428153046132130","potions_obtained":[{"floor":7.0,"key":"Explosive Potion"},{"floor":13,"key":"Fruit Juice"}],"is_trial":false,"path_per_floor":["M","M","?","?","$","R","E","R","T","R","M","M","E","M","R","B"],"character_chosen":"IRONCLAD","items_purchased":["Evolve","Orichalcum","Headbutt"],"campfire_rested":2,"item_purchase_floors":[5,5,5],"current_hp_per_floor":[67,71,60,25,25,47,19,19,19,41,47,46,31,37,37,0],"gold":111,"neow_bonus":"HUNDRED_GOLD","is_prod":false,"is_daily":false,"chose_seed":false,"campfire_upgraded":2,"win_rate":0,"timestamp":1569908636,"path_taken":["M","M","?","?","$","R","E","R","T","R","M","M","E","M","R","BOSS"],"build_version":"2019-09-27","purchased_purges":1,"victory":false,"max_hp_per_floor":[75,75,75,75,75,75,75,75,75,75,75,75,80,80,80,80],"card_choices":[{"not_picked":["Havoc","Iron Wave"],"picked":"Shrug It Off","floor":1.0},{"not_picked":["Pummel","Armaments"],"picked":"Sword Boomerang","floor":2.0},{"not_picked":["Headbutt","Dropkick"],"picked":"Impervious","floor":7.0},{"not_picked":["Rupture","Ghostly Armor"],"picked":"Wild Strike","floor":11.0},{"not_picked":["Perfected Strike","Heavy Blade","Sword Boomerang"],"picked":"SKIP","floor":12},{"not_picked":["Headbutt","Thunderclap"],"picked":"Immolate","floor":13},{"not_picked":["Clash","Reckless Charge","Iron Wave"],"picked":"SKIP","floor":14}],"player_experience":1170680,"relics_obtained":[{"floor":7.0,"key":"Champion Belt"},{"floor":13,"key":"The Courier"}],"event_choices":[{"damage_healed":0.0,"max_hp_gain":0.0,"max_hp_loss":0.0,"gold_gain":75.0,"event_name":"World of Goop","player_choice":"Gather Gold","floor":3.0,"gold_loss":0.0,"damage_taken":11.0},{"damage_healed":0.0,"max_hp_gain":0.0,"max_hp_loss":0.0,"gold_gain":0.0,"event_name":"Scrap Ooze","player_choice":"Success","floor":4.0,"gold_loss":0.0,"damage_taken":35.0,"relics_obtained":["Smiling Mask"]}],"is_beta":true,"boss_relics":[],"items_purged_floors":[5],"is_endless":false,"potions_floor_spawned":[7,13],"killed_by":"Hexaghost","ascension_level":20}