{"gold_per_floor":[363,188,188,202,216,242,242,267,291,12,42,56,68,88,88,193,193,205,205,120,120,139,164,179,193,242,274,274,274,125,142,142,242,242,255,268,284,72,84,84,125,125,150,184,209,238,0,19,19,19],"floor_reached":51,"playtime":4823,"items_purged":["Writhe","Strike_R","Strike_R"],"score":874,"play_id":"23fa36fd-f88f-4e30-8073-58ca269a4d96","local_time":"20190917102439","is_ascension_mode":false,"campfire_choices":[{"data":"Bludgeon","floor":7.0,"key":"SMITH"},{"data":"Shockwave","floor":15.0,"key":"SMITH"},{"data":"Burning Pact","floor":29.0,"key":"SMITH"},{"data":"Offering","floor":32.0,"key":"SMITH"},{"data":"Corruption","floor":40,"key":"SMITH"},{"data":"Feel No Pain","floor":42,"key":"SMITH"},{"data":"Disarm","floor":49,"key":"SMITH"}],"neow_cost":"CURSE","seed_source_timestamp":0,"circlet_count":0,"master_deck":["Defend_R","Defend_R","Defend_R","Defend_R","Bash+1","Shrug It Off","Cleave+1","Bludgeon+1","True Grit","Feel No Pain+1","Uppercut+1","Shockwave+1","Burning Pact+1","Ghostly Armor","Offering+1","Corruption+1","Seeing Red","Sword Boomerang+1","Shrug It Off","Seeing Red+1","True Grit+1","Feel No Pain","Havoc","Shrug It Off","Exhume","Hemokinesis+1","Uppercut+1","Sever Soul+1","Shrug It Off","Feel No Pain","Fiend Fire+1","Warcry+1","Spot Weakness","Disarm+1"],"special_seed":0,"relics":["Burning Blood","Ancient Tea Set","Centennial Puzzle","Regal Pillow","Molten Egg 2","InkBottle","Coffee Dripper","Blood Vial","Art of War","MealTicket","Red Skull","Astrolabe","CeramicFish","Whetstone","StrikeDummy","Dodecahedron","Red Mask"],"potions_floor_usage":[50,50,50],"damage_taken":[{"damage":9.0,"enemies":"Jaw Worm","floor":1.0,"turns":4.0},{"damage":0.0,"enemies":"2 Louse","floor":4.0,"turns":3.0},{"damage":3.0,"enemies":"Small Slimes","floor":5.0,"turns":2.0},{"damage":25.0,"enemies":"Lagavulin","floor":6.0,"turns":6.0},{"damage":0.0,"enemies":"Gremlin Nob","floor":8.0,"turns":2.0},{"damage":11.0,"enemies":"3 Sentries","floor":11.0,"turns":9.0},{"damage":2.0,"enemies":"3 Louse","floor":12.0,"turns":3.0},{"damage":13.0,"enemies":"Exordium Thugs","floor":13.0,"turns":5.0},{"damage":3.0,"enemies":"Large Slime","floor":14.0,"turns":3.0},{"damage":32.0,"enemies":"Hexaghost","floor":16.0,"turns":8.0},{"damage":6.0,"enemies":"Spheric Guardian","floor":18.0,"turns":3.0},{"damage":6.0,"enemies":"Chosen","floor":22.0,"turns":5.0},{"damage":9.0,"enemies":"Gremlin Leader","floor":23.0,"turns":4.0},{"damage":3.0,"enemies":"Snecko","floor":24.0,"turns":3.0},{"damage":9.0,"enemies":"Snake Plant","floor":25.0,"turns":5.0},{"damage":6.0,"enemies":"Slavers","floor":27.0,"turns":4.0},{"damage":19.0,"enemies":"Sentry and Sphere","floor":31.0,"turns":7.0},{"damage":7.0,"enemies":"Automaton","floor":33.0,"turns":10.0},{"damage":3,"enemies":"Orb Walker","floor":35,"turns":5},{"damage":10,"enemies":"3 Darklings","floor":36,"turns":6},{"damage":9,"enemies":"Sphere and 2 Shapes","floor":37,"turns":8},{"damage":16,"enemies":"Jaw Worm Horde","floor":39,"turns":5},{"damage":6,"enemies":"Reptomancer","floor":41,"turns":7},{"damage":12,"enemies":"Giant Head","floor":44,"turns":8},{"damage":9,"enemies":"Transient","floor":45,"turns":5},{"damage":22,"enemies":"Reptomancer","floor":46,"turns":5},{"damage":3,"enemies":"Maw","floor":48,"turns":8},{"damage":23,"enemies":"Time Eater","floor":50,"turns":12}],"seed_played":"-334873878772596315","potions_obtained":[{"floor":4.0,"key":"Poison Potion"},{"floor":11.0,"key":"Dexterity Potion"},{"floor":12.0,"key":"FearPotion"},{"floor":23.0,"key":"Strength Potion"},{"floor":24.0,"key":"LiquidBronze"}],"is_trial":false,"path_per_floor":["M","$","?","M","M","E","R","E","T","$","E","M","M","M","R","B",null,"M","?","?","?","M","E","M","M","T","E","?","R","$","M","R","B",null,"M","M","M","$","M","R","E","R","T","E","M","E","?","M","R","B",null],"character_chosen":"IRONCLAD","items_purchased":["Cleave","AttackPotion","Feel No Pain","Molten Egg 2","Havoc","Shrug It Off","Feel No Pain"],"campfire_rested":0,"item_purchase_floors":[2,2,10,10,30,38,38],"current_hp_per_floor":[77,77,77,80,80,61,61,67,67,67,62,66,59,62,62,36,80,80,80,80,80,80,77,80,77,77,79,79,79,80,67,67,68,80,80,76,75,80,70,70,72,72,72,68,67,53,53,58,58,43],"gold":19,"neow_bonus":"TWO_FIFTY_GOLD","is_prod":false,"is_daily":false,"chose_seed":false,"campfire_upgraded":7,"win_rate":0,"timestamp":1568683479,"path_taken":["M","$","?","M","M","E","R","E","T","$","E","M","M","M","R","BOSS","M","?","?","?","M","E","M","?","T","E","?","R","$","M","R","BOSS","M","M","?","$","M","R","E","R","T","E","M","E","?","M","R","BOSS"],"build_version":"2019-09-16","purchased_purges":3,"victory":true,"max_hp_per_floor":[80,80,80,80,80,80,80,80,80,80,80,80,80,80,80,80,80,80,80,80,80,80,80,80,80,80,80,80,80,80,80,80,80,80,80,80,80,80,80,80,80,80,80,80,80,80,80,80,80,80],"card_choices":[{"not_picked":["Perfected Strike","Dual Wield"],"picked":"Shrug It Off","floor":1.0},{"not_picked":["Thunderclap","Heavy Blade"],"picked":"Bludgeon","floor":4.0},{"not_picked":["Reckless Charge","Wild Strike","Clash"],"picked":"SKIP","floor":5.0},{"not_picked":["Pummel","Sword Boomerang","Reckless Charge"],"picked":"SKIP","floor":6.0},{"not_picked":["Havoc","Corruption"],"picked":"True Grit","floor":8.0},{"not_picked":["Intimidate","Perfected Strike+1"],"picked":"Uppercut+1","floor":11.0},{"not_picked":["Rampage+1","Twin Strike+1"],"picked":"Shockwave","floor":12.0},{"not_picked":["Evolve","Clothesline+1"],"picked":"Burning Pact","floor":13.0},{"not_picked":["True Grit","Headbutt+1"],"picked":"Ghostly Armor","floor":14.0},{"not_picked":["Brutality","Double Tap"],"picked":"Offering","floor":16.0},{"not_picked":["Clothesline+1","Heavy Blade+1","Shockwave"],"picked":"SKIP","floor":18.0},{"not_picked":["Metallicize","Rampage+1"],"picked":"Shrug It Off","floor":22.0},{"not_picked":["Warcry","Dark Embrace"],"picked":"Seeing Red+1","floor":23.0},{"not_picked":["Corruption","Clash+1","Body Slam+1"],"picked":"SKIP","floor":24.0},{"not_picked":["Cleave+1","Heavy Blade+1","Rupture+1"],"picked":"SKIP","floor":25.0},{"not_picked":["Limit Break","Combust"],"picked":"True Grit+1","floor":27.0},{"not_picked":["Intimidate","Flex"],"picked":"Shrug It Off","floor":31.0},{"not_picked":["Limit Break","Double Tap"],"picked":"Exhume","floor":33.0},{"not_picked":["Pummel+1","Sword Boomerang+1","Uppercut+1"],"picked":"SKIP","floor":35},{"not_picked":["Heavy Blade+1","Anger+1","Clothesline+1"],"picked":"SKIP","floor":36},{"not_picked":["Corruption+1","Cleave+1","Flex+1"],"picked":"SKIP","floor":37},{"not_picked":["Clothesline+1","Corruption+1","Armaments"],"picked":"SKIP","floor":39},{"not_picked":["Corruption+1","Battle Trance+1"],"picked":"Fiend Fire+1","floor":41},{"not_picked":["Heavy Blade+1","Clothesline+1"],"picked":"Warcry+1","floor":44},{"not_picked":["Headbutt+1","Entrench+1"],"picked":"Spot Weakness","floor":45},{"not_picked":["Brutality","Clash+1","Reckless Charge+1"],"picked":"SKIP","floor":46},{"not_picked":["Clash+1","Heavy Blade+1"],"picked":"Disarm","floor":48}],"player_experience":761582,"relics_obtained":[{"floor":6.0,"key":"Ancient Tea Set"},{"floor":8.0,"key":"Centennial Puzzle"},{"floor":9.0,"key":"Regal Pillow"},{"floor":11.0,"key":"InkBottle"},{"floor":23.0,"key":"Art of War"},{"floor":26.0,"key":"MealTicket"},{"floor":27.0,"key":"Red Skull"},{"floor":41,"key":"CeramicFish"},{"floor":43,"key":"Whetstone"},{"floor":44,"key":"StrikeDummy"},{"floor":46,"key":"Dodecahedron"}],"event_choices":[{"damage_healed":0.0,"max_hp_gain":0.0,"max_hp_loss":0.0,"gold_gain":0.0,"event_name":"Living Wall","player_choice":"Grow","floor":3.0,"gold_loss":0.0,"damage_taken":0.0,"cards_upgraded":["Bash"]},{"damage_healed":0.0,"max_hp_gain":0.0,"max_hp_loss":0.0,"gold_gain":0.0,"event_name":"The Library","player_choice":"Read","floor":19.0,"gold_loss":0.0,"damage_taken":0.0,"cards_obtained":["Corruption"]},{"damage_healed":0.0,"max_hp_gain":0.0,"max_hp_loss":0.0,"gold_gain":0.0,"event_name":"Addict","player_choice":"Obtained Relic","floor":20.0,"gold_loss":85.0,"damage_taken":0.0,"relics_obtained":["Blood Vial"]},{"damage_healed":0.0,"max_hp_gain":0.0,"max_hp_loss":0.0,"gold_gain":0.0,"event_name":"Match and Keep!","player_choice":"2 cards matched","floor":21.0,"gold_loss":0.0,"damage_taken":0.0,"cards_obtained":["Seeing Red","Sword Boomerang"]},{"damage_healed":0.0,"max_hp_gain":0.0,"max_hp_loss":0.0,"gold_gain":0.0,"event_name":"Duplicator","player_choice":"Copied","floor":28.0,"gold_loss":0.0,"damage_taken":0.0,"cards_obtained":["Feel No Pain"]},{"damage_healed":0,"gold_gain":0,"player_choice":"Paid","damage_taken":0,"relics_obtained":["Red Mask"],"max_hp_gain":0,"max_hp_loss":0,"event_name":"Tomb of Lord Red Mask","floor":47,"gold_loss":238}],"is_beta":true,"boss_relics":[{"not_picked":["Runic Cube","Busted Crown"],"picked":"Coffee Dripper"},{"not_picked":["Calling Bell","Philosopher\u0027s Stone"],"picked":"Astrolabe"}],"items_purged_floors":[2,30,38],"is_endless":false,"potions_floor_spawned":[4,11,12,14,23,24,25,35,44,45,48],"ascension_level":0}