{"gold_per_floor":[211,161,177,177,194,226,226,291,314,326,19,19,34,34,34,106,106,125,40,50,70,85,85,112,211,235,235,251,251],"floor_reached":29,"playtime":2418,"items_purged":[],"score":434,"play_id":"26a674b9-6f6f-4c4e-bb35-da2d7e6b5f50","local_time":"20190917000016","is_ascension_mode":true,"campfire_choices":[{"floor":7,"key":"REST"},{"data":"Neutralize","floor":12,"key":"SMITH"},{"data":"Caltrops","floor":15,"key":"SMITH"},{"data":"Burst","floor":23,"key":"SMITH"},{"floor":27,"key":"REST"}],"neow_cost":"NONE","seed_source_timestamp":257931176837400,"circlet_count":0,"master_deck":["AscendersBane","Strike_G","Strike_G","Strike_G","Strike_G","Defend_G","Defend_G","Defend_G","Defend_G","Survivor","Neutralize+1","Backflip","Bouncing Flask","Bane","Dash","Poisoned Stab","Terror","Crippling Poison","Caltrops+1","Dagger Spray","Burst+1","PiercingWail","Corpse Explosion","Backflip+1","Night Terror","Leg Sweep"],"relics":["Ring of the Snake","Akabeko","Tiny Chest","Juzu Bracelet","Oddly Smooth Stone","Velvet Choker","Blue Candle","Ornamental Fan","Bronze Scales"],"potions_floor_usage":[20,28,29,29],"damage_taken":[{"damage":0,"enemies":"2 Louse","floor":1,"turns":5},{"damage":4,"enemies":"Jaw Worm","floor":3,"turns":6},{"damage":15,"enemies":"Small Slimes","floor":5,"turns":6},{"damage":28,"enemies":"Gremlin Nob","floor":6,"turns":4},{"damage":7,"enemies":"Lagavulin","floor":8,"turns":5},{"damage":0,"enemies":"Looter","floor":10,"turns":3},{"damage":0,"enemies":"Lots of Slimes","floor":13,"turns":1},{"damage":10,"enemies":"Hexaghost","floor":16,"turns":9},{"damage":0,"enemies":"3 Byrds","floor":18,"turns":4},{"damage":12,"enemies":"2 Thieves","floor":20,"turns":3},{"damage":6,"enemies":"Chosen and Byrds","floor":21,"turns":7},{"damage":4,"enemies":"Snake Plant","floor":22,"turns":4},{"damage":21,"enemies":"Book of Stabbing","floor":24,"turns":6},{"damage":17,"enemies":"Sentry and Sphere","floor":28,"turns":5},{"damage":10,"enemies":"Shelled Parasite and Fungi","floor":29,"turns":3}],"seed_played":"-3801813594524804330","potions_obtained":[{"floor":3,"key":"EssenceOfSteel"},{"floor":8,"key":"Block Potion"},{"floor":10,"key":"Explosive Potion"},{"floor":20,"key":"Poison Potion"},{"floor":28,"key":"SkillPotion"}],"is_trial":false,"path_per_floor":["M","?","M","?","M","E","R","E","T","M","$","R","M","?","R","B",null,"M","?","M","M","M","R","E","?","T","R","M","M"],"character_chosen":"THE_SILENT","items_purchased":["Oddly Smooth Stone","Crippling Poison","Caltrops","Dagger Spray"],"campfire_rested":2,"item_purchase_floors":[11,11,11,11],"current_hp_per_floor":[59,59,55,48,33,5,24,17,17,17,17,17,17,17,17,7,51,51,51,39,33,29,29,8,8,8,27,10,0],"gold":251,"neow_bonus":"HUNDRED_GOLD","is_prod":false,"is_daily":false,"chose_seed":false,"campfire_upgraded":3,"win_rate":0,"timestamp":1568646016,"path_taken":["M","?","M","?","M","E","R","E","T","M","$","R","M","?","R","BOSS","M","?","M","M","M","R","E","?","T","R","M","M"],"build_version":"2019-09-12","purchased_purges":0,"victory":false,"max_hp_per_floor":[66,66,66,66,66,66,66,66,66,66,66,66,66,66,66,66,66,66,66,66,66,66,66,66,66,66,66,66,66],"card_choices":[{"not_picked":["Underhanded Strike","Outmaneuver"],"picked":"Backflip","floor":1},{"not_picked":["Reflex","Blade Dance"],"picked":"Bouncing Flask","floor":3},{"not_picked":["Eviscerate","Dagger Throw"],"picked":"Bane","floor":5},{"not_picked":["Outmaneuver","Backstab"],"picked":"Dash","floor":6},{"not_picked":["Quick Slash","A Thousand Cuts"],"picked":"Poisoned Stab","floor":8},{"not_picked":["Prepared","Flying Knee"],"picked":"Terror","floor":10},{"not_picked":["Outmaneuver","Cloak And Dagger","Dagger Throw"],"picked":"SKIP","floor":13},{"not_picked":["Outmaneuver","Cloak And Dagger","Dagger Throw"],"picked":"SKIP","floor":13},{"not_picked":["Glass Knife","After Image"],"picked":"Burst","floor":16},{"not_picked":["Sucker Punch","Quick Slash","Flying Knee"],"picked":"SKIP","floor":18},{"not_picked":["Flying Knee","Cloak And Dagger"],"picked":"PiercingWail","floor":20},{"not_picked":["Leg Sweep+1","Backflip"],"picked":"Corpse Explosion","floor":21},{"not_picked":["Poisoned Stab","Blade Dance"],"picked":"Backflip+1","floor":22},{"not_picked":["Infinite Blades","Calculated Gamble"],"picked":"Night Terror","floor":24},{"not_picked":["Caltrops+1","Cloak And Dagger"],"picked":"Leg Sweep","floor":28}],"player_experience":754228,"relics_obtained":[{"floor":6,"key":"Akabeko"},{"floor":8,"key":"Tiny Chest"},{"floor":9,"key":"Juzu Bracelet"},{"floor":24,"key":"Ornamental Fan"},{"floor":26,"key":"Bronze Scales"}],"event_choices":[{"cards_removed":["Strike_G"],"damage_healed":0,"gold_gain":0,"player_choice":"Card Removal","damage_taken":0,"max_hp_gain":0,"max_hp_loss":0,"event_name":"The Cleric","floor":2,"gold_loss":50},{"cards_removed":["Defend_G"],"damage_healed":0,"gold_gain":0,"player_choice":"Card Removal","damage_taken":7,"max_hp_gain":0,"max_hp_loss":0,"event_name":"Golden Wing","floor":4,"gold_loss":0},{"damage_healed":0,"gold_gain":0,"player_choice":"Ignored","damage_taken":0,"max_hp_gain":0,"max_hp_loss":0,"event_name":"Shining Light","floor":14,"gold_loss":0},{"damage_healed":0,"gold_gain":0,"player_choice":"Obtained Relic","damage_taken":0,"relics_obtained":["Blue Candle"],"max_hp_gain":0,"max_hp_loss":0,"event_name":"Addict","floor":19,"gold_loss":85},{"damage_healed":0,"gold_gain":99,"player_choice":"Stole From Cult","damage_taken":0,"max_hp_gain":0,"max_hp_loss":0,"event_name":"Nest","floor":25,"gold_loss":0}],"is_beta":true,"boss_relics":[{"not_picked":["HoveringKite","Cursed Key"],"picked":"Velvet Choker"}],"items_purged_floors":[],"is_endless":false,"potions_floor_spawned":[3,8,10,16,20,21,22,28],"killed_by":"Shelled Parasite and Fungi","ascension_level":14}