{"gold_per_floor":[114,127,144,70,20,20,50,50,129,149,149,159,192,192,192,264,264,264,189,114,39,39,39,39,39,39,0,0,0,0,0,0,0,0,0,0,0,0,0,0,0,0,0,0,0,0,0,0,0,0,0,0,0,0,0],"floor_reached":56,"playtime":5084,"items_purged":["Strike_G"],"score":2062,"play_id":"9b0f01af-c16a-40f3-8764-e74f86dda828","local_time":"20190914194247","is_ascension_mode":true,"campfire_choices":[{"data":"Noxious Fumes","floor":6,"key":"SMITH"},{"data":"Crippling Poison","floor":8,"key":"SMITH"},{"data":"Footwork","floor":11,"key":"SMITH"},{"data":"Burst","floor":15,"key":"SMITH"},{"data":"Catalyst","floor":23,"key":"SMITH"},{"data":"After Image","floor":25,"key":"SMITH"},{"data":"Adrenaline","floor":30,"key":"SMITH"},{"data":"Crippling Poison","floor":32,"key":"SMITH"},{"data":"PiercingWail","floor":40,"key":"SMITH"},{"data":"Acrobatics","floor":42,"key":"SMITH"},{"floor":49,"key":"RECALL"},{"data":"Bouncing Flask","floor":52,"key":"SMITH"}],"neow_cost":"NONE","seed_source_timestamp":66986049084900,"circlet_count":0,"master_deck":["AscendersBane","Strike_G","Defend_G","Defend_G","Defend_G","Defend_G","Defend_G","Survivor","Neutralize+1","Dagger Throw","Crippling Poison+1","Poisoned Stab","Noxious Fumes+1","Footwork+1","Blur","Burst+1","Adrenaline+1","Catalyst+1","Backflip","After Image+1","Crippling Poison+1","Dagger Spray+1","Expertise+1","Corpse Explosion","Deadly Poison","Acrobatics+1","Panacea","PiercingWail+1","Bouncing Flask+1","Escape Plan","Blur+1","Acrobatics","Bandage Up"],"relics":["Ring of the Snake","Orichalcum","Singing Bowl","Prayer Wheel","Ectoplasm","Centennial Puzzle","Strawberry","Oddly Smooth Stone","Cursed Key","Gambling Chip","Shuriken"],"potions_floor_usage":[31,55],"damage_taken":[{"damage":0,"enemies":"Jaw Worm","floor":1,"turns":5},{"damage":0,"enemies":"Small Slimes","floor":2,"turns":3},{"damage":0,"enemies":"2 Louse","floor":3,"turns":4},{"damage":10,"enemies":"3 Sentries","floor":7,"turns":6},{"damage":0,"enemies":"2 Fungi Beasts","floor":10,"turns":3},{"damage":4,"enemies":"Blue Slaver","floor":12,"turns":4},{"damage":11,"enemies":"Gremlin Nob","floor":13,"turns":5},{"damage":15,"enemies":"Slime Boss","floor":16,"turns":11},{"damage":0,"enemies":"Shell Parasite","floor":18,"turns":6},{"damage":8,"enemies":"Book of Stabbing","floor":24,"turns":3},{"damage":8,"enemies":"2 Thieves","floor":27,"turns":4},{"damage":0,"enemies":"Cultist and Chosen","floor":28,"turns":4},{"damage":15,"enemies":"Slavers","floor":29,"turns":5},{"damage":3,"enemies":"Gremlin Leader","floor":31,"turns":5},{"damage":0,"enemies":"Champ","floor":33,"turns":9},{"damage":0,"enemies":"Orb Walker","floor":35,"turns":4},{"damage":0,"enemies":"3 Darklings","floor":38,"turns":4},{"damage":0,"enemies":"Transient","floor":39,"turns":5},{"damage":1,"enemies":"Writhing Mass","floor":41,"turns":5},{"damage":0,"enemies":"Jaw Worm Horde","floor":44,"turns":2},{"damage":0,"enemies":"3 Darklings","floor":45,"turns":4},{"damage":0,"enemies":"Nemesis","floor":46,"turns":3},{"damage":0,"enemies":"4 Shapes","floor":47,"turns":3},{"damage":0,"enemies":"Awakened One","floor":50,"turns":18},{"damage":12,"enemies":"Shield and Spear","floor":54,"turns":7},{"damage":20,"enemies":"The Heart","floor":55,"turns":4}],"seed_played":"-268983930624110912","potions_obtained":[{"floor":2,"key":"GhostInAJar"},{"floor":10,"key":"SneckoOil"},{"floor":18,"key":"Regen Potion"},{"floor":33,"key":"Energy Potion"},{"floor":39,"key":"LiquidBronze"}],"is_trial":false,"path_per_floor":["M","M","M","$","?","R","E","R","T","M","R","M","E","?","R","B",null,"M","$","?","$","?","R","E","R","T","M","M","E","R","E","R","B",null,"M","?","$","M","M","R","M","R","T","M","M","E","M","?","R","B",null,"R","$","E","B",null],"character_chosen":"THE_SILENT","items_purchased":["Noxious Fumes","After Image"],"campfire_rested":0,"item_purchase_floors":[4,21],"current_hp_per_floor":[63,63,63,63,63,63,53,53,53,53,53,49,38,31,31,16,57,57,57,57,57,57,57,49,49,49,43,47,41,41,38,38,38,73,73,73,73,77,77,77,78,78,78,80,82,84,88,82,82,86,100,100,100,94,78],"gold":0,"neow_bonus":"UPGRADE_CARD","is_prod":false,"is_daily":false,"chose_seed":false,"campfire_upgraded":11,"win_rate":0,"timestamp":1568457767,"path_taken":["M","M","M","$","?","R","E","R","T","M","R","M","E","?","R","BOSS","M","$","?","$","?","R","E","R","T","M","M","E","R","E","R","BOSS","M","?","?","M","M","R","M","R","T","M","M","E","M","?","R","BOSS","R","$","E","BOSS"],"build_version":"2019-09-12","purchased_purges":1,"victory":true,"max_hp_per_floor":[70,70,70,70,70,70,70,70,70,70,70,70,70,70,70,70,70,70,70,70,70,70,70,70,70,70,72,76,85,85,85,85,85,85,85,85,85,89,89,89,91,91,91,93,95,97,101,105,105,105,105,105,105,107,107],"card_choices":[{"not_picked":["Deflect","Blade Dance"],"picked":"Dagger Throw","floor":1},{"not_picked":["Flying Knee","Leg Sweep"],"picked":"Crippling Poison","floor":2},{"not_picked":["Outmaneuver","Slice"],"picked":"Poisoned Stab","floor":3},{"not_picked":["Sucker Punch","Skewer","Outmaneuver"],"picked":"SKIP","floor":7},{"not_picked":["Prepared","Noxious Fumes"],"picked":"Footwork","floor":10},{"not_picked":["Deadly Poison","Tactician"],"picked":"Blur","floor":12},{"not_picked":["Cloak And Dagger","PiercingWail"],"picked":"Burst","floor":13},{"not_picked":["A Thousand Cuts","After Image"],"picked":"Adrenaline","floor":16},{"not_picked":["PiercingWail","Eviscerate"],"picked":"Catalyst","floor":18},{"not_picked":["Flechettes","Cloak And Dagger"],"picked":"Backflip","floor":18},{"not_picked":["Setup","Sucker Punch"],"picked":"Crippling Poison","floor":24},{"not_picked":["Sucker Punch","Dagger Throw","Envenom"],"picked":"Singing Bowl","floor":27},{"not_picked":["Flying Knee","Deflect"],"picked":"Dagger Spray+1","floor":27},{"not_picked":["Backstab","Flying Knee","Dagger Throw"],"picked":"Singing Bowl","floor":28},{"not_picked":["Poisoned Stab","Backstab","Endless Agony"],"picked":"Singing Bowl","floor":28},{"not_picked":["Tactician","Prepared","Eviscerate"],"picked":"Singing Bowl","floor":29},{"not_picked":["Setup","Quick Slash"],"picked":"Expertise+1","floor":31},{"not_picked":["Bullet Time","Envenom"],"picked":"Corpse Explosion","floor":33},{"not_picked":["Flying Knee","Quick Slash"],"picked":"Deadly Poison","floor":35},{"not_picked":["All Out Attack","Flechettes+1"],"picked":"Acrobatics","floor":35},{"not_picked":["Dagger Spray","Sucker Punch+1","All Out Attack"],"picked":"Singing Bowl","floor":38},{"not_picked":["Concentrate","Expertise+1","Storm of Steel"],"picked":"Singing Bowl","floor":38},{"not_picked":["Terror","Deflect+1"],"picked":"PiercingWail","floor":39},{"not_picked":["Deadly Poison","PiercingWail"],"picked":"Bouncing Flask","floor":39},{"not_picked":["Finisher","Poisoned Stab","Reflex"],"picked":"Singing Bowl","floor":41},{"not_picked":["Dodge and Roll","Flying Knee+1"],"picked":"Escape Plan","floor":41},{"not_picked":["Quick Slash+1","Masterful Stab","Blade Dance"],"picked":"Singing Bowl","floor":44},{"not_picked":["Endless Agony","After Image"],"picked":"Blur+1","floor":44},{"not_picked":["Flechettes","Cloak And Dagger","All Out Attack"],"picked":"Singing Bowl","floor":45},{"not_picked":["Accuracy+1","Deadly Poison"],"picked":"Acrobatics","floor":45},{"not_picked":["Escape Plan","Poisoned Stab","Predator"],"picked":"Singing Bowl","floor":46},{"not_picked":["Reflex+1","Blade Dance+1","Masterful Stab"],"picked":"Singing Bowl","floor":47},{"not_picked":["Flying Knee","Bouncing Flask","Dagger Throw+1"],"picked":"Singing Bowl","floor":47},{"not_picked":["Dramatic Entrance","Impatience","Swift Strike"],"picked":"Singing Bowl","floor":48},{"not_picked":["Jack Of All Trades","Enlightenment","Dramatic Entrance"],"picked":"Singing Bowl","floor":48},{"not_picked":["Violence","Dramatic Entrance"],"picked":"Bandage Up","floor":48},{"not_picked":["Backstab","Prepared+1","Dagger Throw"],"picked":"Singing Bowl","floor":54}],"player_experience":730809,"relics_obtained":[{"floor":7,"key":"Orichalcum"},{"floor":9,"key":"Singing Bowl"},{"floor":13,"key":"Prayer Wheel"},{"floor":24,"key":"Centennial Puzzle"},{"floor":29,"key":"Strawberry"},{"floor":31,"key":"Oddly Smooth Stone"},{"floor":46,"key":"Gambling Chip"},{"floor":54,"key":"Shuriken"}],"event_choices":[{"cards_removed":["Strike_G"],"damage_healed":0,"gold_gain":0,"player_choice":"Card Removal","damage_taken":0,"max_hp_gain":0,"max_hp_loss":0,"event_name":"The Cleric","floor":5,"gold_loss":50},{"cards_removed":["Strike_G"],"damage_healed":0,"gold_gain":0,"player_choice":"Card Removal","damage_taken":7,"max_hp_gain":0,"max_hp_loss":0,"event_name":"Golden Wing","floor":14,"gold_loss":0},{"cards_removed":["Strike_G"],"damage_healed":0,"gold_gain":0,"player_choice":"Gave Gold","damage_taken":0,"max_hp_gain":0,"max_hp_loss":0,"event_name":"Beggar","floor":20,"gold_loss":75},{"damage_healed":0,"gold_gain":0,"player_choice":"Ignored","damage_taken":0,"max_hp_gain":0,"max_hp_loss":0,"event_name":"The Mausoleum","floor":22,"gold_loss":0},{"damage_healed":0,"gold_gain":0,"player_choice":"1 cards matched","damage_taken":0,"max_hp_gain":0,"max_hp_loss":0,"event_name":"Match and Keep!","floor":36,"gold_loss":0,"cards_obtained":["Panacea"]},{"damage_healed":0,"gold_gain":0,"player_choice":"Memory 3","damage_taken":10,"max_hp_gain":0,"max_hp_loss":0,"event_name":"SensoryStone","floor":48,"gold_loss":0}],"is_beta":true,"boss_relics":[{"not_picked":["Pandora\u0027s Box","Velvet Choker"],"picked":"Ectoplasm"},{"not_picked":["Runic Dome","Empty Cage"],"picked":"Cursed Key"}],"items_purged_floors":[19],"is_endless":false,"potions_floor_spawned":[2,10,12,16,18,28,29,33,35,39,41,46],"ascension_level":13}