{"gold_per_floor":[12,22,37,1,1,30,30,60,60,60,85,85,106,126,126,246,246,269,288,288,135,154,197,213,228,228,249,16,54,54,90,90,90],"floor_reached":33,"playtime":2008,"items_purged":[],"score":319,"play_id":"bae45aa2-ca10-4237-b6ac-b191d1b5fd38","local_time":"20190310191201","is_ascension_mode":false,"campfire_choices":[{"floor":7,"key":"REST"},{"data":"Spot Weakness","floor":12,"key":"SMITH"},{"floor":15,"key":"REST"},{"floor":30,"key":"REST"},{"floor":32,"key":"REST"}],"neow_cost":"NO_GOLD","seed_source_timestamp":12528524108630,"circlet_count":0,"master_deck":["Strike_R","Strike_R","Strike_R","Strike_R","Defend_R","Defend_R","Defend_R","Defend_R","Bash","Fire Breathing","Battle Trance","Shockwave+1","Fire Breathing","Spot Weakness+1","Heavy Blade","Perfected Strike","Demon Form","Intimidate+1","Cleave+1","Clothesline+1","Reaper","Double Tap","Seeing Red","Perfected Strike+1"],"relics":["Burning Blood","Mango","Potion Belt","Nunchaku","Paper Frog","Golden Idol","Velvet Choker","PreservedInsect","Red Skull","Shuriken","Dodecahedron","Dream Catcher"],"potions_floor_usage":[16,23,27,29,29,29,33,33],"damage_taken":[{"damage":4,"enemies":"2 Louse","floor":1,"turns":4},{"damage":10,"enemies":"Jaw Worm","floor":2,"turns":4},{"damage":10,"enemies":"Cultist","floor":3,"turns":4},{"damage":33,"enemies":"Gremlin Nob","floor":6,"turns":5},{"damage":40,"enemies":"Lagavulin","floor":8,"turns":8},{"damage":4,"enemies":"Blue Slaver","floor":11,"turns":4},{"damage":9,"enemies":"Red Slaver","floor":13,"turns":4},{"damage":14,"enemies":"Large Slime","floor":14,"turns":3},{"damage":28,"enemies":"The Guardian","floor":16,"turns":9},{"damage":20,"enemies":"Shell Parasite","floor":18,"turns":4},{"damage":21,"enemies":"2 Thieves","floor":19,"turns":3},{"damage":18,"enemies":"Cultist and Chosen","floor":22,"turns":4},{"damage":15,"enemies":"Gremlin Leader","floor":23,"turns":4},{"damage":8,"enemies":"3 Cultists","floor":24,"turns":3},{"damage":11,"enemies":"Snecko","floor":25,"turns":4},{"damage":19,"enemies":"Centurion and Healer","floor":27,"turns":3},{"damage":29,"enemies":"Slavers","floor":29,"turns":3},{"damage":25,"enemies":"Book of Stabbing","floor":31,"turns":4},{"damage":55,"enemies":"Champ","floor":33,"turns":7}],"seed_played":"7098342445402034823","potions_obtained":[{"floor":1,"key":"LiquidBronze"},{"floor":2,"key":"LiquidBronze"},{"floor":11,"key":"EssenceOfSteel"},{"floor":14,"key":"Block Potion"},{"floor":22,"key":"AttackPotion"},{"floor":23,"key":"Energy Potion"},{"floor":24,"key":"BloodPotion"},{"floor":27,"key":"BloodPotion"},{"floor":29,"key":"Dexterity Potion"}],"is_trial":false,"path_per_floor":["M","M","M","$","?","E","R","E","T","?","M","R","M","M","R","B",null,"M","M","?","$","M","E","M","M","T","M","$","E","R","E","R","B"],"character_chosen":"IRONCLAD","items_purchased":["Fire Breathing","PreservedInsect","Reaper","Double Tap"],"campfire_rested":4,"item_purchase_floors":[4,21,28,28],"current_hp_per_floor":[94,90,86,86,86,59,87,53,53,53,55,55,52,44,70,48,87,73,58,58,58,46,37,35,30,30,17,17,10,36,17,43,0],"gold":90,"neow_bonus":"ONE_RARE_RELIC","is_prod":false,"is_daily":false,"chose_seed":false,"campfire_upgraded":1,"win_rate":0.0,"timestamp":1552259521,"path_taken":["M","M","M","$","?","E","R","E","T","?","M","R","M","M","R","BOSS","M","M","?","$","M","E","M","M","T","M","?","E","R","E","R","BOSS"],"build_version":"2019-01-23","purchased_purges":0,"victory":false,"max_hp_per_floor":[94,94,94,94,94,94,94,94,94,87,87,87,87,87,87,87,87,87,87,87,87,87,87,87,87,87,87,87,87,87,87,87,87],"card_choices":[{"not_picked":["Entrench","Dual Wield"],"picked":"Fire Breathing","floor":1},{"not_picked":["Sever Soul","Burning Pact"],"picked":"Battle Trance","floor":2},{"not_picked":["Dual Wield","Iron Wave"],"picked":"Shockwave","floor":3},{"not_picked":["Seeing Red","Corruption"],"picked":"Spot Weakness","floor":6},{"not_picked":["Body Slam","Cleave","Entrench"],"picked":"SKIP","floor":8},{"not_picked":["Intimidate","Reckless Charge"],"picked":"Heavy Blade","floor":11},{"not_picked":["Evolve","Rampage"],"picked":"Perfected Strike","floor":13},{"not_picked":["Warcry","Fire Breathing","Ghostly Armor"],"picked":"SKIP","floor":14},{"not_picked":["Bludgeon","Fiend Fire"],"picked":"Demon Form","floor":16},{"not_picked":["Armaments","Clash"],"picked":"Intimidate+1","floor":18},{"not_picked":["Carnage","Clothesline"],"picked":"Cleave+1","floor":19},{"not_picked":["Heavy Blade","Carnage","Wild Strike"],"picked":"SKIP","floor":22},{"not_picked":["Twin Strike","Wild Strike"],"picked":"Clothesline+1","floor":23},{"not_picked":["Thunderclap","True Grit","Warcry"],"picked":"SKIP","floor":24},{"not_picked":["Pommel Strike","Combust","Twin Strike+1"],"picked":"SKIP","floor":25},{"not_picked":["Flex","Anger","Twin Strike"],"picked":"SKIP","floor":27},{"not_picked":["Burning Pact","Juggernaut"],"picked":"Seeing Red","floor":29},{"not_picked":["Clothesline+1","True Grit","Heavy Blade"],"picked":"SKIP","floor":31},{"not_picked":["Clash","Rupture"],"picked":"Perfected Strike+1","floor":32}],"player_experience":15588,"relics_obtained":[{"floor":6,"key":"Potion Belt"},{"floor":8,"key":"Nunchaku"},{"floor":9,"key":"Paper Frog"},{"floor":23,"key":"Red Skull"},{"floor":26,"key":"Shuriken"},{"floor":29,"key":"Dodecahedron"},{"floor":31,"key":"Dream Catcher"}],"event_choices":[{"damage_healed":0,"gold_gain":0,"player_choice":"Grow","damage_taken":0,"max_hp_gain":0,"max_hp_loss":0,"event_name":"Living Wall","floor":5,"gold_loss":0,"cards_upgraded":["Shockwave"]},{"damage_healed":0,"gold_gain":0,"player_choice":"Lose Max HP","damage_taken":0,"relics_obtained":["Golden Idol"],"max_hp_gain":0,"max_hp_loss":7,"event_name":"Golden Idol","floor":10,"gold_loss":0},{"cards_removed":["Strike_R"],"damage_healed":0,"gold_gain":0,"player_choice":"Purged","damage_taken":0,"max_hp_gain":0,"max_hp_loss":0,"event_name":"Purifier","floor":20,"gold_loss":0}],"is_beta":false,"boss_relics":[{"not_picked":["Fusion Hammer","Lizard Tail"],"picked":"Velvet Choker"}],"items_purged_floors":[],"is_endless":false,"potions_floor_spawned":[1,2,11,14,22,23,24,27,29],"killed_by":"Champ","ascension_level":0}