{"gold_per_floor":[18,18,30,30,51,51,51,51,51,71,71,94,115,159,159,280,280,295,308,322,237,255,255],"floor_reached":23,"playtime":1223,"items_purged":[],"score":234,"play_id":"e6ec476d-c37d-4bce-8f42-34f8c73fdc95","local_time":"20191001195019","is_ascension_mode":true,"campfire_choices":[{"data":"Fasting","floor":6,"key":"SMITH"},{"data":"Alpha","floor":8,"key":"SMITH"},{"data":"TalkToTheHand","floor":11,"key":"SMITH"},{"floor":15,"key":"REST"}],"neow_cost":"NO_GOLD","seed_source_timestamp":95656542800,"circlet_count":0,"master_deck":["Strike_P","Strike_P","Strike_P","Defend_P","Defend_P","Defend_P","Defend_P","Eruption+1","Vigilance","Consecrate","Nirvana","Fasting+1","Alpha+1","TalkToTheHand+1","JustLucky","CutThroughFate","Protect","ConjureBlade","ClearTheMind+1","Weave","FollowUp+1","Protect"],"special_seed":0,"relics":["PureWater","Nunchaku","Golden Idol","Juzu Bracelet","Torii","Fusion Hammer","Art of War"],"potions_floor_usage":[14,16,19,23],"damage_taken":[{"damage":0.0,"enemies":"Cultist","floor":1.0,"turns":2.0},{"damage":0.0,"enemies":"2 Louse","floor":3.0,"turns":2.0},{"damage":0.0,"enemies":"Jaw Worm","floor":5.0,"turns":2.0},{"damage":14,"enemies":"Looter","floor":10,"turns":4},{"damage":8,"enemies":"Red Slaver","floor":12,"turns":4},{"damage":1,"enemies":"Blue Slaver","floor":13,"turns":5},{"damage":13,"enemies":"Gremlin Nob","floor":14,"turns":3},{"damage":4,"enemies":"Hexaghost","floor":16,"turns":7},{"damage":15,"enemies":"3 Byrds","floor":18,"turns":4},{"damage":9,"enemies":"Shell Parasite","floor":19,"turns":5},{"damage":26,"enemies":"Snake Plant","floor":20,"turns":4},{"damage":36,"enemies":"Shelled Parasite and Fungi","floor":22,"turns":5},{"damage":1,"enemies":"Gremlin Leader","floor":23,"turns":1}],"seed_played":"2142725271040627484","potions_obtained":[{"floor":5,"key":"Explosive Potion"},{"floor":12,"key":"Energy Potion"},{"floor":16,"key":"Regen Potion"},{"floor":19,"key":"Explosive Potion"}],"is_trial":false,"path_per_floor":["M","?","M","?","M","R","?","R","T","M","R","M","M","E","R","B",null,"M","M","M","?","M","E"],"character_chosen":"WATCHER","items_purchased":[],"campfire_rested":1,"item_purchase_floors":[],"current_hp_per_floor":[72,72,72,54,54,54,54,54,54,40,40,32,31,18,39,35,72,57,63,37,37,1,0],"gold":255,"neow_bonus":"ONE_RARE_RELIC","is_prod":false,"is_daily":false,"chose_seed":false,"campfire_upgraded":3,"win_rate":0,"timestamp":1569984619,"path_taken":["M","?","M","?","M","R","?","R","T","M","R","M","M","E","R","BOSS","M","M","M","?","M","E"],"build_version":"2019-10-01","purchased_purges":0,"victory":false,"max_hp_per_floor":[72,72,72,72,72,72,72,72,72,72,72,72,72,72,72,72,72,72,72,72,72,72,72],"card_choices":[{"not_picked":["ClearTheMind","FlyingSleeves"],"picked":"Consecrate","floor":1.0},{"not_picked":["ThirdEye","FlyingSleeves"],"picked":"Nirvana","floor":3.0},{"not_picked":["JustLucky","CutThroughFate"],"picked":"Fasting","floor":5},{"not_picked":["Protect","InnerPeace"],"picked":"TalkToTheHand","floor":10},{"not_picked":["CarveReality","EmptyFist"],"picked":"JustLucky","floor":12},{"not_picked":["BattleHymn","EmptyFist"],"picked":"CutThroughFate","floor":13},{"not_picked":["Scrawl","CutThroughFate"],"picked":"Protect","floor":14},{"not_picked":["Establishment","Vault"],"picked":"ConjureBlade","floor":16},{"not_picked":["CutThroughFate","SashWhip"],"picked":"ClearTheMind+1","floor":18},{"not_picked":["WaveOfTheHand2","SpiritShield"],"picked":"Weave","floor":19},{"not_picked":["Consecrate","WheelKick+1"],"picked":"FollowUp+1","floor":20},{"not_picked":["EmptyBody","SashWhip"],"picked":"Protect","floor":22}],"player_experience":794908,"relics_obtained":[{"floor":9,"key":"Juzu Bracelet"},{"floor":14,"key":"Torii"}],"event_choices":[{"damage_healed":0.0,"max_hp_gain":0.0,"max_hp_loss":0.0,"gold_gain":0.0,"event_name":"Living Wall","player_choice":"Grow","floor":2.0,"gold_loss":0.0,"damage_taken":0.0,"cards_upgraded":["Eruption"]},{"damage_healed":0.0,"max_hp_gain":0.0,"max_hp_loss":0.0,"gold_gain":0.0,"event_name":"Golden Idol","player_choice":"Take Damage","floor":4.0,"gold_loss":0.0,"damage_taken":18.0,"relics_obtained":["Golden Idol"]},{"damage_healed":0,"gold_gain":0,"cards_transformed":["Strike_P"],"player_choice":"Transformed","damage_taken":0,"max_hp_gain":0,"max_hp_loss":0,"event_name":"Transmorgrifier","floor":7,"gold_loss":0,"cards_obtained":["Alpha"]},{"damage_healed":0,"gold_gain":0,"player_choice":"Obtained Relic","damage_taken":0,"relics_obtained":["Art of War"],"max_hp_gain":0,"max_hp_loss":0,"event_name":"Addict","floor":21,"gold_loss":85}],"is_beta":true,"boss_relics":[{"not_picked":["Velvet Choker","SacredBark"],"picked":"Fusion Hammer"}],"items_purged_floors":[],"is_endless":false,"potions_floor_spawned":[5,12,16,19],"killed_by":"Gremlin Leader","ascension_level":4}