{"gold_per_floor":[114,114,39,54,54,54,67,96,96,107,138,138,66,83,83,83],"floor_reached":16,"playtime":598,"items_purged":["Regret"],"score":270,"play_id":"63206f9b-5be6-4146-aa68-134cd3fffcea","local_time":"20190718154810","is_ascension_mode":true,"campfire_choices":[{"data":"Neutralize","floor":6,"key":"SMITH"},{"data":"Calculated Gamble","floor":12,"key":"SMITH"},{"data":"Deflect","floor":15,"key":"SMITH"}],"neow_cost":"NONE","seed_source_timestamp":9351300293807456,"circlet_count":0,"master_deck":["AscendersBane","Strike_G","Strike_G","Strike_G","Strike_G","Strike_G","Defend_G","Defend_G","Defend_G","Defend_G","Defend_G","Survivor","Neutralize+1","Dagger Spray+1","Dagger Throw","Quick Slash","Calculated Gamble+1","Deflect+1"],"relics":["Ring of the Snake","Orichalcum","Turnip","Pantograph","Ninja Scroll","Potion Belt"],"potions_floor_usage":[8,11,11],"damage_taken":[{"damage":6,"enemies":"Cultist","floor":1,"turns":5},{"damage":0,"enemies":"Small Slimes","floor":4,"turns":4},{"damage":1,"enemies":"Jaw Worm","floor":7,"turns":2},{"damage":0,"enemies":"Gremlin Nob","floor":8,"turns":3},{"damage":9,"enemies":"Exordium Wildlife","floor":10,"turns":5},{"damage":32,"enemies":"3 Sentries","floor":11,"turns":6},{"damage":0,"enemies":"Lots of Slimes","floor":14,"turns":1},{"damage":58,"enemies":"Hexaghost","floor":16,"turns":11}],"seed_played":"8692291560547650260","potions_obtained":[{"floor":1,"key":"SkillPotion"},{"floor":4,"key":"Dexterity Potion"},{"floor":8,"key":"Regen Potion"},{"floor":10,"key":"PowerPotion"},{"floor":14,"key":"Energy Potion"}],"is_trial":false,"path_per_floor":["M","?","$","M","?","R","M","E","T","M","E","R","?","M","R","B"],"character_chosen":"THE_SILENT","items_purchased":[],"campfire_rested":0,"item_purchase_floors":[],"current_hp_per_floor":[53,53,53,53,53,53,52,52,52,43,26,26,26,26,26,0],"gold":83,"neow_bonus":"RANDOM_COMMON_RELIC","is_prod":false,"is_daily":false,"chose_seed":false,"campfire_upgraded":3,"win_rate":0,"timestamp":1563443290,"path_taken":["M","?","$","M","?","R","M","E","T","?","E","R","?","M","R","BOSS"],"build_version":"2019-07-17","purchased_purges":1,"victory":false,"max_hp_per_floor":[66,66,66,66,66,66,66,66,66,66,66,66,66,66,66,66],"card_choices":[{"not_picked":["Masterful Stab","Prepared"],"picked":"Dagger Spray","floor":1},{"not_picked":["Expertise","PiercingWail"],"picked":"Dagger Throw","floor":4},{"not_picked":["Backflip","Endless Agony"],"picked":"Quick Slash","floor":7},{"not_picked":["Eviscerate","Reflex"],"picked":"Calculated Gamble","floor":8},{"not_picked":["Deflect","Acrobatics","Riddle With Holes"],"picked":"SKIP","floor":10},{"not_picked":["Concentrate","Masterful Stab","Predator"],"picked":"SKIP","floor":11},{"not_picked":["Prepared","Bane"],"picked":"Deflect","floor":14}],"player_experience":1559403,"relics_obtained":[{"floor":8,"key":"Pantograph"},{"floor":9,"key":"Ninja Scroll"},{"floor":11,"key":"Potion Belt"}],"event_choices":[{"damage_healed":0,"gold_gain":0,"player_choice":"Box","damage_taken":0,"relics_obtained":["Turnip"],"max_hp_gain":0,"max_hp_loss":0,"event_name":"Big Fish","floor":2,"gold_loss":0,"cards_obtained":["Regret"]},{"damage_healed":0,"gold_gain":0,"player_choice":"Upgraded","damage_taken":0,"max_hp_gain":0,"max_hp_loss":0,"event_name":"Upgrade Shrine","floor":5,"gold_loss":0,"cards_upgraded":["Dagger Spray"]},{"damage_healed":0,"gold_gain":0,"player_choice":"Left Gold","damage_taken":0,"max_hp_gain":0,"max_hp_loss":0,"event_name":"World of Goop","floor":13,"gold_loss":72}],"is_beta":false,"boss_relics":[],"items_purged_floors":[3],"is_endless":false,"potions_floor_spawned":[1,4,8,10,14],"killed_by":"Hexaghost","ascension_level":20}