{"gold_per_floor":[117,117,192,117,137,137,162,162,162,192,192,218,218,4,4,106,106,120,120,58,76,76,109,119,136,136,36,36,111,111,129,129,129],"floor_reached":33,"playtime":1438,"items_purged":["Strike_B","Defend_B","Strike_B"],"score":361,"play_id":"6339b1c1-cee7-4c26-a7ce-08da473fa6cc","local_time":"20190930232053","is_ascension_mode":true,"campfire_choices":[{"data":"Zap","floor":6,"key":"SMITH"},{"data":"Defragment","floor":8,"key":"SMITH"},{"floor":15,"key":"REST"},{"floor":28,"key":"REST"},{"data":"Redo","floor":32,"key":"SMITH"}],"neow_cost":"NONE","seed_source_timestamp":108671658338000,"circlet_count":0,"master_deck":["Strike_B+1","Strike_B+1","Defend_B","Defend_B","Defend_B","Zap+1","Dualcast","Ball Lightning","Cold Snap","Defragment+1","Leap","Leap","Redo+1","Necronomicurse","Capacitor","Self Repair","White Noise","Doom and Gloom","Doom and Gloom"],"relics":["Cracked Core","NeowsBlessing","Pocketwatch","The Courier","Bronze Scales","Pear","Odd Mushroom","Mummified Hand","Lantern","Sozu","Necronomicon","TungstenRod","Ornamental Fan"],"potions_floor_usage":[16,23],"damage_taken":[{"damage":0,"enemies":"2 Louse","floor":1,"turns":1},{"damage":0,"enemies":"Small Slimes","floor":5,"turns":1},{"damage":0,"enemies":"Lagavulin","floor":7,"turns":1},{"damage":14,"enemies":"3 Sentries","floor":10,"turns":6},{"damage":15,"enemies":"The Mushroom Lair","floor":12,"turns":3},{"damage":0,"enemies":"The Guardian","floor":16,"turns":7},{"damage":1,"enemies":"Shell Parasite","floor":18,"turns":4},{"damage":21,"enemies":"2 Thieves","floor":21,"turns":4},{"damage":35,"enemies":"Slavers","floor":23,"turns":6},{"damage":11,"enemies":"Snake Plant","floor":24,"turns":4},{"damage":7,"enemies":"Snecko","floor":25,"turns":5},{"damage":4,"enemies":"Cultist and Chosen","floor":31,"turns":3},{"damage":34,"enemies":"Collector","floor":33,"turns":7}],"seed_played":"5991643498295309939","potions_obtained":[{"floor":10,"key":"FearPotion"},{"floor":12,"key":"PotionOfCapacity"}],"is_trial":false,"path_per_floor":["M","?","?","$","M","R","E","R","T","E","?","?","T","$","R","B",null,"M","?","$","M","?","E","M","M","T","$","R","?","$","M","R","B"],"character_chosen":"DEFECT","items_purchased":["Lantern","Leap","Capacitor"],"campfire_rested":2,"item_purchase_floors":[14,14,20],"current_hp_per_floor":[75,60,49,49,49,49,49,49,49,35,20,5,5,5,30,30,85,84,68,68,47,47,19,15,15,15,15,40,33,33,29,29,0],"gold":129,"neow_bonus":"THREE_ENEMY_KILL","is_prod":false,"is_daily":false,"chose_seed":false,"campfire_upgraded":3,"win_rate":0,"timestamp":1569910853,"path_taken":["M","?","?","$","M","R","E","R","T","E","?","?","?","?","R","BOSS","M","?","$","M","?","E","M","M","T","$","R","?","$","M","R","BOSS"],"build_version":"2019-09-27","purchased_purges":3,"victory":false,"max_hp_per_floor":[75,75,75,75,75,75,75,75,75,75,85,85,85,85,85,85,85,85,85,85,85,85,85,85,85,85,85,85,85,85,85,85,85],"card_choices":[{"not_picked":["Double Energy","Rebound"],"picked":"Ball Lightning","floor":1},{"not_picked":["Stack","Hologram"],"picked":"Cold Snap","floor":5},{"not_picked":["BootSequence","Rainbow"],"picked":"Defragment","floor":7},{"not_picked":["Go for the Eyes","White Noise"],"picked":"Leap","floor":10},{"not_picked":["Go for the Eyes","Beam Cell"],"picked":"Redo","floor":18},{"not_picked":["Undo+1","Cold Snap","Hologram"],"picked":"SKIP","floor":21},{"not_picked":["Compile Driver","Rip and Tear"],"picked":"White Noise","floor":23},{"not_picked":["FTL+1","Rebound","Stack"],"picked":"SKIP","floor":24},{"not_picked":["Go for the Eyes","Beam Cell"],"picked":"Doom and Gloom","floor":25},{"not_picked":["Genetic Algorithm+1","BootSequence"],"picked":"Doom and Gloom","floor":31}],"player_experience":791848,"relics_obtained":[{"floor":7,"key":"Pocketwatch"},{"floor":9,"key":"The Courier"},{"floor":10,"key":"Bronze Scales"},{"floor":12,"key":"Odd Mushroom"},{"floor":13,"key":"Mummified Hand"},{"floor":19,"key":"Necronomicon"},{"floor":23,"key":"TungstenRod"},{"floor":26,"key":"Ornamental Fan"}],"event_choices":[{"damage_healed":0,"gold_gain":0,"player_choice":"Entered Light","damage_taken":15,"max_hp_gain":0,"max_hp_loss":0,"event_name":"Shining Light","floor":2,"gold_loss":0,"cards_upgraded":["Strike_B","Strike_B"]},{"damage_healed":0,"gold_gain":75,"player_choice":"Gather Gold","damage_taken":11,"max_hp_gain":0,"max_hp_loss":0,"event_name":"World of Goop","floor":3,"gold_loss":0},{"damage_healed":0,"gold_gain":0,"player_choice":"Success","damage_taken":25,"relics_obtained":["Pear"],"max_hp_gain":0,"max_hp_loss":0,"event_name":"Scrap Ooze","floor":11,"gold_loss":0},{"damage_healed":0,"gold_gain":0,"player_choice":"Fought Mushrooms","damage_taken":0,"max_hp_gain":0,"max_hp_loss":0,"event_name":"Mushrooms","floor":12,"gold_loss":0},{"damage_healed":0,"gold_gain":0,"player_choice":"Obtained Book","damage_taken":16,"max_hp_gain":0,"max_hp_loss":0,"event_name":"Cursed Tome","floor":19,"gold_loss":0},{"damage_healed":0,"gold_gain":0,"player_choice":"Read","damage_taken":0,"max_hp_gain":0,"max_hp_loss":0,"event_name":"The Library","floor":22,"gold_loss":0,"cards_obtained":["Self Repair"]},{"damage_healed":0,"gold_gain":75,"player_choice":"Touch","damage_taken":8,"max_hp_gain":0,"max_hp_loss":0,"event_name":"FaceTrader","floor":29,"gold_loss":0}],"is_beta":true,"boss_relics":[{"not_picked":["SlaversCollar","Fusion Hammer"],"picked":"Sozu"}],"items_purged_floors":[4,14,27],"is_endless":false,"potions_floor_spawned":[10,12,25,31],"killed_by":"Collector","ascension_level":1}