{"gold_per_floor":[119,119,8,25,38,38,38,38,63,89,105,105,143,18,18,111,111,130,143,143,143,159,159,20,20,96,113,113,38,72,72,72,72],"floor_reached":33,"playtime":2148,"items_purged":["Strike_R","Strike_R"],"score":542,"play_id":"99973492-438a-44fb-b726-2d8488d09a68","local_time":"20190905185708","is_ascension_mode":true,"campfire_choices":[{"data":"Uppercut","floor":6,"key":"SMITH"},{"data":"Sword Boomerang","floor":8,"key":"SMITH"},{"floor":15,"key":"REST"},{"data":"Bash","floor":23,"key":"SMITH"},{"data":"Inflame","floor":25,"key":"SMITH"},{"data":"Disarm","floor":28,"key":"SMITH"},{"floor":32,"key":"REST"}],"neow_cost":"NONE","seed_source_timestamp":150772768430700,"circlet_count":0,"master_deck":["AscendersBane","Strike_R","Defend_R","Defend_R","Defend_R","Bash+1","Spot Weakness","Rupture","Sword Boomerang+1","Twin Strike","Uppercut+1","Disarm+1","Shrug It Off+1","Armaments+1","Fiend Fire","Headbutt","Warcry+1","Inflame+1","Flame Barrier+1","Pummel","Ghostly+1","Ghostly+1","Ghostly+1"],"relics":["Burning Blood","Omamori","Red Skull","Bloody Idol","Toxic Egg 2","Mark of Pain","Tiny Chest","Art of War"],"potions_floor_usage":[13],"damage_taken":[{"damage":3,"enemies":"2 Louse","floor":1,"turns":4},{"damage":12,"enemies":"Cultist","floor":4,"turns":4},{"damage":9,"enemies":"Jaw Worm","floor":5,"turns":4},{"damage":35,"enemies":"Lagavulin","floor":10,"turns":5},{"damage":12,"enemies":"Exordium Thugs","floor":11,"turns":3},{"damage":15,"enemies":"3 Sentries","floor":13,"turns":4},{"damage":14,"enemies":"Hexaghost","floor":16,"turns":8},{"damage":26,"enemies":"Shell Parasite","floor":18,"turns":5},{"damage":1,"enemies":"Chosen","floor":19,"turns":5},{"damage":18,"enemies":"Centurion and Healer","floor":22,"turns":7},{"damage":13,"enemies":"Snake Plant","floor":27,"turns":2},{"damage":40,"enemies":"Slavers","floor":30,"turns":4},{"damage":30,"enemies":"Champ","floor":33,"turns":7}],"seed_played":"6792163453299687935","potions_obtained":[{"floor":1,"key":"Weak Potion"},{"floor":18,"key":"Dexterity Potion"},{"floor":19,"key":"Fire Potion"}],"is_trial":false,"path_per_floor":["M","?","$","M","M","R","?","R","T","E","M","?","E","$","R","B",null,"M","M","?","?","M","R","$","R","T","M","R","$","E","?","R","B"],"character_chosen":"IRONCLAD","items_purchased":["Fire Potion","Sword Boomerang","Armaments+1","Inflame","Flame Barrier+1"],"campfire_rested":2,"item_purchase_floors":[3,3,14,24,29],"current_hp_per_floor":[71,71,71,65,62,62,55,55,55,26,20,20,11,11,31,23,57,37,42,42,42,35,35,35,35,45,43,43,43,14,14,24,0],"gold":72,"neow_bonus":"REMOVE_CARD","is_prod":false,"is_daily":false,"chose_seed":false,"campfire_upgraded":5,"win_rate":0,"timestamp":1567677428,"path_taken":["M","?","?","M","M","R","?","R","T","E","M","?","E","?","R","BOSS","M","M","?","?","?","R","?","R","T","M","R","?","E","?","R","BOSS"],"build_version":"2019-07-17","purchased_purges":2,"victory":false,"max_hp_per_floor":[75,75,75,75,75,75,75,75,75,75,75,68,68,68,68,68,68,68,68,68,68,68,68,68,68,68,68,68,68,68,34,34,34],"card_choices":[{"not_picked":["Entrench","Bloodletting"],"picked":"Spot Weakness","floor":1},{"not_picked":["Rampage","Sentinel"],"picked":"Twin Strike","floor":4},{"not_picked":["Heavy Blade","Dropkick"],"picked":"Uppercut","floor":5},{"not_picked":["Body Slam","Bloodletting","Heavy Blade"],"picked":"SKIP","floor":10},{"not_picked":["Cleave","Reckless Charge"],"picked":"Disarm","floor":11},{"not_picked":["Brutality","Clash"],"picked":"Shrug It Off","floor":13},{"not_picked":["Barricade","Brutality"],"picked":"Fiend Fire","floor":16},{"not_picked":["Rage+1","Anger"],"picked":"Headbutt","floor":18},{"not_picked":["Clothesline","Flex+1","Warcry+1"],"picked":"SKIP","floor":19},{"not_picked":["Clothesline","Flex+1"],"picked":"Warcry+1","floor":19},{"not_picked":["Perfected Strike","Twin Strike","Pommel Strike"],"picked":"SKIP","floor":22},{"not_picked":["Perfected Strike","Feel No Pain","Spot Weakness+1"],"picked":"SKIP","floor":27},{"not_picked":["Cleave","Wild Strike"],"picked":"Pummel","floor":30}],"player_experience":625935,"relics_obtained":[{"floor":9,"key":"Omamori"},{"floor":10,"key":"Red Skull"},{"floor":13,"key":"Toxic Egg 2"},{"floor":26,"key":"Tiny Chest"},{"floor":30,"key":"Art of War"}],"event_choices":[{"damage_healed":0,"gold_gain":0,"cards_transformed":["Defend_R"],"player_choice":"Transformed","damage_taken":0,"max_hp_gain":0,"max_hp_loss":0,"event_name":"Transmorgrifier","floor":2,"gold_loss":0,"cards_obtained":["Rupture"]},{"cards_removed":["Strike_R"],"damage_healed":0,"gold_gain":0,"player_choice":"Card Removal","damage_taken":7,"max_hp_gain":0,"max_hp_loss":0,"event_name":"Golden Wing","floor":7,"gold_loss":0},{"damage_healed":0,"gold_gain":0,"player_choice":"Lose Max HP","damage_taken":0,"relics_obtained":["Golden Idol"],"max_hp_gain":0,"max_hp_loss":7,"event_name":"Golden Idol","floor":12,"gold_loss":0},{"damage_healed":0,"gold_gain":0,"player_choice":"Ignored","damage_taken":0,"max_hp_gain":0,"max_hp_loss":0,"event_name":"Vampires","floor":20,"gold_loss":0},{"damage_healed":0,"gold_gain":0,"player_choice":"Gave Idol","damage_taken":0,"relics_obtained":["Bloody Idol"],"max_hp_gain":0,"max_hp_loss":0,"event_name":"Forgotten Altar","floor":21,"relics_lost":["Golden Idol"],"gold_loss":0},{"damage_healed":0,"gold_gain":0,"player_choice":"Became a Ghost","damage_taken":0,"max_hp_gain":0,"max_hp_loss":34,"event_name":"Ghosts","floor":31,"gold_loss":0,"cards_obtained":["Ghostly","Ghostly","Ghostly"]}],"is_beta":false,"boss_relics":[{"not_picked":["Coffee Dripper","Black Blood"],"picked":"Mark of Pain"}],"items_purged_floors":[14,24],"is_endless":false,"potions_floor_spawned":[1,5,18,19,30],"killed_by":"Champ","ascension_level":20}