{"gold_per_floor":[144,69,69,114,114,114,159,159,159,59,104,149,194,194,194,494,494,539,539,584,499,499,499,589,159,184,229,274,274,319,619,619,919,919,964,964,964,189,234,234,279,324,324,324,8,98,21,66,66,66],"floor_reached":51,"playtime":5298,"items_purged":["FlowState","Compile Driver","Halt","Halt","Prostrate"],"score":760,"play_id":"de6c6473-44c6-4ec5-a0e9-c9b32123572f","local_time":"20190922201322","daily_mods":["Insanity","Diverse","Midas"],"is_ascension_mode":false,"campfire_choices":[{"floor":6,"key":"REST"},{"floor":15,"key":"REST"},{"floor":23,"key":"REST"},{"floor":32,"key":"REST"},{"floor":40,"key":"REST"},{"floor":44,"key":"REST"},{"floor":49,"key":"REST"}],"neow_cost":"","seed_source_timestamp":0,"circlet_count":0,"master_deck":["Evolve","Shrug It Off","Slice","Pommel Strike","Flying Knee","Expertise","Clash","Dagger Throw","Poisoned Stab","EmptyBody","Underhanded Strike","Leap","Ghostly Armor","Flying Knee","EmptyMind","Deflect","Weave","Pommel Strike","CrushJoints","Dagger Spray","Quick Slash","Perseverance","Evaluate","Sunder","Body Slam","Armaments","Dagger Spray","Rage","Sword Boomerang","Armaments","Perfected Strike","Worship","Anger","Ghostly Armor","EmptyBody","Iron Wave","Glacier","WreathOfFlame","Deflect","Streamline","Hemokinesis","Shockwave","FlyingSleeves","Battle Trance","Fusion","Die Die Die+1","Conserve Battery","RitualDagger+1","Warcry+1","Collect","Noxious Fumes","Blur","FearNoEvil+1","Reboot","Metallicize","Double Energy+1","Discovery","Noxious Fumes","Wireheading","SandsOfTime+1","DevaForm","Glass Knife+1","Heatsinks","Aggregate"],"special_seed":18162,"relics":["Burning Blood","InkBottle","Orichalcum","Odd Mushroom","Molten Egg 2","Busted Crown","MealTicket","Singing Bowl","Vajra","Potion Belt","Nilry\u0027s Codex","Prayer Wheel","Question Card","Black Star","Oddly Smooth Stone","Mummified Hand","DollysMirror","Anchor","White Beast Statue","Dream Catcher"],"potions_floor_usage":[18,24,27,28,30,31,31,31,50,50,50],"damage_taken":[{"damage":0,"enemies":"Cultist","floor":1,"turns":2},{"damage":0,"enemies":"Jaw Worm","floor":4,"turns":2},{"damage":0,"enemies":"2 Louse","floor":7,"turns":3},{"damage":2,"enemies":"Lots of Slimes","floor":11,"turns":5},{"damage":7,"enemies":"Looter","floor":12,"turns":3},{"damage":4,"enemies":"The Mushroom Lair","floor":13,"turns":4},{"damage":35,"enemies":"Hexaghost","floor":16,"turns":12},{"damage":3,"enemies":"2 Thieves","floor":18,"turns":4},{"damage":3,"enemies":"Spheric Guardian","floor":20,"turns":3},{"damage":19,"enemies":"Slavers","floor":24,"turns":6},{"damage":14,"enemies":"Snecko","floor":27,"turns":6},{"damage":3,"enemies":"3 Cultists","floor":28,"turns":4},{"damage":10,"enemies":"Centurion and Healer","floor":30,"turns":5},{"damage":3,"enemies":"Colosseum Slavers","floor":31,"turns":4},{"damage":14,"enemies":"Colosseum Nobs","floor":31,"turns":4},{"damage":23,"enemies":"Champ","floor":33,"turns":13},{"damage":6,"enemies":"3 Shapes","floor":35,"turns":5},{"damage":6,"enemies":"Orb Walker","floor":39,"turns":3},{"damage":4,"enemies":"Jaw Worm Horde","floor":41,"turns":5},{"damage":16,"enemies":"Transient","floor":42,"turns":5},{"damage":15,"enemies":"Giant Head","floor":46,"turns":8},{"damage":0,"enemies":"Sphere and 2 Shapes","floor":48,"turns":7},{"damage":42,"enemies":"Donu and Deca","floor":50,"turns":9}],"seed_played":"2867426954807759810","potions_obtained":[{"floor":1,"key":"Dexterity Potion"},{"floor":13,"key":"Energy Potion"},{"floor":16,"key":"SpeedPotion"},{"floor":18,"key":"FairyPotion"},{"floor":20,"key":"EntropicBrew"},{"floor":28,"key":"AttackPotion"},{"floor":33,"key":"FearPotion"},{"floor":35,"key":"Swift Potion"},{"floor":48,"key":"Strength Potion"}],"is_trial":false,"path_per_floor":["M","$","$","M","?","R","M","?","T","$","M","M","?","T","R","B",null,"M","?","M","?","?","R","E","$","T","M","M","?","M","?","R","B",null,"M","?","?","$","M","R","M","M","T","R","$","E","$","M","R","B",null],"character_chosen":"IRONCLAD","items_purchased":["Vajra","Noxious Fumes","Blur","Oddly Smooth Stone","Mummified Hand","DollysMirror","Wireheading","DevaForm","Heatsinks"],"campfire_rested":7,"item_purchase_floors":[25,25,25,38,38,38,38,45,47],"current_hp_per_floor":[80,80,80,80,73,80,80,80,80,80,80,79,80,80,80,51,80,80,74,77,77,77,80,67,80,80,72,77,61,59,56,81,64,86,86,86,80,90,94,94,96,90,90,100,100,91,100,102,104,68],"gold":66,"neow_bonus":"","is_prod":false,"is_daily":true,"chose_seed":false,"campfire_upgraded":0,"win_rate":0,"timestamp":1569208402,"path_taken":["M","?","$","M","?","R","M","?","T","$","?","M","?","?","R","BOSS","M","?","M","?","?","R","E","$","T","M","?","?","M","?","R","BOSS","M","?","?","$","M","R","?","M","T","R","$","E","?","M","R","BOSS"],"build_version":"2019-09-20","purchased_purges":5,"victory":true,"max_hp_per_floor":[80,80,80,80,80,80,80,80,80,80,80,80,80,80,80,80,80,80,80,80,80,80,80,80,80,80,80,82,82,84,86,86,86,86,86,86,90,90,94,94,96,100,100,100,100,100,100,102,104,104],"card_choices":[{"not_picked":["Shockwave","Consume","ForeignInfluence"],"picked":"SKIP","floor":1},{"not_picked":["Heel Hook","Distraction","FlowState"],"picked":"SKIP","floor":4},{"not_picked":["PathToVictory","Sword Boomerang","Bane"],"picked":"SKIP","floor":7},{"not_picked":["Bouncing Flask","Flex"],"picked":"Fusion","floor":11},{"not_picked":["Flying Knee","Body Slam","Deflect"],"picked":"SKIP","floor":12},{"not_picked":["Venomology","Storm of Steel"],"picked":"Die Die Die+1","floor":16},{"not_picked":[],"picked":"Conserve Battery","floor":18},{"not_picked":[],"picked":"Warcry+1","floor":20},{"not_picked":[],"picked":"Collect","floor":24},{"not_picked":[],"picked":"FearNoEvil+1","floor":27},{"not_picked":["Rip and Tear+1"],"picked":"Singing Bowl","floor":28},{"not_picked":["Quick Slash+1"],"picked":"Singing Bowl","floor":30},{"not_picked":["Havoc"],"picked":"Singing Bowl","floor":31},{"not_picked":["Dark Embrace"],"picked":"Reboot","floor":33},{"not_picked":["Recycle+1"],"picked":"Metallicize","floor":35},{"not_picked":["Go for the Eyes+1"],"picked":"Double Energy+1","floor":35},{"not_picked":["Impatience","Blind"],"picked":"Singing Bowl","floor":37},{"not_picked":["Blind","Deep Breath"],"picked":"Singing Bowl","floor":37},{"not_picked":["HandOfGreed+1"],"picked":"Discovery","floor":37},{"not_picked":["Crescendo","Catalyst+1"],"picked":"Singing Bowl","floor":39},{"not_picked":["EmptyBody","BowlingBash+1"],"picked":"Singing Bowl","floor":39},{"not_picked":["Rebound+1"],"picked":"SandsOfTime+1","floor":41},{"not_picked":["Havoc","CutThroughFate+1"],"picked":"Singing Bowl","floor":41},{"not_picked":["Underhanded Strike+1","Loop+1"],"picked":"Singing Bowl","floor":42},{"not_picked":["Beam Cell+1","Conserve Battery"],"picked":"Singing Bowl","floor":42},{"not_picked":["Whirlwind+1"],"picked":"Glass Knife+1","floor":46},{"not_picked":["FTL+1"],"picked":"Aggregate","floor":48},{"not_picked":["Weave+1","Flying Knee+1"],"picked":"Singing Bowl","floor":48},{"not_picked":["Blade Dance","Gash+1"],"picked":"Singing Bowl","floor":49}],"player_experience":753248,"relics_obtained":[{"floor":9,"key":"Orichalcum"},{"floor":13,"key":"Odd Mushroom"},{"floor":14,"key":"Molten Egg 2"},{"floor":24,"key":"Singing Bowl"},{"floor":26,"key":"Potion Belt"},{"floor":29,"key":"Nilry\u0027s Codex"},{"floor":31,"key":"Prayer Wheel"},{"floor":31,"key":"Question Card"},{"floor":43,"key":"Anchor"},{"floor":46,"key":"White Beast Statue"},{"floor":46,"key":"Dream Catcher"}],"event_choices":[{"damage_healed":0,"gold_gain":0,"player_choice":"Success","damage_taken":7,"relics_obtained":["InkBottle"],"max_hp_gain":0,"max_hp_loss":0,"event_name":"Scrap Ooze","floor":5,"gold_loss":0},{"cards_removed":["Redo"],"damage_healed":5,"gold_gain":0,"player_choice":"Offered Common","damage_taken":0,"max_hp_gain":0,"max_hp_loss":0,"event_name":"Bonfire Elementals","floor":8,"gold_loss":0},{"cards_removed":["Redo"],"damage_healed":5,"gold_gain":0,"player_choice":"Offered Special","damage_taken":0,"max_hp_gain":0,"max_hp_loss":0,"event_name":"Bonfire Elementals","floor":8,"gold_loss":0},{"damage_healed":0,"gold_gain":0,"player_choice":"Fought Mushrooms","damage_taken":0,"max_hp_gain":0,"max_hp_loss":0,"event_name":"Mushrooms","floor":13,"gold_loss":0},{"damage_healed":0,"gold_gain":0,"player_choice":"Joined the Cult","damage_taken":6,"max_hp_gain":0,"max_hp_loss":0,"event_name":"Nest","floor":19,"gold_loss":0,"cards_obtained":["RitualDagger"]},{"damage_healed":0,"gold_gain":0,"player_choice":"Obtained Relic","damage_taken":0,"relics_obtained":["MealTicket"],"max_hp_gain":0,"max_hp_loss":0,"event_name":"Addict","floor":21,"gold_loss":85},{"damage_healed":0,"gold_gain":0,"player_choice":"Ignored","damage_taken":0,"max_hp_gain":0,"max_hp_loss":0,"event_name":"N\u0027loth","floor":22,"gold_loss":0},{"damage_healed":0,"gold_gain":0,"player_choice":"Obtained Book","damage_taken":16,"max_hp_gain":0,"max_hp_loss":0,"event_name":"Cursed Tome","floor":29,"gold_loss":0},{"damage_healed":0,"gold_gain":0,"player_choice":"Fight","damage_taken":0,"max_hp_gain":0,"max_hp_loss":0,"event_name":"Colosseum","floor":31,"gold_loss":0},{"damage_healed":0,"gold_gain":0,"player_choice":"Fought Nobs","damage_taken":0,"max_hp_gain":0,"max_hp_loss":0,"event_name":"Colosseum","floor":31,"gold_loss":0},{"damage_healed":0,"gold_gain":0,"player_choice":"Ignored","damage_taken":0,"max_hp_gain":0,"max_hp_loss":0,"event_name":"Tomb of Lord Red Mask","floor":36,"gold_loss":0},{"damage_healed":0,"gold_gain":0,"player_choice":"Memory 3","damage_taken":10,"max_hp_gain":0,"max_hp_loss":0,"event_name":"SensoryStone","floor":37,"gold_loss":0}],"is_beta":true,"boss_relics":[{"not_picked":["Runic Pyramid","Empty Cage"],"picked":"Busted Crown"},{"not_picked":["Velvet Choker","SacredBark"],"picked":"Black Star"}],"items_purged_floors":[2,10,25,38,45],"is_endless":false,"potions_floor_spawned":[1,13,16,18,20,28,33,35,48],"ascension_level":0}