{"gold_per_floor":[112,129,140,140,163,203,203,221,247,288,288,55,55,86,86,86],"floor_reached":16,"playtime":597,"items_purged":["Injury"],"score":132,"play_id":"7b01a08f-c466-417c-95e6-de3a030a2356","local_time":"20190915162517","is_ascension_mode":true,"campfire_choices":[{"floor":7,"key":"REST"},{"floor":11,"key":"REST"},{"data":"Bash","floor":13,"key":"SMITH"},{"floor":15,"key":"REST"}],"neow_cost":"NONE","seed_source_timestamp":276456926753301,"circlet_count":0,"master_deck":["Strike_R","Strike_R","Strike_R","Strike_R","Strike_R","Defend_R","Defend_R","Defend_R","Defend_R","Bash+1","Feel No Pain","Cleave","Flame Barrier","Warcry"],"relics":["Sozu","Golden Idol","Gremlin Horn","Blood Vial","Bronze Scales","Membership Card","Strawberry"],"potions_floor_usage":[],"damage_taken":[{"damage":0,"enemies":"Cultist","floor":1,"turns":2},{"damage":3,"enemies":"2 Louse","floor":2,"turns":2},{"damage":7,"enemies":"Jaw Worm","floor":3,"turns":2},{"damage":11,"enemies":"Looter","floor":5,"turns":2},{"damage":45,"enemies":"Lagavulin","floor":6,"turns":7},{"damage":16,"enemies":"Blue Slaver","floor":8,"turns":3},{"damage":7,"enemies":"3 Sentries","floor":10,"turns":8},{"damage":19,"enemies":"Lagavulin","floor":14,"turns":8},{"damage":63,"enemies":"Slime Boss","floor":16,"turns":9}],"seed_played":"-1595142132252717859","potions_obtained":[],"is_trial":false,"path_per_floor":["M","M","M","?","M","E","R","M","T","E","R","$","R","E","R","B"],"character_chosen":"IRONCLAD","items_purchased":["Membership Card"],"campfire_rested":3,"item_purchase_floors":[12],"current_hp_per_floor":[80,77,70,70,59,14,38,22,22,17,41,41,41,31,57,0],"gold":86,"neow_bonus":"BOSS_RELIC","is_prod":false,"is_daily":false,"chose_seed":false,"campfire_upgraded":1,"win_rate":0,"timestamp":1568579117,"path_taken":["M","?","M","?","M","E","R","M","T","E","R","?","R","E","R","BOSS"],"build_version":"2019-07-17","purchased_purges":1,"victory":false,"max_hp_per_floor":[80,80,80,80,80,80,80,80,80,80,80,80,80,87,87,87],"card_choices":[{"not_picked":["Clothesline","Reckless Charge"],"picked":"Feel No Pain","floor":1},{"not_picked":["Dual Wield","Iron Wave","Perfected Strike"],"picked":"SKIP","floor":2},{"not_picked":["Dual Wield","Perfected Strike"],"picked":"Cleave","floor":3},{"not_picked":["Havoc","Rupture","Wild Strike"],"picked":"SKIP","floor":5},{"not_picked":["Impervious","Clothesline"],"picked":"Flame Barrier","floor":6},{"not_picked":["Havoc","Anger","Twin Strike"],"picked":"SKIP","floor":8},{"not_picked":["Wild Strike","True Grit"],"picked":"Warcry","floor":10},{"not_picked":["Flex","Clash","Wild Strike"],"picked":"SKIP","floor":14}],"player_experience":205996,"relics_obtained":[{"floor":6,"key":"Gremlin Horn"},{"floor":9,"key":"Blood Vial"},{"floor":10,"key":"Bronze Scales"},{"floor":14,"key":"Strawberry"}],"event_choices":[{"damage_healed":0,"gold_gain":0,"player_choice":"Take Wound","damage_taken":0,"relics_obtained":["Golden Idol"],"max_hp_gain":0,"max_hp_loss":0,"event_name":"Golden Idol","floor":4,"gold_loss":0,"cards_obtained":["Injury"]}],"is_beta":false,"boss_relics":[],"items_purged_floors":[12],"is_endless":false,"potions_floor_spawned":[2,3,5],"killed_by":"Slime Boss","ascension_level":2}