{"gold_per_floor":[115,125,125,149,50,83,83,123,148,201,217,231,262,212,212,212],"floor_reached":16,"playtime":719,"items_purged":["Strike_G","Strike_G"],"score":126,"play_id":"671a3bb2-7e02-486e-bdb9-2cbb9e268c46","local_time":"20190821143207","is_ascension_mode":true,"campfire_choices":[{"data":"Neutralize","floor":7,"key":"SMITH"},{"data":"Calculated Gamble","floor":15,"key":"SMITH"}],"neow_cost":"NONE","seed_source_timestamp":1822233650536910,"circlet_count":0,"master_deck":["Strike_G","Strike_G","Strike_G","Defend_G","Defend_G","Defend_G","Defend_G","Defend_G","Survivor","Neutralize+1","Flying Knee","Backflip","Deadly Poison","Dagger Throw","Calculated Gamble+1","PiercingWail","Predator","Corpse Explosion"],"relics":["Ring of the Snake","NeowsBlessing","Golden Idol","PreservedInsect","Bronze Scales","Smiling Mask","Boot","Gremlin Horn"],"potions_floor_usage":[6,12,13,16],"damage_taken":[{"damage":0,"enemies":"Jaw Worm","floor":1,"turns":1},{"damage":0,"enemies":"Cultist","floor":2,"turns":1},{"damage":0,"enemies":"2 Louse","floor":4,"turns":1},{"damage":19,"enemies":"Lagavulin","floor":6,"turns":7},{"damage":21,"enemies":"Gremlin Nob","floor":8,"turns":4},{"damage":11,"enemies":"Exordium Wildlife","floor":11,"turns":4},{"damage":5,"enemies":"Gremlin Gang","floor":12,"turns":4},{"damage":4,"enemies":"3 Sentries","floor":13,"turns":6},{"damage":15,"enemies":"Slime Boss","floor":16,"turns":7}],"seed_played":"3357818658527540263","potions_obtained":[{"floor":2,"key":"Ancient Potion"},{"floor":4,"key":"Energy Potion"},{"floor":8,"key":"EssenceOfSteel"},{"floor":13,"key":"Explosive Potion"}],"is_trial":false,"path_per_floor":["M","M","?","M","$","E","R","E","T","T","M","M","E","$","R","B"],"character_chosen":"THE_SILENT","items_purchased":["Dagger Throw"],"campfire_rested":0,"item_purchase_floors":[5],"current_hp_per_floor":[70,70,65,65,65,46,46,25,25,25,14,9,5,5,5,0],"gold":212,"neow_bonus":"THREE_ENEMY_KILL","is_prod":false,"is_daily":false,"chose_seed":false,"campfire_upgraded":2,"win_rate":0,"timestamp":1566376327,"path_taken":["M","M","?","M","$","E","R","E","T","?","M","?","E","?","R","BOSS"],"build_version":"2019-07-17","purchased_purges":2,"victory":false,"max_hp_per_floor":[70,70,65,65,65,65,65,65,65,65,65,65,65,65,65,65],"card_choices":[{"not_picked":["Acrobatics","Cloak And Dagger"],"picked":"Flying Knee","floor":1},{"not_picked":["Leg Sweep","Bane"],"picked":"Backflip","floor":2},{"not_picked":["Backflip","Distraction"],"picked":"Deadly Poison","floor":4},{"not_picked":["Terror","Acrobatics"],"picked":"Calculated Gamble","floor":6},{"not_picked":["Skewer","Sucker Punch","Cloak And Dagger"],"picked":"SKIP","floor":8},{"not_picked":["Outmaneuver","Setup"],"picked":"PiercingWail","floor":11},{"not_picked":["Terror","Endless Agony"],"picked":"Predator","floor":12},{"not_picked":["Outmaneuver","Doppelganger"],"picked":"Corpse Explosion","floor":13}],"player_experience":1666469,"relics_obtained":[{"floor":6,"key":"PreservedInsect"},{"floor":8,"key":"Bronze Scales"},{"floor":9,"key":"Smiling Mask"},{"floor":10,"key":"Boot"},{"floor":13,"key":"Gremlin Horn"}],"event_choices":[{"damage_healed":0,"gold_gain":0,"player_choice":"Lose Max HP","damage_taken":0,"relics_obtained":["Golden Idol"],"max_hp_gain":0,"max_hp_loss":5,"event_name":"Golden Idol","floor":3,"gold_loss":0}],"is_beta":false,"boss_relics":[],"items_purged_floors":[5,14],"is_endless":false,"potions_floor_spawned":[2,4,8,13],"killed_by":"Slime Boss","ascension_level":1}