{"gold_per_floor":[213,227,227,60,70,99,24,24,71,71,71],"floor_reached":11,"playtime":342,"items_purged":["Strike_G"],"score":142,"play_id":"f2132bc3-5755-42d1-ad24-464517663f83","local_time":"20190816165805","is_ascension_mode":true,"campfire_choices":[{"floor":8,"key":"REST"},{"floor":10,"key":"REST"}],"neow_cost":"NONE","seed_source_timestamp":1399365814018637,"circlet_count":0,"master_deck":["AscendersBane","Strike_G","Strike_G","Strike_G","Defend_G","Defend_G","Defend_G","Defend_G","Survivor","Neutralize","Underhanded Strike","PiercingWail","Flash of Steel","Glass Knife","Escape Plan"],"relics":["Ring of the Snake","Smiling Mask","Lantern"],"potions_floor_usage":[6],"damage_taken":[{"damage":8,"enemies":"Cultist","floor":1,"turns":5},{"damage":7,"enemies":"Jaw Worm","floor":2,"turns":6},{"damage":0,"enemies":"2 Louse","floor":5,"turns":3},{"damage":31,"enemies":"Gremlin Nob","floor":6,"turns":5},{"damage":56,"enemies":"Lagavulin","floor":11,"turns":10}],"seed_played":"-2254692198242012314","potions_obtained":[{"floor":2,"key":"Ancient Potion"},{"floor":5,"key":"GamblersBrew"}],"is_trial":false,"path_per_floor":["M","M","?","$","M","E","?","R","T","R","E"],"character_chosen":"THE_SILENT","items_purchased":["Flash of Steel"],"campfire_rested":2,"item_purchase_floors":[4],"current_hp_per_floor":[51,44,44,44,44,13,13,32,32,51,0],"gold":71,"neow_bonus":"HUNDRED_GOLD","is_prod":false,"is_daily":false,"chose_seed":false,"campfire_upgraded":0,"win_rate":0,"timestamp":1565953085,"path_taken":["M","?","?","$","M","E","?","R","T","R","E"],"build_version":"2019-07-17","purchased_purges":1,"victory":false,"max_hp_per_floor":[66,66,66,66,66,66,66,66,66,66,66],"card_choices":[{"not_picked":["Deflect","Dodge and Roll"],"picked":"Underhanded Strike","floor":1},{"not_picked":["Distraction","Setup"],"picked":"PiercingWail","floor":2},{"not_picked":["Blade Dance","Poisoned Stab"],"picked":"Glass Knife","floor":5},{"not_picked":["Bane","Dodge and Roll"],"picked":"Escape Plan","floor":6}],"player_experience":1651459,"relics_obtained":[{"floor":6,"key":"Smiling Mask"},{"floor":9,"key":"Lantern"}],"event_choices":[{"cards_removed":["Defend_G"],"damage_healed":0,"gold_gain":0,"player_choice":"Forget","damage_taken":0,"max_hp_gain":0,"max_hp_loss":0,"event_name":"Living Wall","floor":3,"gold_loss":0},{"cards_removed":["Strike_G"],"damage_healed":0,"gold_gain":0,"player_choice":"Card Removal","damage_taken":0,"max_hp_gain":0,"max_hp_loss":0,"event_name":"The Cleric","floor":7,"gold_loss":75}],"is_beta":false,"boss_relics":[],"items_purged_floors":[4],"is_endless":false,"potions_floor_spawned":[2,5],"killed_by":"Lagavulin","ascension_level":20}