{"gold_per_floor":[118,135,149,77,77,107,107,107,107,122,47,65,85,105,105,203,203,218,234,234,248,248],"floor_reached":22,"playtime":1487,"items_purged":["Strike_B"],"score":190,"play_id":"0e5c1662-1f28-45c7-b579-4cf75b60eebd","local_time":"20190311214724","is_ascension_mode":false,"campfire_choices":[{"data":"Rainbow","floor":8,"key":"SMITH"},{"data":"Go for the Eyes","floor":15,"key":"SMITH"}],"neow_cost":"NONE","seed_source_timestamp":38520802502667,"circlet_count":0,"master_deck":["Strike_B","Strike_B","Strike_B","Defend_B+1","Defend_B","Defend_B","Defend_B+1","Zap","Dualcast","Chill","Genetic Algorithm","Go for the Eyes+1","Rainbow+1","Skim","Self Repair","Streamline+1","Loop","Multi-Cast","Echo Form","Redo","Seek","Melter+1","Coolheaded","Hello World","Go for the Eyes+1","Storm+1"],"relics":["Cracked Core","NeowsBlessing","Darkstone Periapt","Dodecahedron","Molten Egg 2","Orrery"],"potions_floor_usage":[6,16,16,18],"damage_taken":[{"damage":0,"enemies":"2 Louse","floor":1,"turns":1},{"damage":0,"enemies":"Jaw Worm","floor":2,"turns":1},{"damage":0,"enemies":"Cultist","floor":3,"turns":1},{"damage":8,"enemies":"3 Sentries","floor":6,"turns":8},{"damage":4,"enemies":"2 Fungi Beasts","floor":10,"turns":4},{"damage":0,"enemies":"Blue Slaver","floor":12,"turns":4},{"damage":0,"enemies":"Large Slime","floor":13,"turns":5},{"damage":0,"enemies":"2 Fungi Beasts","floor":14,"turns":4},{"damage":24,"enemies":"Hexaghost","floor":16,"turns":9},{"damage":41,"enemies":"Chosen","floor":18,"turns":7},{"damage":20,"enemies":"3 Byrds","floor":19,"turns":6},{"damage":18,"enemies":"Snecko","floor":21,"turns":8},{"damage":21,"enemies":"3 Cultists","floor":22,"turns":7}],"seed_played":"334566843240895732","potions_obtained":[{"floor":3,"key":"Strength Potion"},{"floor":6,"key":"Swift Potion"},{"floor":10,"key":"Fire Potion"},{"floor":12,"key":"FocusPotion"},{"floor":18,"key":"SteroidPotion"}],"is_trial":false,"path_per_floor":["M","M","M","$","?","E","?","R","T","M","$","M","M","M","R","B",null,"M","M","$","M","M"],"character_chosen":"DEFECT","items_purchased":["Rainbow"],"campfire_rested":0,"item_purchase_floors":[4],"current_hp_per_floor":[75,75,75,75,68,60,45,45,45,41,41,48,55,62,62,45,75,48,28,28,17,0],"gold":248,"neow_bonus":"THREE_ENEMY_KILL","is_prod":false,"is_daily":false,"chose_seed":false,"campfire_upgraded":2,"win_rate":0.0,"timestamp":1552355244,"path_taken":["M","M","M","$","?","E","?","R","T","M","?","?","M","M","R","BOSS","M","M","$","M","M"],"build_version":"2019-01-23","purchased_purges":1,"victory":false,"max_hp_per_floor":[75,75,75,75,75,75,75,75,75,75,75,75,75,75,75,75,75,75,75,75,75,75],"card_choices":[{"not_picked":["Barrage","Sweeping Beam"],"picked":"Chill","floor":1},{"not_picked":["Loop","Sweeping Beam"],"picked":"Genetic Algorithm","floor":2},{"not_picked":["Undo","Stack"],"picked":"Go for the Eyes","floor":3},{"not_picked":["Go for the Eyes","Conserve Battery"],"picked":"Skim","floor":6},{"not_picked":["Leap","Aggregate"],"picked":"Self Repair","floor":10},{"not_picked":["Leap","Storm"],"picked":"Streamline+1","floor":12},{"not_picked":["Chill","Stack"],"picked":"Loop","floor":13},{"not_picked":["Reprogram","Turbo"],"picked":"Multi-Cast","floor":14},{"not_picked":["Buffer","Multi-Cast"],"picked":"Echo Form","floor":16},{"not_picked":["Chill","Barrage+1"],"picked":"Redo","floor":17},{"not_picked":["Tempest","Glacier"],"picked":"Seek","floor":17},{"not_picked":["Gash+1","Streamline+1"],"picked":"Melter+1","floor":17},{"not_picked":["Steam","Heatsinks"],"picked":"Coolheaded","floor":17},{"not_picked":["Rebound+1","Redo"],"picked":"Hello World","floor":17},{"not_picked":["Heatsinks","Coolheaded","Redo"],"picked":"SKIP","floor":18},{"not_picked":["Gash+1","Steam"],"picked":"Go for the Eyes+1","floor":19},{"not_picked":["Sweeping Beam+1","FTL+1"],"picked":"Storm+1","floor":21}],"player_experience":28160,"relics_obtained":[{"floor":6,"key":"Dodecahedron"},{"floor":9,"key":"Molten Egg 2"}],"event_choices":[{"damage_healed":0,"gold_gain":0,"player_choice":"Success","damage_taken":7,"relics_obtained":["Darkstone Periapt"],"max_hp_gain":0,"max_hp_loss":0,"event_name":"Scrap Ooze","floor":5,"gold_loss":0},{"damage_healed":0,"gold_gain":0,"player_choice":"Entered Light","damage_taken":15,"max_hp_gain":0,"max_hp_loss":0,"event_name":"Shining Light","floor":7,"gold_loss":0,"cards_upgraded":["Defend_B","Defend_B"]}],"is_beta":false,"boss_relics":[{"not_picked":["Philosopher\u0027s Stone","FrozenCore"],"picked":"Orrery"}],"items_purged_floors":[11],"is_endless":false,"potions_floor_spawned":[3,6,10,12,18],"killed_by":"3 Cultists","ascension_level":0}