{"gold_per_floor":[118,128,146,164,174,174,185,217,217,252,271,271,291,291],"floor_reached":14,"playtime":588,"items_purged":[],"score":212,"play_id":"cdca22f4-a818-4f93-8362-cead7d398955","local_time":"20190822182158","is_ascension_mode":true,"campfire_choices":[{"data":"Neutralize","floor":6,"key":"SMITH"},{"data":"Envenom","floor":12,"key":"SMITH"}],"neow_cost":"NONE","seed_source_timestamp":1922558011902333,"circlet_count":0,"master_deck":["AscendersBane","Strike_G","Strike_G","Strike_G","Strike_G","Strike_G","Defend_G","Defend_G","Defend_G","Defend_G","Defend_G","Survivor","Neutralize+1","Dash","Dagger Spray","Poisoned Stab","Riddle With Holes","Riddle With Holes","Doubt","Envenom+1","Flying Knee","PiercingWail"],"relics":["Cursed Key","Paper Crane","FossilizedHelix","Letter Opener"],"potions_floor_usage":[8,10,13,13],"damage_taken":[{"damage":6,"enemies":"Cultist","floor":1,"turns":5},{"damage":0,"enemies":"2 Louse","floor":2,"turns":3},{"damage":0,"enemies":"Jaw Worm","floor":3,"turns":5},{"damage":0,"enemies":"2 Fungi Beasts","floor":4,"turns":3},{"damage":1,"enemies":"Looter","floor":5,"turns":4},{"damage":4,"enemies":"Blue Slaver","floor":7,"turns":3},{"damage":2,"enemies":"Gremlin Nob","floor":8,"turns":3},{"damage":5,"enemies":"3 Sentries","floor":10,"turns":4},{"damage":0,"enemies":"Large Slime","floor":11,"turns":5},{"damage":21,"enemies":"Gremlin Gang","floor":13,"turns":4},{"damage":20,"enemies":"Gremlin Nob","floor":14,"turns":3}],"seed_played":"1127134134150338161","potions_obtained":[{"floor":1,"key":"SteroidPotion"},{"floor":3,"key":"SteroidPotion"},{"floor":8,"key":"Dexterity Potion"},{"floor":10,"key":"PowerPotion"}],"is_trial":false,"path_per_floor":["M","M","M","M","M","R","M","E","T","E","M","R","M","E"],"character_chosen":"THE_SILENT","items_purchased":[],"campfire_rested":0,"item_purchase_floors":[],"current_hp_per_floor":[53,53,53,53,52,52,48,46,46,41,41,41,20,0],"gold":291,"neow_bonus":"BOSS_RELIC","is_prod":false,"is_daily":false,"chose_seed":false,"campfire_upgraded":2,"win_rate":0,"timestamp":1566476518,"path_taken":["M","M","?","M","M","R","M","E","T","E","?","R","M","E"],"build_version":"2019-07-17","purchased_purges":0,"victory":false,"max_hp_per_floor":[66,66,66,66,66,66,66,66,66,66,66,66,66,66],"card_choices":[{"not_picked":["Deadly Poison","Leg Sweep"],"picked":"Dash","floor":1},{"not_picked":["Blade Dance","Slice","Tools of the Trade"],"picked":"SKIP","floor":2},{"not_picked":["Blade Dance","Slice","Tools of the Trade"],"picked":"SKIP","floor":2},{"not_picked":["Dodge and Roll","Calculated Gamble"],"picked":"Dagger Spray","floor":3},{"not_picked":["Bane","Distraction"],"picked":"Poisoned Stab","floor":4},{"not_picked":["Outmaneuver","Flechettes"],"picked":"Riddle With Holes","floor":5},{"not_picked":["Dodge and Roll","Cloak And Dagger","All Out Attack"],"picked":"SKIP","floor":7},{"not_picked":["PiercingWail","Terror"],"picked":"Riddle With Holes","floor":8},{"not_picked":["Expertise","Grand Finale"],"picked":"Envenom","floor":10},{"not_picked":["Underhanded Strike","Dodge and Roll"],"picked":"Flying Knee","floor":11},{"not_picked":["Sucker Punch","Deflect"],"picked":"PiercingWail","floor":13}],"player_experience":1670173,"relics_obtained":[{"floor":8,"key":"Paper Crane"},{"floor":9,"key":"FossilizedHelix"},{"floor":10,"key":"Letter Opener"}],"event_choices":[],"is_beta":false,"boss_relics":[],"items_purged_floors":[],"is_endless":false,"potions_floor_spawned":[1,3,8,10,11],"killed_by":"Gremlin Nob","ascension_level":20}