{"gold_per_floor":[118,118,118,118,34,59,59,92,165,191,191,266,35,35],"floor_reached":14,"playtime":524,"items_purged":["Strike_R"],"score":304,"play_id":"e29a941b-f3ca-49fd-9143-3c7da7146e48","local_time":"20190904203416","is_ascension_mode":true,"campfire_choices":[{"data":"Uppercut","floor":7,"key":"SMITH"},{"data":"Disarm","floor":11,"key":"SMITH"}],"neow_cost":"NONE","seed_source_timestamp":71828297639300,"circlet_count":0,"master_deck":["AscendersBane","Strike_R","Strike_R","Strike_R","Strike_R","Defend_R","Defend_R","Defend_R","Defend_R","Bash+1","Clothesline","Disarm+1","Uppercut+1","Bloodletting","Exhume"],"relics":["Burning Blood","NeowsBlessing","Oddly Smooth Stone","Bronze Scales","Pear","Du-Vu Doll"],"potions_floor_usage":[],"damage_taken":[{"damage":0,"enemies":"Jaw Worm","floor":1,"turns":1},{"damage":0,"enemies":"Gremlin Nob","floor":6,"turns":1},{"damage":0,"enemies":"Lagavulin","floor":8,"turns":1},{"damage":42,"enemies":"Gremlin Nob","floor":10,"turns":5},{"damage":45,"enemies":"3 Sentries","floor":14,"turns":7}],"seed_played":"-8062386113731462381","potions_obtained":[],"is_trial":false,"path_per_floor":["M","?","?","?","$","E","R","E","T","E","R","?","$","E"],"character_chosen":"IRONCLAD","items_purchased":["Disarm","Exhume"],"campfire_rested":0,"item_purchase_floors":[5,13],"current_hp_per_floor":[74,74,79,61,61,67,67,83,83,47,47,36,36,0],"gold":35,"neow_bonus":"THREE_ENEMY_KILL","is_prod":false,"is_daily":false,"chose_seed":false,"campfire_upgraded":2,"win_rate":0,"timestamp":1567596856,"path_taken":["M","?","?","?","$","E","R","E","T","E","R","?","$","E"],"build_version":"2019-07-17","purchased_purges":1,"victory":false,"max_hp_per_floor":[75,75,80,80,80,80,80,90,90,90,90,90,90,90],"card_choices":[{"not_picked":["Armaments","Iron Wave"],"picked":"Clothesline","floor":1},{"not_picked":["Dual Wield","Sever Soul"],"picked":"Uppercut","floor":6},{"not_picked":["Pommel Strike","Second Wind"],"picked":"Bloodletting","floor":8},{"not_picked":["Havoc","Reckless Charge","Headbutt"],"picked":"SKIP","floor":10}],"player_experience":621714,"relics_obtained":[{"floor":6,"key":"Bronze Scales"},{"floor":8,"key":"Pear"},{"floor":10,"key":"Du-Vu Doll"}],"event_choices":[{"damage_healed":0,"gold_gain":0,"player_choice":"Grow","damage_taken":0,"max_hp_gain":0,"max_hp_loss":0,"event_name":"Living Wall","floor":2,"gold_loss":0,"cards_upgraded":["Bash"]},{"damage_healed":0,"gold_gain":0,"player_choice":"Donut","damage_taken":0,"max_hp_gain":5,"max_hp_loss":0,"event_name":"Big Fish","floor":3,"gold_loss":0},{"damage_healed":0,"gold_gain":0,"player_choice":"Success","damage_taken":18,"relics_obtained":["Oddly Smooth Stone"],"max_hp_gain":0,"max_hp_loss":0,"event_name":"Scrap Ooze","floor":4,"gold_loss":0},{"damage_healed":0,"gold_gain":75,"player_choice":"Gather Gold","damage_taken":11,"max_hp_gain":0,"max_hp_loss":0,"event_name":"World of Goop","floor":12,"gold_loss":0}],"is_beta":false,"boss_relics":[],"items_purged_floors":[13],"is_endless":false,"potions_floor_spawned":[],"killed_by":"3 Sentries","ascension_level":20}