{"gold_per_floor":[114,129,79,79,94,94,109,184,259,259,259,274,24,39,39,139,139,166,193,220,232,169,211,238,250,287,299,36,51,51,151,151,251,251,266,281,281,296,339,339,112,142,142,17,17,0,0,15,15,15],"floor_reached":51,"playtime":4067,"items_purged":["Writhe","Clumsy"],"score":710,"play_id":"1f1c9fdd-7c71-49cf-b608-7f63951ea07a","local_time":"20190215232341","daily_mods":["SealedDeck","ControlledChaos","Terminal"],"is_ascension_mode":false,"campfire_choices":[{"data":"Inflame","floor":6,"key":"SMITH"},{"data":"Armaments","floor":11,"key":"SMITH"},{"data":"Havoc","floor":15,"key":"SMITH"},{"data":"Havoc","floor":25,"key":"SMITH"},{"data":"Havoc","floor":32,"key":"SMITH"},{"data":"Madness","floor":40,"key":"SMITH"},{"floor":45,"key":"REST"},{"floor":49,"key":"REST"}],"neow_cost":"","seed_source_timestamp":0,"circlet_count":0,"master_deck":["Wild Strike","True Grit","Headbutt","Pommel Strike","Armaments+1","Havoc+1","Shrug It Off","Anger","Inflame+1","Shrug It Off","Combust","Feed","Havoc+1","Metallicize+1","Disarm","RitualDagger","Metallicize+1","Havoc+1","Impervious","Pommel Strike+1","Madness+1","Madness","Immolate","Flame Barrier","Inflame","Havoc","Infernal Blade","Pain","Decay","Parasite","Disarm"],"special_seed":17943,"relics":["Burning Blood","Frozen Eye","Sundial","Question Card","Dodecahedron","Calling Bell","Bird Faced Urn","MawBank","Pantograph","Paper Frog","Oddly Smooth Stone","Enchiridion","Lee\u0027s Waffle","Cursed Key","Dead Branch","Letter Opener","Ornamental Fan","Red Mask","Kunai"],"potions_floor_usage":[16,16,16,20,23,33,42,48,48,50],"damage_taken":[{"damage":0,"enemies":"2 Louse","floor":1,"turns":1},{"damage":0,"enemies":"Jaw Worm","floor":2,"turns":3},{"damage":6,"enemies":"Cultist","floor":5,"turns":2},{"damage":0,"enemies":"3 Louse","floor":7,"turns":2},{"damage":0,"enemies":"Exordium Thugs","floor":12,"turns":3},{"damage":0,"enemies":"Large Slime","floor":14,"turns":4},{"damage":12,"enemies":"The Guardian","floor":16,"turns":6},{"damage":5,"enemies":"3 Byrds","floor":18,"turns":4},{"damage":1,"enemies":"Chosen","floor":19,"turns":3},{"damage":14,"enemies":"Snake Plant","floor":20,"turns":4},{"damage":43,"enemies":"Gremlin Leader","floor":23,"turns":8},{"damage":6,"enemies":"Centurion and Healer","floor":24,"turns":7},{"damage":3,"enemies":"3 Cultists","floor":29,"turns":4},{"damage":18,"enemies":"Champ","floor":33,"turns":8},{"damage":20,"enemies":"3 Darklings","floor":35,"turns":4},{"damage":0,"enemies":"Orb Walker","floor":36,"turns":4},{"damage":8,"enemies":"Spire Growth","floor":38,"turns":7},{"damage":47,"enemies":"2 Orb Walkers","floor":39,"turns":5},{"damage":16,"enemies":"Reptomancer","floor":42,"turns":7},{"damage":32,"enemies":"Writhing Mass","floor":48,"turns":5},{"damage":33,"enemies":"Time Eater","floor":50,"turns":8}],"seed_played":"2911605258430901299","potions_obtained":[{"floor":2,"key":"SpeedPotion"},{"floor":14,"key":"EntropicBrew"},{"floor":19,"key":"Regen Potion"},{"floor":23,"key":"Strength Potion"},{"floor":24,"key":"SpeedPotion"},{"floor":38,"key":"Dexterity Potion"},{"floor":42,"key":"Ancient Potion"}],"is_trial":false,"path_per_floor":["M","M","?","?","M","R","M","?","T","$","R","M","$","M","R","B",null,"M","M","M","?","?","E","M","R","T","?","$","M","$","?","R","B",null,"M","M","?","M","?","R","$","E","T","$","R","?","T","M","R","B",null],"character_chosen":"IRONCLAD","items_purchased":["Dodecahedron","Lee\u0027s Waffle","Inflame","Havoc","Regen Potion","PowerPotion"],"campfire_rested":2,"item_purchase_floors":[13,28,41,41,44,44],"current_hp_per_floor":[78,77,76,75,74,73,72,65,65,65,65,67,66,65,64,58,62,61,60,61,55,55,37,47,47,47,31,61,60,59,58,57,56,55,42,53,46,51,18,18,18,16,16,16,29,29,29,26,38,26],"gold":15,"neow_bonus":"","is_prod":false,"is_daily":true,"chose_seed":false,"campfire_upgraded":6,"win_rate":0,"timestamp":1550301821,"path_taken":["M","M","?","?","?","R","M","?","T","$","R","M","?","M","R","BOSS","M","M","M","?","?","E","M","R","T","?","?","M","$","?","R","BOSS","M","?","?","M","?","R","$","E","T","$","R","?","?","M","R","BOSS"],"build_version":"2019-02-06","purchased_purges":2,"victory":true,"max_hp_per_floor":[78,77,76,75,74,73,72,71,70,69,68,67,66,65,64,63,62,61,60,62,61,60,59,58,57,56,55,61,60,59,58,57,56,55,54,53,52,51,50,49,48,47,46,45,44,43,42,41,40,39],"card_choices":[{"not_picked":["Wild Strike","Cleave"],"picked":"Shrug It Off","floor":1},{"not_picked":["Shockwave","Searing Blow","Twin Strike"],"picked":"SKIP","floor":2},{"not_picked":["Body Slam","Power Through","Headbutt"],"picked":"SKIP","floor":5},{"not_picked":["Perfected Strike","Iron Wave","Clash"],"picked":"SKIP","floor":7},{"not_picked":["Clothesline","Sever Soul","Heavy Blade","Wild Strike"],"picked":"SKIP","floor":12},{"not_picked":["Reckless Charge","Twin Strike","Sever Soul"],"picked":"Combust","floor":14},{"not_picked":["Exhume","Berserk","Bludgeon"],"picked":"Feed","floor":16},{"not_picked":["Pommel Strike","Headbutt","Evolve"],"picked":"Havoc","floor":18},{"not_picked":["Carnage","Heavy Blade","Warcry"],"picked":"Metallicize+1","floor":19},{"not_picked":["Heavy Blade","Wild Strike","Clash"],"picked":"Disarm","floor":20},{"not_picked":["Anger","Heavy Blade+1","Clothesline+1"],"picked":"Metallicize+1","floor":23},{"not_picked":["Anger","Seeing Red+1","Shrug It Off"],"picked":"Havoc","floor":24},{"not_picked":["Cleave","True Grit","Clothesline+1","Twin Strike"],"picked":"SKIP","floor":29},{"not_picked":["Brutality","Berserk","Reaper"],"picked":"Impervious","floor":33},{"not_picked":["Perfected Strike","Body Slam","Reckless Charge"],"picked":"Pommel Strike+1","floor":35},{"not_picked":["Body Slam+1","Uppercut","Power Through+1","Clothesline+1"],"picked":"SKIP","floor":36},{"not_picked":["Havoc","Armaments","Flex+1"],"picked":"Immolate","floor":38},{"not_picked":["Rampage+1","Flex+1","Battle Trance"],"picked":"Flame Barrier","floor":39},{"not_picked":["Headbutt+1","Reckless Charge+1","Wild Strike"],"picked":"Infernal Blade","floor":42},{"not_picked":["Perfected Strike+1","Seeing Red+1","Warcry"],"picked":"Disarm","floor":48}],"player_experience":667163,"relics_obtained":[{"floor":9,"key":"Question Card"},{"floor":17,"key":"Bird Faced Urn"},{"floor":17,"key":"MawBank"},{"floor":17,"key":"Pantograph"},{"floor":23,"key":"Paper Frog"},{"floor":26,"key":"Oddly Smooth Stone"},{"floor":27,"key":"Enchiridion"},{"floor":39,"key":"Dead Branch"},{"floor":42,"key":"Letter Opener"},{"floor":43,"key":"Ornamental Fan"},{"floor":47,"key":"Kunai"}],"event_choices":[{"cards_removed":["Shockwave"],"damage_healed":0,"gold_gain":0,"player_choice":"Card Removal","damage_taken":0,"max_hp_gain":0,"max_hp_loss":0,"event_name":"The Cleric","floor":3,"gold_loss":50},{"damage_healed":0,"gold_gain":0,"player_choice":"Gave Potion","damage_taken":0,"relics_obtained":["Sundial"],"max_hp_gain":0,"max_hp_loss":0,"event_name":"WeMeetAgain","floor":4,"gold_loss":0},{"damage_healed":0,"gold_gain":75,"player_choice":"Touch","damage_taken":7,"max_hp_gain":0,"max_hp_loss":0,"event_name":"FaceTrader","floor":8,"gold_loss":0},{"damage_healed":0,"gold_gain":0,"player_choice":"Joined the Cult","damage_taken":6,"max_hp_gain":0,"max_hp_loss":0,"event_name":"Nest","floor":21,"gold_loss":0,"cards_obtained":["RitualDagger"]},{"cards_removed":["Regret"],"damage_healed":0,"gold_gain":0,"player_choice":"Gave Gold","damage_taken":0,"max_hp_gain":0,"max_hp_loss":0,"event_name":"Beggar","floor":22,"gold_loss":75},{"damage_healed":0,"gold_gain":0,"player_choice":"Obtained Book","damage_taken":16,"max_hp_gain":0,"max_hp_loss":0,"event_name":"Cursed Tome","floor":27,"gold_loss":0},{"damage_healed":0,"gold_gain":100,"player_choice":"Pray","damage_taken":0,"max_hp_gain":0,"max_hp_loss":0,"event_name":"Golden Shrine","floor":31,"gold_loss":0},{"damage_healed":0,"gold_gain":0,"player_choice":"Embrace Madness","damage_taken":7,"max_hp_gain":0,"max_hp_loss":0,"event_name":"Winding Halls","floor":37,"gold_loss":0,"cards_obtained":["Madness","Madness"]},{"damage_healed":0,"gold_gain":0,"player_choice":"Fight","damage_taken":0,"max_hp_gain":0,"max_hp_loss":0,"event_name":"Mysterious Sphere","floor":39,"gold_loss":0},{"damage_healed":0,"gold_gain":0,"player_choice":"Paid","damage_taken":0,"relics_obtained":["Red Mask"],"max_hp_gain":0,"max_hp_loss":0,"event_name":"Tomb of Lord Red Mask","floor":46,"gold_loss":17}],"is_beta":true,"boss_relics":[{"not_picked":["Velvet Choker","Lizard Tail"],"picked":"Calling Bell"},{"not_picked":["Tiny House","Black Star"],"picked":"Cursed Key"}],"items_purged_floors":[28,41],"is_endless":false,"potions_floor_spawned":[2,14,19,23,24,38,42],"ascension_level":0}