{"gold_per_floor":[116,136,136,186,199,226,226,226,251,251,278,50,50,70,70,146,196,175,61,81,81,96,96,96,96],"floor_reached":25,"playtime":1250,"items_purged":[],"score":397,"play_id":"c1d4e73f-c87e-474b-a551-9e6cb6327eab","local_time":"20190627153647","is_ascension_mode":true,"campfire_choices":[{"floor":7,"key":"REST"},{"floor":10,"key":"REST"},{"data":"Deadly Poison","floor":13,"key":"SMITH"},{"data":"Neutralize","floor":15,"key":"SMITH"},{"data":"After Image","floor":23,"key":"SMITH"}],"neow_cost":"NONE","seed_source_timestamp":7535546716671671,"circlet_count":0,"master_deck":["AscendersBane","Defend_G","Defend_G","Defend_G","Defend_G","Defend_G","Strike_G","Strike_G+1","Strike_G","Survivor","Neutralize+1","Deadly Poison+1","Riddle With Holes","Dodge and Roll","Dagger Spray","Quick Slash","Deflect","Burst","Well Laid Plans","Deadly Poison","After Image+1","Acrobatics","Crippling Poison","Footwork","Dodge and Roll","Deflect","Accuracy","Blade Dance","Backflip","Ghostly","Ghostly","Ghostly"],"relics":["Ring of the Snake","NeowsBlessing","Pear","Bag of Preparation","Dream Catcher","Happy Flower","Bag of Marbles","Tiny House"],"potions_floor_usage":[11,25],"damage_taken":[{"damage":0,"enemies":"Small Slimes","floor":1,"turns":1},{"damage":0,"enemies":"2 Louse","floor":2,"turns":1},{"damage":0,"enemies":"Cultist","floor":5,"turns":1},{"damage":49,"enemies":"3 Sentries","floor":6,"turns":12},{"damage":11,"enemies":"Gremlin Nob","floor":11,"turns":3},{"damage":9,"enemies":"Exordium Thugs","floor":14,"turns":4},{"damage":13,"enemies":"Hexaghost","floor":16,"turns":10},{"damage":7,"enemies":"2 Thieves","floor":18,"turns":5},{"damage":12,"enemies":"Chosen","floor":20,"turns":5},{"damage":10,"enemies":"Snecko","floor":22,"turns":7},{"damage":41,"enemies":"Book of Stabbing","floor":25,"turns":8}],"seed_played":"-7759247072255640157","potions_obtained":[{"floor":5,"key":"Ancient Potion"},{"floor":6,"key":"Fire Potion"},{"floor":14,"key":"FearPotion"},{"floor":17,"key":"FairyPotion"},{"floor":20,"key":"Swift Potion"},{"floor":22,"key":"Explosive Potion"}],"is_trial":false,"path_per_floor":["M","M","?","?","M","E","R","T","T","R","E","$","R","M","R","B",null,"M","$","M","?","M","R","?","E"],"character_chosen":"THE_SILENT","items_purchased":["Burst","Well Laid Plans","Footwork","Dodge and Roll"],"campfire_rested":2,"item_purchase_floors":[12,12,19,19],"current_hp_per_floor":[59,59,64,64,64,15,37,37,37,59,48,48,48,39,39,26,69,62,62,50,50,40,40,40,0],"gold":96,"neow_bonus":"THREE_ENEMY_KILL","is_prod":false,"is_daily":false,"chose_seed":false,"campfire_upgraded":3,"win_rate":0,"timestamp":1561628207,"path_taken":["M","M","?","?","?","E","R","?","T","R","E","?","R","M","R","BOSS","M","?","M","?","M","R","?","E"],"build_version":"2019-01-23","purchased_purges":0,"victory":false,"max_hp_per_floor":[66,66,76,76,76,76,76,76,76,76,76,76,76,76,76,76,81,81,81,81,81,81,81,40,40],"card_choices":[{"not_picked":["Acrobatics","Distraction"],"picked":"Deadly Poison","floor":1},{"not_picked":["Dodge and Roll","Deflect"],"picked":"Riddle With Holes","floor":2},{"not_picked":["Reflex","Outmaneuver"],"picked":"Dodge and Roll","floor":5},{"not_picked":["Infinite Blades","Doppelganger"],"picked":"Dagger Spray","floor":6},{"not_picked":["Masterful Stab","Flying Knee"],"picked":"Quick Slash","floor":10},{"not_picked":["Masterful Stab","Heel Hook"],"picked":"Deflect","floor":11},{"not_picked":["Slice","Quick Slash"],"picked":"Deadly Poison","floor":14},{"not_picked":["Glass Knife","Venomology"],"picked":"After Image","floor":16},{"not_picked":["Predator","Quick Slash"],"picked":"Acrobatics","floor":17},{"not_picked":["Bane","Acrobatics"],"picked":"Crippling Poison","floor":18},{"not_picked":["Deadly Poison","After Image"],"picked":"Deflect","floor":20},{"not_picked":["Cloak And Dagger","Blade Dance"],"picked":"Backflip","floor":22}],"player_experience":1473509,"relics_obtained":[{"floor":6,"key":"Bag of Preparation"},{"floor":8,"key":"Dream Catcher"},{"floor":9,"key":"Happy Flower"},{"floor":11,"key":"Bag of Marbles"}],"event_choices":[{"damage_healed":0,"gold_gain":0,"player_choice":"Success","damage_taken":5,"relics_obtained":["Pear"],"max_hp_gain":0,"max_hp_loss":0,"event_name":"Scrap Ooze","floor":3,"gold_loss":0},{"damage_healed":0,"gold_gain":50,"player_choice":"Pray","damage_taken":0,"max_hp_gain":0,"max_hp_loss":0,"event_name":"Golden Shrine","floor":4,"gold_loss":0},{"damage_healed":0,"gold_gain":0,"cards_transformed":["Strike_G","Strike_G"],"player_choice":"Became Test Subject","damage_taken":0,"max_hp_gain":0,"max_hp_loss":0,"event_name":"Drug Dealer","floor":21,"gold_loss":0,"cards_obtained":["Accuracy","Blade Dance"]},{"damage_healed":0,"gold_gain":0,"player_choice":"Became a Ghost","damage_taken":0,"max_hp_gain":0,"max_hp_loss":41,"event_name":"Ghosts","floor":24,"gold_loss":0,"cards_obtained":["Ghostly","Ghostly","Ghostly"]}],"is_beta":false,"boss_relics":[{"not_picked":["Lizard Tail","HoveringKite"],"picked":"Tiny House"}],"items_purged_floors":[],"is_endless":false,"potions_floor_spawned":[5,6,14,20,22],"killed_by":"Book of Stabbing","ascension_level":18}