{"gold_per_floor":[119,130,150,325,275,305,149,149,176,176,192,226,226,240,240,342,342,359,5,18,38,48,48,76,76,101,101,135,60,0,0,0,97,97,111,123,123,93,107,107,120,120],"floor_reached":42,"playtime":2664,"items_purged":[],"score":493,"play_id":"2ec66245-9894-4191-bff9-71d30de89d3b","local_time":"20190821074711","is_ascension_mode":true,"campfire_choices":[{"floor":10,"key":"REST"},{"floor":15,"key":"REST"},{"floor":23,"key":"RECALL"},{"data":"Fusion","floor":25,"key":"SMITH"},{"data":"Scrape","floor":27,"key":"SMITH"},{"floor":32,"key":"REST"},{"floor":40,"key":"REST"}],"neow_cost":"PERCENT_DAMAGE","seed_source_timestamp":82427363309667,"circlet_count":0,"master_deck":["Strike_B","Strike_B","Defend_B","Defend_B","Defend_B","Defend_B","Zap","Dualcast","Conserve Battery","Scrape+1","Blizzard+1","Cold Snap","Beam Cell","Reinforced Body","Go for the Eyes","Hologram","Gash","Ball Lightning+1","All For One","Coolheaded","Leap+1","Glacier+1","Gash","Electrodynamics","Fusion+1","Rainbow+1","Fission+1","Chaos+1","Aggregate+1","Beam Cell+1","Chaos+1","Recycle+1","Loop+1","Stack+1","Parasite"],"relics":["Cracked Core","Prayer Wheel","Pen Nib","Oddly Smooth Stone","Art of War","Anchor","Inserter","Membership Card","PreservedInsect","Whetstone","Juzu Bracelet","Toxic Egg 2","White Beast Statue"],"potions_floor_usage":[12,12,12,16,16,33,33,36,36,39,39,39,41,42],"damage_taken":[{"damage":1,"enemies":"Jaw Worm","floor":1,"turns":4},{"damage":0,"enemies":"Small Slimes","floor":2,"turns":4},{"damage":0,"enemies":"Cultist","floor":3,"turns":3},{"damage":22,"enemies":"3 Sentries","floor":6,"turns":10},{"damage":0,"enemies":"Blue Slaver","floor":11,"turns":3},{"damage":15,"enemies":"Gremlin Nob","floor":12,"turns":5},{"damage":0,"enemies":"Looter","floor":14,"turns":3},{"damage":20,"enemies":"Hexaghost","floor":16,"turns":9},{"damage":1,"enemies":"3 Byrds","floor":18,"turns":4},{"damage":2,"enemies":"Shell Parasite","floor":20,"turns":5},{"damage":12,"enemies":"Chosen and Byrds","floor":21,"turns":7},{"damage":9,"enemies":"Snecko","floor":22,"turns":6},{"damage":2,"enemies":"Slavers","floor":24,"turns":6},{"damage":21,"enemies":"Gremlin Leader","floor":28,"turns":6},{"damage":45,"enemies":"Collector","floor":33,"turns":10},{"damage":12,"enemies":"3 Shapes","floor":35,"turns":3},{"damage":43,"enemies":"3 Darklings","floor":36,"turns":6},{"damage":16,"enemies":"Maw","floor":39,"turns":8},{"damage":2,"enemies":"Sphere and 2 Shapes","floor":41,"turns":5},{"damage":31,"enemies":"Writhing Mass","floor":42,"turns":7}],"seed_played":"6061964076672208945","potions_obtained":[{"floor":6,"key":"Block Potion"},{"floor":8,"key":"PowerPotion"},{"floor":8,"key":"SneckoOil"},{"floor":11,"key":"LiquidBronze"},{"floor":12,"key":"Dexterity Potion"},{"floor":14,"key":"FearPotion"},{"floor":18,"key":"SpeedPotion"},{"floor":28,"key":"SkillPotion"},{"floor":33,"key":"SneckoOil"},{"floor":35,"key":"Fire Potion"},{"floor":36,"key":"LiquidBronze"},{"floor":38,"key":"SteroidPotion"},{"floor":38,"key":"LiquidBronze"},{"floor":39,"key":"LiquidBronze"},{"floor":41,"key":"SpeedPotion"}],"is_trial":false,"path_per_floor":["M","M","M","?","?","E","$","?","T","R","M","E","?","M","R","B",null,"M","$","M","M","M","R","E","R","T","R","E","?","?","$","R","B",null,"M","M","?","?","M","R","M","M"],"character_chosen":"DEFECT","items_purchased":["Oddly Smooth Stone","Membership Card","PreservedInsect","Whetstone"],"campfire_rested":4,"item_purchase_floors":[7,19,19,19],"current_hp_per_floor":[53,53,53,53,53,31,31,31,31,53,53,38,38,38,60,40,75,74,74,72,60,51,51,49,49,49,49,28,28,28,28,50,5,75,63,20,20,20,4,26,24,0],"gold":120,"neow_bonus":"ONE_RARE_RELIC","is_prod":false,"is_daily":false,"chose_seed":false,"campfire_upgraded":2,"win_rate":0,"timestamp":1566388031,"path_taken":["M","M","M","?","?","E","$","?","T","R","?","E","?","M","R","BOSS","M","$","M","M","M","R","E","R","T","R","E","?","?","$","R","BOSS","M","M","?","?","M","R","M","M"],"build_version":"2019-07-17","purchased_purges":0,"victory":false,"max_hp_per_floor":[75,75,75,75,75,75,75,75,75,75,75,75,75,75,75,75,75,75,75,75,75,75,75,75,75,75,75,75,75,75,75,75,75,75,75,75,75,75,75,75,75,75],"card_choices":[{"not_picked":["Leap","BootSequence"],"picked":"Conserve Battery","floor":1},{"not_picked":["Rebound","Leap"],"picked":"Scrape","floor":1},{"not_picked":["Leap","Redo"],"picked":"Blizzard","floor":2},{"not_picked":["Leap","Tempest"],"picked":"Cold Snap","floor":2},{"not_picked":["Barrage","Coolheaded"],"picked":"Beam Cell","floor":3},{"not_picked":["Compile Driver","Undo","Redo"],"picked":"SKIP","floor":3},{"not_picked":["Amplify","Stack"],"picked":"Reinforced Body","floor":6},{"not_picked":["Darkness","Hologram"],"picked":"Go for the Eyes","floor":11},{"not_picked":["Consume","Beam Cell","Lockon"],"picked":"SKIP","floor":11},{"not_picked":["Darkness","Amplify"],"picked":"Hologram","floor":12},{"not_picked":["Redo","Rebound"],"picked":"Gash","floor":14},{"not_picked":["Hologram","Stack"],"picked":"Ball Lightning","floor":14},{"not_picked":["Hyperbeam","Machine Learning"],"picked":"All For One","floor":16},{"not_picked":["Ball Lightning","Doom and Gloom"],"picked":"Coolheaded","floor":18},{"not_picked":["Streamline","Coolheaded"],"picked":"Leap+1","floor":18},{"not_picked":["Reinforced Body","Leap+1"],"picked":"Glacier+1","floor":20},{"not_picked":["Leap","Rebound"],"picked":"Gash","floor":20},{"not_picked":["Aggregate","Gash"],"picked":"Electrodynamics","floor":21},{"not_picked":["Sweeping Beam","Barrage","Auto Shields"],"picked":"SKIP","floor":21},{"not_picked":["Steam","Rebound","Cold Snap"],"picked":"SKIP","floor":22},{"not_picked":["Go for the Eyes","Sweeping Beam","Cold Snap"],"picked":"SKIP","floor":22},{"not_picked":["Compile Driver+1","Barrage"],"picked":"Fusion","floor":24},{"not_picked":["Gash+1","Stack+1"],"picked":"Rainbow","floor":28},{"not_picked":["Echo Form","Electrodynamics"],"picked":"Fission+1","floor":33},{"not_picked":["Conserve Battery+1","Go for the Eyes"],"picked":"Chaos+1","floor":35},{"not_picked":["Go for the Eyes","Compile Driver+1"],"picked":"Aggregate+1","floor":35},{"not_picked":["Steam+1","Barrage+1"],"picked":"Beam Cell+1","floor":36},{"not_picked":["Storm","Hologram+1"],"picked":"Chaos+1","floor":36},{"not_picked":["Sweeping Beam+1","Steam+1"],"picked":"Recycle+1","floor":39},{"not_picked":["Genetic Algorithm+1","Beam Cell+1"],"picked":"Loop+1","floor":39},{"not_picked":["Steam+1","Rip and Tear+1"],"picked":"Stack+1","floor":41},{"not_picked":["Cold Snap","Fusion+1","Auto Shields+1"],"picked":"SKIP","floor":41}],"player_experience":173185,"relics_obtained":[{"floor":6,"key":"Pen Nib"},{"floor":9,"key":"Art of War"},{"floor":12,"key":"Anchor"},{"floor":24,"key":"Juzu Bracelet"},{"floor":28,"key":"Toxic Egg 2"}],"event_choices":[{"damage_healed":0,"gold_gain":175,"player_choice":"AGREE","damage_taken":0,"max_hp_gain":0,"max_hp_loss":0,"event_name":"Liars Game","floor":4,"gold_loss":0,"cards_obtained":["Doubt"]},{"cards_removed":["Doubt"],"damage_healed":0,"gold_gain":0,"player_choice":"Card Removal","damage_taken":0,"max_hp_gain":0,"max_hp_loss":0,"event_name":"The Cleric","floor":5,"gold_loss":50},{"damage_healed":0,"gold_gain":0,"player_choice":"Got Potions","damage_taken":0,"max_hp_gain":0,"max_hp_loss":0,"event_name":"Lab","floor":8,"gold_loss":0},{"damage_healed":0,"gold_gain":0,"player_choice":"Ignored","damage_taken":0,"max_hp_gain":0,"max_hp_loss":0,"event_name":"Golden Wing","floor":13,"gold_loss":0},{"cards_removed":["Strike_B"],"damage_healed":0,"gold_gain":0,"player_choice":"Gave Gold","damage_taken":0,"max_hp_gain":0,"max_hp_loss":0,"event_name":"Beggar","floor":29,"gold_loss":75},{"damage_healed":0,"gold_gain":0,"player_choice":"Paid Fearfully","damage_taken":0,"max_hp_gain":0,"max_hp_loss":0,"event_name":"Masked Bandits","floor":30,"gold_loss":60},{"cards_removed":["Strike_B"],"damage_healed":0,"gold_gain":0,"player_choice":"Removed Attack","damage_taken":0,"max_hp_gain":0,"max_hp_loss":0,"event_name":"Falling","floor":37,"gold_loss":0},{"damage_healed":0,"gold_gain":0,"player_choice":"Bought 2 Potions","damage_taken":0,"max_hp_gain":0,"max_hp_loss":0,"event_name":"The Woman in Blue","floor":38,"gold_loss":0}],"is_beta":false,"boss_relics":[{"not_picked":["Runic Pyramid","Cursed Key"],"picked":"Inserter"},{"not_picked":["Black Star","Empty Cage"],"picked":"White Beast Statue"}],"items_purged_floors":[],"is_endless":false,"potions_floor_spawned":[6,11,12,14,18,28,33,35,36,39,41],"killed_by":"Writhing Mass","ascension_level":1}