{"gold_per_floor":[116,129,129,109,126,126,154,154,154,154,47,66,78,78,78,157,157,168,0,0,18,18,18],"floor_reached":23,"playtime":738,"items_purged":[],"score":378,"play_id":"8e59b42e-b738-4530-9d62-cdbef0c0447c","local_time":"20190724142730","is_ascension_mode":true,"campfire_choices":[{"data":"Bouncing Flask","floor":6.0,"key":"SMITH"},{"data":"Neutralize","floor":8.0,"key":"SMITH"},{"data":"Quick Slash","floor":10.0,"key":"SMITH"},{"data":"Dash","floor":15.0,"key":"SMITH"}],"neow_cost":"NONE","seed_source_timestamp":9864636989291818,"circlet_count":0,"master_deck":["AscendersBane","Strike_G","Strike_G","Defend_G","Defend_G","Defend_G","Defend_G","Defend_G","Survivor","Neutralize+1","Bouncing Flask+1","Deadly Poison","Quick Slash+1","Dash+1","Deadly Poison","Storm of Steel","Skewer","Backflip","Ghostly","Ghostly","Ghostly"],"special_seed":0,"relics":["Ring of the Snake","NeowsBlessing","Ice Cream","Kunai","Empty Cage"],"potions_floor_usage":[],"damage_taken":[{"damage":0.0,"enemies":"2 Louse","floor":1.0,"turns":1.0},{"damage":0.0,"enemies":"Jaw Worm","floor":2.0,"turns":1.0},{"damage":0.0,"enemies":"Cultist","floor":5.0,"turns":1.0},{"damage":16.0,"enemies":"Lagavulin","floor":7.0,"turns":6.0},{"damage":0.0,"enemies":"Blue Slaver","floor":12.0,"turns":4.0},{"damage":0.0,"enemies":"Exordium Wildlife","floor":13.0,"turns":3.0},{"damage":20.0,"enemies":"Hexaghost","floor":16.0,"turns":8.0},{"damage":5.0,"enemies":"Chosen","floor":18.0,"turns":4.0},{"damage":17,"enemies":"Shell Parasite","floor":21,"turns":5},{"damage":34,"enemies":"Gremlin Leader","floor":23,"turns":3}],"seed_played":"-8502342093069103544","potions_obtained":[{"floor":1.0,"key":"PowerPotion"},{"floor":4.0,"key":"Dexterity Potion"},{"floor":12.0,"key":"Energy Potion"},{"floor":16.0,"key":"GhostInAJar"}],"is_trial":false,"path_per_floor":["M","M","?","?","M","R","E","R","T","R","$","M","M","?","R","B",null,"M","?","?","M","?","E"],"character_chosen":"THE_SILENT","items_purchased":["Dash","Deadly Poison"],"campfire_rested":0,"item_purchase_floors":[11,11],"current_hp_per_floor":[59,59,52,52,52,52,36,36,36,36,36,36,36,36,36,16,54,49,49,49,32,32,0],"gold":18,"neow_bonus":"THREE_ENEMY_KILL","is_prod":false,"is_daily":false,"chose_seed":false,"campfire_upgraded":4,"win_rate":0,"timestamp":1563956850,"path_taken":["M","M","?","?","M","R","E","R","T","R","$","?","M","?","R","BOSS","M","?","?","M","?","E"],"build_version":"2019-07-17","purchased_purges":0,"victory":false,"max_hp_per_floor":[66,66,66,66,66,66,66,66,66,66,66,66,66,66,66,66,66,66,66,66,66,33,33],"card_choices":[{"not_picked":["Tactician","Blade Dance"],"picked":"Bouncing Flask","floor":1.0},{"not_picked":["Flying Knee","PiercingWail"],"picked":"Deadly Poison","floor":2.0},{"not_picked":["Dagger Throw","Deflect"],"picked":"Quick Slash","floor":5.0},{"not_picked":["Terror","Masterful Stab","Finisher"],"picked":"SKIP","floor":7.0},{"not_picked":["Poisoned Stab","Underhanded Strike","Terror"],"picked":"SKIP","floor":12.0},{"not_picked":["Deflect","Bane","Outmaneuver"],"picked":"SKIP","floor":13.0},{"not_picked":["Wraith Form v2","Glass Knife"],"picked":"Storm of Steel","floor":16.0},{"not_picked":["Footwork","Heel Hook"],"picked":"Skewer","floor":18.0},{"not_picked":["Quick Slash","Dodge and Roll"],"picked":"Backflip","floor":21}],"player_experience":1580882,"relics_obtained":[{"floor":7.0,"key":"Ice Cream"},{"floor":9.0,"key":"Kunai"}],"event_choices":[{"cards_removed":["Strike_G"],"damage_healed":0.0,"max_hp_gain":0.0,"max_hp_loss":0.0,"gold_gain":0.0,"event_name":"Golden Wing","player_choice":"Card Removal","floor":3.0,"gold_loss":0.0,"damage_taken":7.0},{"damage_healed":0.0,"max_hp_gain":0.0,"max_hp_loss":0.0,"gold_gain":0.0,"event_name":"The Woman in Blue","player_choice":"Bought 1 Potion","floor":4.0,"gold_loss":0.0,"damage_taken":0.0},{"damage_healed":0.0,"max_hp_gain":0.0,"max_hp_loss":0.0,"gold_gain":0.0,"event_name":"Liars Game","player_choice":"Ignored","floor":14.0,"gold_loss":0.0,"damage_taken":0.0},{"damage_healed":0,"gold_gain":0,"player_choice":"Paid Fearfully","damage_taken":0,"max_hp_gain":0,"max_hp_loss":0,"event_name":"Masked Bandits","floor":19,"gold_loss":168},{"damage_healed":0,"gold_gain":0,"player_choice":"Ignored","damage_taken":0,"max_hp_gain":0,"max_hp_loss":0,"event_name":"The Mausoleum","floor":20,"gold_loss":0},{"damage_healed":0,"gold_gain":0,"player_choice":"Became a Ghost","damage_taken":0,"max_hp_gain":0,"max_hp_loss":33,"event_name":"Ghosts","floor":22,"gold_loss":0,"cards_obtained":["Ghostly","Ghostly","Ghostly"]}],"is_beta":false,"boss_relics":[{"not_picked":["Velvet Choker","Sozu"],"picked":"Empty Cage"}],"items_purged_floors":[],"is_endless":false,"potions_floor_spawned":[1,12,16],"killed_by":"Gremlin Leader","ascension_level":20}