{"gold_per_floor":[118,137,22,22,22,50,50,79,79,95,111,127,127,143,143,217,217,237,248,22,38,70,101,113,125,137,149,177,207,230,272,284,374,386,409,439,304,304,304,336,336,363,363,383,403,161,161,161,161,161],"floor_reached":51,"playtime":5556,"items_purged":["Strike_G","Strike_G","Pain"],"score":1306,"play_id":"82c6ac12-5184-49f7-ad0d-e56f29f1b1c3","local_time":"20190924202854","is_ascension_mode":true,"campfire_choices":[{"data":"Neutralize","floor":7,"key":"SMITH"},{"data":"Crippling Poison","floor":13,"key":"SMITH"},{"data":"Well Laid Plans","floor":15,"key":"SMITH"},{"data":"Catalyst","floor":25,"key":"SMITH"},{"floor":27,"key":"REST"},{"data":"After Image","floor":32,"key":"SMITH"},{"data":"Wraith Form v2","floor":41,"key":"SMITH"},{"data":"Footwork","floor":49,"key":"SMITH"}],"neow_cost":"NONE","seed_source_timestamp":250811062395000,"circlet_count":0,"master_deck":["AscendersBane","Strike_G","Strike_G","Defend_G","Defend_G","Defend_G","Defend_G","Defend_G","Survivor","Neutralize+1","Well Laid Plans+1","Quick Slash","Deadly Poison","Crippling Poison+1","Dodge and Roll","Crippling Poison","Acrobatics","After Image+1","Catalyst+1","Footwork+1","Acrobatics","Malaise","Prepared+1","Leg Sweep","Blur","Tactician","Wraith Form v2+1","Tactician","Prepared","Panache","Secret Technique","Master of Strategy","Footwork+1","Dodge and Roll+1","Deadly Poison","Footwork","Blur","Acrobatics"],"relics":["Ring of the Snake","NeowsBlessing","CloakClasp","Toy Ornithopter","The Specimen","HoveringKite","Bag of Preparation","Red Mask","MawBank","Bird Faced Urn","InkBottle","Black Star","WarpedTongs","Vajra","Bottled Tornado","Shuriken","HornCleat","Eternal Feather"],"potions_floor_usage":[22,33,45,50,50],"damage_taken":[{"damage":0,"enemies":"Jaw Worm","floor":1,"turns":1},{"damage":0,"enemies":"Cultist","floor":2,"turns":1},{"damage":0,"enemies":"3 Sentries","floor":6,"turns":1},{"damage":25,"enemies":"Gremlin Nob","floor":8,"turns":6},{"damage":0,"enemies":"2 Louse","floor":10,"turns":2},{"damage":0,"enemies":"Exordium Thugs","floor":11,"turns":4},{"damage":1,"enemies":"Large Slime","floor":12,"turns":8},{"damage":5,"enemies":"3 Louse","floor":14,"turns":2},{"damage":4,"enemies":"Hexaghost","floor":16,"turns":12},{"damage":7,"enemies":"Spheric Guardian","floor":18,"turns":6},{"damage":17,"enemies":"2 Thieves","floor":19,"turns":4},{"damage":12,"enemies":"Sentry and Sphere","floor":21,"turns":6},{"damage":10,"enemies":"Masked Bandits","floor":22,"turns":4},{"damage":2,"enemies":"Book of Stabbing","floor":23,"turns":10},{"damage":1,"enemies":"Snake Plant","floor":28,"turns":6},{"damage":0,"enemies":"Snecko","floor":29,"turns":7},{"damage":2,"enemies":"Centurion and Healer","floor":30,"turns":9},{"damage":27,"enemies":"Slavers","floor":31,"turns":8},{"damage":11,"enemies":"Automaton","floor":33,"turns":13},{"damage":1,"enemies":"Orb Walker","floor":35,"turns":6},{"damage":12,"enemies":"3 Darklings","floor":36,"turns":12},{"damage":25,"enemies":"Reptomancer","floor":40,"turns":9},{"damage":19,"enemies":"Giant Head","floor":42,"turns":16},{"damage":2,"enemies":"4 Shapes","floor":44,"turns":3},{"damage":15,"enemies":"Jaw Worm Horde","floor":45,"turns":5},{"damage":22,"enemies":"Awakened One","floor":50,"turns":21}],"seed_played":"5544744934760352800","potions_obtained":[{"floor":6,"key":"SmokeBomb"},{"floor":10,"key":"Poison Potion"},{"floor":28,"key":"Explosive Potion"},{"floor":33,"key":"Explosive Potion"},{"floor":36,"key":"Energy Potion"},{"floor":40,"key":"Block Potion"},{"floor":42,"key":"Dexterity Potion"},{"floor":45,"key":"LiquidBronze"}],"is_trial":false,"path_per_floor":["M","M","$","?","$","E","R","E","T","M","M","M","R","M","R","B",null,"M","M","$","M","?","E","?","R","T","R","M","M","M","E","R","B",null,"M","M","$","?","?","E","R","E","T","M","M","$","?","?","R","B",null],"character_chosen":"THE_SILENT","items_purchased":["Deadly Poison","Crippling Poison","Bag of Preparation","Prepared","Blur","Acrobatics"],"campfire_rested":1,"item_purchase_floors":[3,3,20,37,46,46],"current_hp_per_floor":[59,59,59,59,59,59,59,34,34,34,34,33,33,28,28,24,56,49,32,32,20,15,13,13,13,13,32,37,43,47,26,26,26,56,63,57,57,47,47,32,32,25,25,31,33,33,33,33,54,52],"gold":161,"neow_bonus":"THREE_ENEMY_KILL","is_prod":false,"is_daily":false,"chose_seed":false,"campfire_upgraded":7,"win_rate":0,"timestamp":1569324534,"path_taken":["M","M","$","?","?","E","R","E","T","M","M","?","R","M","R","BOSS","M","?","$","M","?","E","?","R","T","R","M","?","M","E","R","BOSS","M","M","$","?","?","E","R","E","T","M","?","$","?","?","R","BOSS"],"build_version":"2019-09-23","purchased_purges":3,"victory":true,"max_hp_per_floor":[66,66,66,66,66,66,66,66,66,66,66,66,66,66,66,66,66,66,66,66,66,66,66,66,66,66,66,66,66,66,66,66,66,66,66,66,66,66,66,66,66,66,66,66,66,66,66,63,63,63],"card_choices":[{"not_picked":["Dagger Throw","Deflect"],"picked":"Well Laid Plans","floor":1},{"not_picked":["Eviscerate","Terror"],"picked":"Quick Slash","floor":2},{"not_picked":["Distraction","Storm of Steel"],"picked":"Dodge and Roll","floor":6},{"not_picked":["Dash","Dagger Throw"],"picked":"Crippling Poison","floor":8},{"not_picked":["Prepared","Cloak And Dagger","Well Laid Plans"],"picked":"SKIP","floor":10},{"not_picked":["Dagger Spray","Dodge and Roll","Quick Slash"],"picked":"SKIP","floor":11},{"not_picked":["Poisoned Stab","Infinite Blades"],"picked":"Acrobatics","floor":12},{"not_picked":["Heel Hook","Flying Knee","Accuracy"],"picked":"SKIP","floor":14},{"not_picked":["Tools of the Trade","Grand Finale"],"picked":"After Image","floor":16},{"not_picked":["Calculated Gamble+1","Flechettes"],"picked":"Catalyst","floor":18},{"not_picked":["Backflip","Crippling Poison"],"picked":"Footwork","floor":19},{"not_picked":["Dagger Throw","Eviscerate"],"picked":"Acrobatics","floor":21},{"not_picked":["Cloak And Dagger","Underhanded Strike"],"picked":"Malaise","floor":22},{"not_picked":["Backstab","Escape Plan+1"],"picked":"Prepared+1","floor":23},{"not_picked":["Flechettes","Sucker Punch"],"picked":"Leg Sweep","floor":28},{"not_picked":["Slice","Flying Knee"],"picked":"Blur","floor":29},{"not_picked":["Dagger Throw","Masterful Stab","Prepared"],"picked":"SKIP","floor":30},{"not_picked":["Bane","Blade Dance+1"],"picked":"Tactician","floor":31},{"not_picked":["Unload","Venomology"],"picked":"Wraith Form v2","floor":33},{"not_picked":["Deadly Poison","Setup","Accuracy"],"picked":"SKIP","floor":35},{"not_picked":["Bane+1","Predator+1"],"picked":"Tactician","floor":36},{"not_picked":["Forethought","Madness"],"picked":"Panache","floor":38},{"not_picked":["HandOfGreed","Transmutation"],"picked":"Secret Technique","floor":38},{"not_picked":["Impatience","Secret Technique"],"picked":"Master of Strategy","floor":38},{"not_picked":["Backstab","Cloak And Dagger"],"picked":"Footwork","floor":40},{"not_picked":["Sucker Punch","Deflect+1"],"picked":"Dodge and Roll+1","floor":42},{"not_picked":["Riddle With Holes","Bane"],"picked":"Deadly Poison","floor":44},{"not_picked":["Masterful Stab","Sucker Punch"],"picked":"Footwork","floor":45}],"player_experience":847048,"relics_obtained":[{"floor":6,"key":"CloakClasp"},{"floor":8,"key":"Toy Ornithopter"},{"floor":9,"key":"The Specimen"},{"floor":22,"key":"Red Mask"},{"floor":23,"key":"MawBank"},{"floor":26,"key":"Bird Faced Urn"},{"floor":31,"key":"InkBottle"},{"floor":40,"key":"Vajra"},{"floor":40,"key":"Bottled Tornado"},{"floor":42,"key":"Shuriken"},{"floor":42,"key":"HornCleat"},{"floor":43,"key":"Eternal Feather"}],"event_choices":[{"cards_removed":["Strike_G"],"damage_healed":0,"gold_gain":0,"player_choice":"Purged","damage_taken":0,"max_hp_gain":0,"max_hp_loss":0,"event_name":"Purifier","floor":4,"gold_loss":0},{"damage_healed":0,"gold_gain":0,"player_choice":"Fought Bandits","damage_taken":0,"max_hp_gain":0,"max_hp_loss":0,"event_name":"Masked Bandits","floor":22,"gold_loss":0},{"damage_healed":0,"gold_gain":0,"player_choice":"Upgraded","damage_taken":0,"max_hp_gain":0,"max_hp_loss":0,"event_name":"Upgrade Shrine","floor":24,"gold_loss":0,"cards_upgraded":["Footwork"]},{"damage_healed":0,"gold_gain":0,"player_choice":"Memory 3","damage_taken":10,"max_hp_gain":0,"max_hp_loss":0,"event_name":"SensoryStone","floor":38,"gold_loss":0},{"damage_healed":0,"gold_gain":0,"player_choice":"Rummage","damage_taken":0,"relics_obtained":["WarpedTongs"],"max_hp_gain":0,"max_hp_loss":0,"event_name":"Accursed Blacksmith","floor":39,"gold_loss":0,"cards_obtained":["Pain"]},{"damage_healed":0,"gold_gain":0,"player_choice":"Ignored","damage_taken":0,"max_hp_gain":0,"max_hp_loss":0,"event_name":"Mysterious Sphere","floor":47,"gold_loss":0},{"damage_healed":0,"gold_gain":0,"player_choice":"Max HP","damage_taken":0,"max_hp_gain":0,"max_hp_loss":3,"event_name":"Winding Halls","floor":48,"gold_loss":0}],"is_beta":true,"boss_relics":[{"not_picked":["Calling Bell","Snecko Eye"],"picked":"HoveringKite"},{"not_picked":["Empty Cage","Velvet Choker"],"picked":"Black Star"}],"items_purged_floors":[20,37,46],"is_endless":false,"potions_floor_spawned":[6,10,11,16,18,28,29,33,36,40,42,45],"ascension_level":15}