{"path_per_floor":["M","M","?","?","M","R","M","?","T","R","$","R","E","M","R","B",null,"M","M","?","M","M","R","E","$","T","R","E","R","?","M","R","B",null,"M","M","M","M","?","R","?","$","T","R","M","?","E","M","R","B"],"character_chosen":"THE_SILENT","items_purchased":["Predator"],"gold_per_floor":[114,129,129,129,144,144,159,109,109,109,34,34,64,79,79,179,179,179,179,179,179,179,179,179,79,79,79,79,79,79,79,79,79,79,79,79,79,79,79,79,79,25,25,25,25,25,25,25,25,25],"floor_reached":51,"campfire_rested":2,"playtime":3301,"current_hp_per_floor":[55,55,48,34,29,50,42,42,42,63,63,63,56,64,64,66,70,70,70,70,70,59,59,60,60,60,60,62,62,62,64,64,63,70,70,70,69,70,70,70,61,61,61,61,66,66,68,70,70,67],"items_purged":["Wraith Form v2","Storm of Steel"],"gold":25,"score":867,"play_id":"56c2546f-bdf4-4834-ac53-e71e3b49c9cd","local_time":"20180421003546","daily_mods":["Shiny","Time Dilation","Elite Swarm"],"is_prod":false,"is_daily":true,"chose_seed":false,"is_ascension_mode":false,"campfire_upgraded":7,"timestamp":1524296146,"path_taken":["M","M","?","?","M","R","M","?","T","R","?","R","E","?","R","BOSS","M","?","?","M","M","R","E","$","T","R","E","R","?","M","R","BOSS","M","M","M","?","?","R","?","?","T","R","?","?","E","?","R","BOSS"],"build_version":"2018-04-19","seed_source_timestamp":0,"purchased_purges":2,"victory":true,"master_deck":["Adrenaline","Envenom+1","Doppelganger","Burst+1","Venomology+1","Night Terror+1","Unload","After Image","Tactician","Bullet Time","Glass Knife","Die Die Die","A Thousand Cuts+1","Deadly Poison","Deflect","Bane","Cloak And Dagger+1","After Image+1","Backflip","Glass Knife","PiercingWail","Flying Knee","Adrenaline","Sucker Punch+1","Dash+1","Adrenaline","Crippling Poison+1","Outmaneuver+1","Acrobatics+1","Cloak And Dagger+1","Madness","Madness","Predator","Poisoned Stab+1","Adrenaline","Malaise+1"],"max_hp_per_floor":[70,70,70,70,70,70,70,70,70,70,70,70,70,70,70,70,70,70,70,70,70,70,70,70,70,70,70,70,70,70,70,70,70,70,70,70,70,70,70,70,70,70,70,70,70,70,70,70,70,70],"relics":["Ring of the Snake","Blood Vial","Calipers","Ectoplasm","Paper Crane","Vajra","The Courier","Cursed Key","Peace Pipe","Dead Branch"],"card_choices":[{"not_picked":["Eviscerate","Underhanded Strike"],"picked":"Deadly Poison","floor":1},{"not_picked":["Malaise","Dodge and Roll"],"picked":"Deflect","floor":2},{"not_picked":["Finisher","Backflip"],"picked":"Bane","floor":5},{"not_picked":["Acrobatics","Catalyst"],"picked":"Cloak And Dagger","floor":7},{"not_picked":["Corpse Explosion","Tactician"],"picked":"After Image","floor":13},{"not_picked":["Deflect","Eviscerate"],"picked":"Backflip","floor":14},{"not_picked":["Corpse Explosion","Storm of Steel"],"picked":"Glass Knife","floor":16},{"not_picked":["Caltrops","Deadly Poison"],"picked":"PiercingWail","floor":18},{"not_picked":["Dagger Spray","Riddle With Holes"],"picked":"Flying Knee","floor":19},{"not_picked":["Bane","Eviscerate"],"picked":"Sucker Punch","floor":21},{"not_picked":["Skewer","Dagger Throw"],"picked":"Dash","floor":22},{"not_picked":["Doppelganger","Corpse Explosion"],"picked":"Adrenaline","floor":33},{"not_picked":["Poisoned Stab","Sucker Punch"],"picked":"Crippling Poison","floor":35},{"not_picked":["Dagger Throw","Flying Knee"],"picked":"Outmaneuver","floor":36},{"not_picked":["PiercingWail","Flechettes"],"picked":"Acrobatics","floor":37},{"not_picked":["Poisoned Stab","PiercingWail"],"picked":"Cloak And Dagger","floor":38},{"not_picked":["Caltrops","Underhanded Strike"],"picked":"Poisoned Stab","floor":45},{"not_picked":["Burst","Unload"],"picked":"Adrenaline","floor":47},{"not_picked":["Cloak And Dagger","Calculated Gamble"],"picked":"Malaise","floor":48}],"player_experience":456084,"potions_floor_usage":[13,13,14,16,18,18,19,21,22,24,24,24,24,31,33,35,37,38,45,47,47,50,50],"damage_taken":[{"damage":15,"enemies":"Small Slimes","floor":1,"turns":3},{"damage":0,"enemies":"Cultist","floor":2,"turns":2},{"damage":5,"enemies":"Jaw Worm","floor":5,"turns":2},{"damage":8,"enemies":"Looter","floor":7,"turns":2},{"damage":14,"enemies":"Gremlin Nob","floor":13,"turns":3},{"damage":0,"enemies":"Large Slime","floor":14,"turns":2},{"damage":0,"enemies":"Slime Boss","floor":16,"turns":4},{"damage":0,"enemies":"Spheric Guardian","floor":18,"turns":3},{"damage":0,"enemies":"Shell Parasite","floor":19,"turns":4},{"damage":0,"enemies":"Snake Plant","floor":21,"turns":3},{"damage":11,"enemies":"Centurion and Healer","floor":22,"turns":4},{"damage":10,"enemies":"Slavers","floor":24,"turns":4},{"damage":0,"enemies":"Gremlin Leader","floor":28,"turns":3},{"damage":0,"enemies":"Cultist and Chosen","floor":31,"turns":3},{"damage":3,"enemies":"Automaton","floor":33,"turns":6},{"damage":0,"enemies":"Orb Walker","floor":35,"turns":3},{"damage":0,"enemies":"3 Shapes","floor":36,"turns":2},{"damage":1,"enemies":"Sphere and 2 Shapes","floor":37,"turns":3},{"damage":0,"enemies":"Spire Growth","floor":38,"turns":2},{"damage":0,"enemies":"4 Shapes","floor":45,"turns":2},{"damage":0,"enemies":"Nemesis","floor":47,"turns":3},{"damage":0,"enemies":"Flame Bruiser 2 Orb","floor":48,"turns":1},{"damage":3,"enemies":"Time Eater","floor":50,"turns":8}],"event_choices":[{"event_name":"Golden Wing","player_choice":"Card Removal","floor":3,"damage_taken":0},{"event_name":"Shining Light","player_choice":"Entered Light","floor":4,"damage_taken":0},{"event_name":"The Cleric","player_choice":"Card Removal","floor":8,"damage_taken":0},{"event_name":"Duplicator","player_choice":"One dupe","floor":20,"damage_taken":0},{"event_name":"N\u0027loth","player_choice":"Ignored","floor":30,"damage_taken":0},{"event_name":"Winding Halls","player_choice":"Embrace Madness","floor":41,"damage_taken":0},{"event_name":"Mysterious Sphere","player_choice":"Ignore","floor":46,"damage_taken":0}],"boss_relics":[{"not_picked":["Snecko Eye","Tiny House"],"picked":"Ectoplasm"},{"not_picked":["Calling Bell","Orrery"],"picked":"Cursed Key"}],"potions_floor_spawned":[13,16,19,21,22,33,37,38],"seed_played":"1252752020569541507","ascension_level":0,"is_trial":false}