{"gold_per_floor":[118,130,149,149,165,165,184,184,184,149,162,185,206,221,221,344,344,357,357],"floor_reached":19,"playtime":1309,"items_purged":[],"score":165,"play_id":"2dfd5c5f-6820-4b54-a1a2-5d7c4de1300e","local_time":"20190310194809","is_ascension_mode":false,"campfire_choices":[{"data":"Darkness","floor":6,"key":"SMITH"},{"floor":15,"key":"REST"}],"neow_cost":"NONE","seed_source_timestamp":15396671701770,"circlet_count":0,"master_deck":["Strike_B","Strike_B","Strike_B","Strike_B","Defend_B","Defend_B+1","Defend_B","Defend_B","Zap","Dualcast+1","Tempest","Stack","Darkness+1","All For One","Glacier","Chaos","Tempest","Capacitor","Conserve Battery","Loop","Multi-Cast","Streamline"],"relics":["Cracked Core","Golden Idol","Shuriken","Philosopher\u0027s Stone"],"potions_floor_usage":[13,16,19,19],"damage_taken":[{"damage":1,"enemies":"2 Louse","floor":1,"turns":2},{"damage":13,"enemies":"Jaw Worm","floor":2,"turns":3},{"damage":1,"enemies":"Cultist","floor":3,"turns":3},{"damage":0,"enemies":"Large Slime","floor":5,"turns":4},{"damage":5,"enemies":"Looter","floor":7,"turns":3},{"damage":0,"enemies":"2 Fungi Beasts","floor":11,"turns":3},{"damage":7,"enemies":"3 Louse","floor":12,"turns":4},{"damage":0,"enemies":"Lots of Slimes","floor":13,"turns":1},{"damage":6,"enemies":"2 Fungi Beasts","floor":14,"turns":4},{"damage":14,"enemies":"Slime Boss","floor":16,"turns":7},{"damage":4,"enemies":"Chosen","floor":18,"turns":4},{"damage":45,"enemies":"Colosseum Slavers","floor":19,"turns":4},{"damage":30,"enemies":"Colosseum Nobs","floor":19,"turns":3}],"seed_played":"2999458561198192489","potions_obtained":[{"floor":2,"key":"Explosive Potion"},{"floor":7,"key":"EssenceOfSteel"},{"floor":11,"key":"SkillPotion"},{"floor":13,"key":"Explosive Potion"},{"floor":16,"key":"Strength Potion"}],"is_trial":false,"path_per_floor":["M","M","M","?","M","R","M","?","T","$","M","M","M","M","R","B",null,"M","?"],"character_chosen":"DEFECT","items_purchased":["Chaos"],"campfire_rested":1,"item_purchase_floors":[10],"current_hp_per_floor":[81,68,67,51,51,51,46,46,46,46,46,39,39,33,55,41,76,72,0],"gold":357,"neow_bonus":"TEN_PERCENT_HP_BONUS","is_prod":false,"is_daily":false,"chose_seed":false,"campfire_upgraded":1,"win_rate":0.0,"timestamp":1552261689,"path_taken":["M","M","M","?","M","R","M","?","T","$","M","?","M","M","R","BOSS","M","?"],"build_version":"2019-01-23","purchased_purges":0,"victory":false,"max_hp_per_floor":[82,82,82,82,82,82,82,76,76,76,76,76,76,76,76,76,76,76,76],"card_choices":[{"not_picked":["Beam Cell","Self Repair"],"picked":"Tempest","floor":1},{"not_picked":["Barrage","Steam"],"picked":"Stack","floor":2},{"not_picked":["Cold Snap","Ball Lightning"],"picked":"Darkness","floor":3},{"not_picked":["Compile Driver","Blizzard"],"picked":"All For One","floor":5},{"not_picked":["Chill","Leap"],"picked":"Glacier","floor":7},{"not_picked":["Hologram","Ball Lightning"],"picked":"Tempest","floor":11},{"not_picked":["Gash","Compile Driver"],"picked":"Capacitor","floor":12},{"not_picked":["Redo","Barrage"],"picked":"Conserve Battery","floor":13},{"not_picked":["Coolheaded","Chaos"],"picked":"Loop","floor":14},{"not_picked":["Machine Learning","Fission"],"picked":"Multi-Cast","floor":16},{"not_picked":["Double Energy","Scrape+1"],"picked":"Streamline","floor":18}],"player_experience":18428,"relics_obtained":[{"floor":9,"key":"Shuriken"}],"event_choices":[{"damage_healed":0,"gold_gain":0,"player_choice":"Entered Light","damage_taken":16,"max_hp_gain":0,"max_hp_loss":0,"event_name":"Shining Light","floor":4,"gold_loss":0,"cards_upgraded":["Defend_B","Dualcast"]},{"damage_healed":0,"gold_gain":0,"player_choice":"Lose Max HP","damage_taken":0,"relics_obtained":["Golden Idol"],"max_hp_gain":0,"max_hp_loss":6,"event_name":"Golden Idol","floor":8,"gold_loss":0},{"damage_healed":0,"gold_gain":0,"player_choice":"Fight","damage_taken":0,"max_hp_gain":0,"max_hp_loss":0,"event_name":"Colosseum","floor":19,"gold_loss":0},{"damage_healed":0,"gold_gain":0,"player_choice":"Fought Nobs","damage_taken":0,"max_hp_gain":0,"max_hp_loss":0,"event_name":"Colosseum","floor":19,"gold_loss":0}],"is_beta":false,"boss_relics":[{"not_picked":["Runic Dome","FrozenCore"],"picked":"Philosopher\u0027s Stone"}],"items_purged_floors":[],"is_endless":false,"potions_floor_spawned":[2,7,11,13,14,16],"killed_by":"Colosseum Nobs","ascension_level":0}