{"path_per_floor":["M","?","M","?","?","R","M","$","T","R","M","E","M","M","R","B",null,"M","$","?","$","?","$","M","M","T","R","M","M","M"],"character_chosen":"DEFECT","items_purchased":["Capacitor","Capacitor"],"gold_per_floor":[113,63,75,75,75,75,93,93,120,120,133,166,176,192,192,287,287,300,174,174,23,23,23,41,51,51,51,69,80,91,91],"floor_reached":31,"campfire_rested":1,"playtime":3009,"current_hp_per_floor":[74,74,74,74,67,67,67,67,67,67,65,76,76,72,72,50,89,72,72,56,56,56,56,26,6,6,32,6,6,6,0],"items_purged":["Strike_B","Defend_B"],"gold":91,"score":239,"play_id":"e76a237c-f767-4a2a-9032-74f42e727b6e","local_time":"20180427194924","is_prod":false,"is_daily":false,"chose_seed":false,"is_ascension_mode":false,"campfire_upgraded":3,"timestamp":1524883764,"path_taken":["M","?","?","?","?","R","M","?","T","R","M","E","?","M","R","BOSS","M","$","?","$","?","?","M","M","T","R","M","M","?","M"],"build_version":"2018-04-26v2","seed_source_timestamp":26743947575034,"purchased_purges":2,"victory":false,"master_deck":["Zap+1","Dualcast","Auto Shields","Glacier","Loop+1","Go for the Eyes","Capacitor+1","Blaster","Chaos","Rainbow","Creative AI+1","Redo+1","Blizzard+1","Hello World+1","Capacitor","Capacitor+1","Injury","Double Energy+1","Blaster","Coolheaded","Cold Snap+1","Barrage"],"max_hp_per_floor":[75,75,75,75,75,75,75,75,75,75,75,89,89,89,89,89,89,89,89,89,89,89,89,89,89,89,89,89,89,89,89],"relics":["Cracked Core","Lantern","Mango","Astrolabe","Enchiridion","Omamori"],"card_choices":[{"not_picked":["Ball Lightning","Coolheaded"],"picked":"Auto Shields","floor":1},{"not_picked":["Sweeping Beam","Darkness"],"picked":"Glacier","floor":3},{"not_picked":["Melter","Impulse"],"picked":"Loop","floor":7},{"not_picked":["Allocate","Genetic Algorithm"],"picked":"Go for the Eyes","floor":11},{"not_picked":["Cold Snap","Buffer"],"picked":"Capacitor","floor":12},{"not_picked":["Hologram","Coolheaded"],"picked":"Blaster","floor":13},{"not_picked":["Sweeping Beam","Leap"],"picked":"Chaos","floor":14},{"not_picked":["Multi-Cast","All For One"],"picked":"Rainbow","floor":16},{"not_picked":["Auto Shields","White Noise"],"picked":"Hello World","floor":18},{"not_picked":["Capacitor","Reprogram"],"picked":"Double Energy","floor":24},{"not_picked":["Hologram","Allocate"],"picked":"Blaster","floor":25},{"not_picked":["Melter","Ball Lightning"],"picked":"Coolheaded","floor":28},{"not_picked":["Darkness","White Noise"],"picked":"Cold Snap","floor":29},{"not_picked":["Flux Capacitor","Go for the Eyes"],"picked":"Barrage","floor":30}],"player_experience":471940,"potions_floor_usage":[13,18,29,29,30,30],"damage_taken":[{"damage":1,"enemies":"Cultist","floor":1,"turns":4},{"damage":0,"enemies":"Small Slimes","floor":3,"turns":4},{"damage":0,"enemies":"2 Louse","floor":7,"turns":2},{"damage":2,"enemies":"Blue Slaver","floor":11,"turns":4},{"damage":3,"enemies":"Gremlin Nob","floor":12,"turns":5},{"damage":0,"enemies":"2 Fungi Beasts","floor":13,"turns":3},{"damage":4,"enemies":"Exordium Wildlife","floor":14,"turns":2},{"damage":22,"enemies":"The Guardian","floor":16,"turns":11},{"damage":17,"enemies":"Shell Parasite","floor":18,"turns":6},{"damage":30,"enemies":"2 Thieves","floor":24,"turns":4},{"damage":20,"enemies":"Chosen and Byrds","floor":25,"turns":6},{"damage":26,"enemies":"Centurion and Healer","floor":28,"turns":7},{"damage":0,"enemies":"Cultist and Chosen","floor":29,"turns":6},{"damage":0,"enemies":"3 Cultists","floor":30,"turns":4},{"damage":8,"enemies":"Snake Plant","floor":31,"turns":1}],"event_choices":[{"event_name":"The Cleric","player_choice":"Card Removal","floor":2,"damage_taken":0},{"event_name":"Living Wall","player_choice":"Forget","floor":4,"damage_taken":0},{"event_name":"Golden Wing","player_choice":"Card Removal","floor":5,"damage_taken":0},{"event_name":"Cursed Tome","player_choice":"Obtained Book","floor":20,"damage_taken":0},{"event_name":"Accursed Blacksmith","player_choice":"Forge","floor":22,"damage_taken":0}],"boss_relics":[{"not_picked":["Snecko Eye","Philosopher\u0027s Stone"],"picked":"Astrolabe"}],"potions_floor_spawned":[11,13,16,25,28,29],"seed_played":"7893565616650577226","killed_by":"Snake Plant","ascension_level":0,"is_trial":false}