{"gold_per_floor":[118,293,312,312,165,165,178,39,87,105,135,150,184,195,195,293,293,309,259,109,125,142,142,175,175],"floor_reached":25,"playtime":1396,"items_purged":["Doubt","Strike_B"],"score":234,"play_id":"3f173e8e-c912-4fc1-9edd-b628e0306958","local_time":"20190927225610","is_ascension_mode":true,"campfire_choices":[{"data":"Redo","floor":6,"key":"SMITH"},{"data":"Storm","floor":15,"key":"SMITH"},{"data":"Zap","floor":23,"key":"SMITH"}],"neow_cost":"NONE","seed_source_timestamp":9647900391900,"circlet_count":0,"master_deck":["Strike_B","Strike_B","Defend_B","Defend_B","Defend_B","Defend_B","Zap+1","Dualcast","Thunder Strike","Turbo","Redo+1","Leap","Static Discharge","Tempest","Capacitor","Leap","Fusion","Storm+1","Electrodynamics","Conserve Battery","Buffer"],"relics":["Cracked Core","DataDisk","WingedGreaves","Nuclear Battery","Happy Flower","Bag of Preparation"],"potions_floor_usage":[13,16,16,22,24,24],"damage_taken":[{"damage":0,"enemies":"2 Louse","floor":1,"turns":3},{"damage":4,"enemies":"Cultist","floor":3,"turns":4},{"damage":6,"enemies":"Jaw Worm","floor":7,"turns":3},{"damage":8,"enemies":"Exordium Thugs","floor":10,"turns":3},{"damage":7,"enemies":"Blue Slaver","floor":12,"turns":3},{"damage":6,"enemies":"Lagavulin","floor":13,"turns":4},{"damage":2,"enemies":"Exordium Wildlife","floor":14,"turns":4},{"damage":16,"enemies":"Slime Boss","floor":16,"turns":5},{"damage":21,"enemies":"2 Thieves","floor":18,"turns":4},{"damage":0,"enemies":"3 Byrds","floor":21,"turns":2},{"damage":8,"enemies":"Shelled Parasite and Fungi","floor":22,"turns":5},{"damage":21,"enemies":"Book of Stabbing","floor":24,"turns":4},{"damage":27,"enemies":"Gremlin Leader","floor":25,"turns":2}],"seed_played":"3019928824216752800","potions_obtained":[{"floor":7,"key":"Block Potion"},{"floor":10,"key":"DuplicationPotion"},{"floor":13,"key":"LiquidBronze"},{"floor":14,"key":"EssenceOfDarkness"},{"floor":16,"key":"SpeedPotion"},{"floor":21,"key":"LiquidBronze"}],"is_trial":false,"path_per_floor":["M","?","M","?","$","R","M","$","T","M","?","M","E","M","R","B",null,"M","?","$","M","M","R","E","E"],"character_chosen":"DEFECT","items_purchased":["Static Discharge","Capacitor","Happy Flower"],"campfire_rested":0,"item_purchase_floors":[5,8,20],"current_hp_per_floor":[75,75,71,71,71,71,65,65,65,57,57,50,44,42,42,26,75,54,54,54,54,46,46,25,0],"gold":175,"neow_bonus":"ONE_RANDOM_RARE_CARD","is_prod":false,"is_daily":false,"chose_seed":false,"campfire_upgraded":3,"win_rate":0,"timestamp":1569650170,"path_taken":["M","?","M","?","$","R","?","?","T","M","?","M","E","?","R","BOSS","M","?","$","M","?","R","E","E"],"build_version":"2019-09-27","purchased_purges":2,"victory":false,"max_hp_per_floor":[75,75,75,75,75,75,75,75,75,75,75,75,75,75,75,75,75,75,75,75,75,75,75,75,75],"card_choices":[{"not_picked":["Rebound","Doom and Gloom"],"picked":"Turbo","floor":1},{"not_picked":["Coolheaded","Stack"],"picked":"Redo","floor":3},{"not_picked":["Barrage","Reboot"],"picked":"Tempest","floor":7},{"not_picked":["FTL","White Noise"],"picked":"Leap","floor":10},{"not_picked":["Compile Driver","FTL","Barrage"],"picked":"SKIP","floor":12},{"not_picked":["Stack","Compile Driver"],"picked":"Fusion","floor":13},{"not_picked":["Streamline","Steam"],"picked":"Storm","floor":14},{"not_picked":["Multi-Cast","Reboot"],"picked":"Electrodynamics","floor":16},{"not_picked":["Rip and Tear+1","Beam Cell","Cold Snap"],"picked":"SKIP","floor":18},{"not_picked":["Melter","Double Energy"],"picked":"Conserve Battery","floor":21},{"not_picked":["Redo","Beam Cell","Rebound"],"picked":"SKIP","floor":22},{"not_picked":["Fusion","Auto Shields"],"picked":"Buffer","floor":24}],"player_experience":779972,"relics_obtained":[{"floor":9,"key":"DataDisk"},{"floor":13,"key":"WingedGreaves"},{"floor":24,"key":"Bag of Preparation"}],"event_choices":[{"damage_healed":0,"gold_gain":175,"player_choice":"AGREE","damage_taken":0,"max_hp_gain":0,"max_hp_loss":0,"event_name":"Liars Game","floor":2,"gold_loss":0,"cards_obtained":["Doubt"]},{"damage_healed":0,"gold_gain":0,"cards_transformed":["Strike_B"],"player_choice":"Transformed","damage_taken":0,"max_hp_gain":0,"max_hp_loss":0,"event_name":"Transmorgrifier","floor":4,"gold_loss":0,"cards_obtained":["Leap"]},{"damage_healed":0,"gold_gain":30,"player_choice":"Searched \u00271\u0027 times","damage_taken":0,"max_hp_gain":0,"max_hp_loss":0,"event_name":"Dead Adventurer","floor":11,"gold_loss":0},{"damage_healed":0,"gold_gain":0,"player_choice":"Bet on Murderer","damage_taken":0,"max_hp_gain":0,"max_hp_loss":0,"event_name":"The Joust","floor":19,"gold_loss":50}],"is_beta":true,"boss_relics":[{"not_picked":["Coffee Dripper","Fusion Hammer"],"picked":"Nuclear Battery"}],"items_purged_floors":[5,8],"is_endless":false,"potions_floor_spawned":[7,10,13,14,16,21],"killed_by":"Gremlin Leader","ascension_level":1}