{"gold_per_floor":[119,39,53,3,3,3,32,32,32,45,45,58,88,107,107,209,209,225,239,63,63,63,63,97,97,97,128,140,165,165],"floor_reached":30,"playtime":1872,"items_purged":["Strike_P"],"score":386,"play_id":"27ae93bd-b472-4423-8e1d-45bdae4f8727","local_time":"20190927140123","is_ascension_mode":true,"campfire_choices":[{"data":"Devotion","floor":6.0,"key":"SMITH"},{"data":"Prostrate","floor":8.0,"key":"SMITH"},{"data":"Eruption","floor":15.0,"key":"SMITH"},{"data":"Establishment","floor":23,"key":"SMITH"},{"data":"MentalFortress","floor":25,"key":"SMITH"}],"neow_cost":"NONE","seed_source_timestamp":2059544614200,"circlet_count":0,"master_deck":["Defend_P","Defend_P","Defend_P","Eruption+1","Vigilance","CutThroughFate","Devotion+1","Prostrate+1","FearNoEvil","Protect","Protect","MentalFortress+1","BattleHymn+1","InnerPeace+1","Establishment+1","Consecrate","Shame","Vault","PathToVictory","FlurryOfBlows"],"special_seed":0,"relics":["PureWater","NeowsBlessing","The Courier","Sundial","Pantograph","VioletLotus","Frozen Eye","Pear","Lizard Tail","Dead Branch","Question Card","Blood Vial"],"potions_floor_usage":[24,24,27,30],"damage_taken":[{"damage":0.0,"enemies":"Jaw Worm","floor":1.0,"turns":1.0},{"damage":0.0,"enemies":"2 Louse","floor":3.0,"turns":1.0},{"damage":0.0,"enemies":"Lagavulin","floor":7.0,"turns":2.0},{"damage":0.0,"enemies":"Small Slimes","floor":10.0,"turns":3.0},{"damage":0.0,"enemies":"Gremlin Gang","floor":12.0,"turns":3.0},{"damage":7.0,"enemies":"3 Sentries","floor":13.0,"turns":7.0},{"damage":0.0,"enemies":"2 Fungi Beasts","floor":14.0,"turns":4.0},{"damage":7.0,"enemies":"Hexaghost","floor":16.0,"turns":8.0},{"damage":9,"enemies":"Shell Parasite","floor":18,"turns":6},{"damage":14,"enemies":"2 Thieves","floor":19,"turns":3},{"damage":28,"enemies":"Slavers","floor":24,"turns":5},{"damage":28,"enemies":"Book of Stabbing","floor":27,"turns":3},{"damage":39,"enemies":"Centurion and Healer","floor":28,"turns":7},{"damage":16,"enemies":"Snake Plant","floor":30,"turns":3}],"seed_played":"8199967738022542981","potions_obtained":[{"floor":1.0,"key":"BottledMiracle"},{"floor":3.0,"key":"Weak Potion"},{"floor":10.0,"key":"Block Potion"},{"floor":16.0,"key":"StancePotion"},{"floor":19,"key":"AttackPotion"},{"floor":24,"key":"BottledMiracle"},{"floor":28,"key":"SkillPotion"}],"is_trial":false,"path_per_floor":["M","$","M","?","?","R","E","R","T","M","?","M","E","M","R","B",null,"M","M","$","?","?","R","E","R","T","E","M","T","M"],"character_chosen":"WATCHER","items_purchased":["Devotion","Frozen Eye"],"campfire_rested":0,"item_purchase_floors":[2,20],"current_hp_per_floor":[72,72,72,72,77,77,77,77,77,77,77,77,70,70,70,70,77,68,54,54,54,64,64,36,36,36,8,14,14,0],"gold":165,"neow_bonus":"THREE_ENEMY_KILL","is_prod":false,"is_daily":false,"chose_seed":false,"campfire_upgraded":5,"win_rate":0,"timestamp":1569618083,"path_taken":["M","$","M","?","?","R","E","R","T","M","?","M","E","M","R","BOSS","M","?","$","?","?","R","E","R","T","E","?","?","M"],"build_version":"2019-09-27","purchased_purges":1,"victory":false,"max_hp_per_floor":[72,72,72,72,77,77,77,77,77,77,77,77,77,77,77,77,77,77,77,77,77,87,87,87,87,87,87,87,87,87],"card_choices":[{"not_picked":["InnerPeace","SpiritShield"],"picked":"CutThroughFate","floor":1.0},{"not_picked":["Halt","EmptyBody"],"picked":"Prostrate","floor":3.0},{"not_picked":["Sanctity","Wireheading"],"picked":"FearNoEvil","floor":7.0},{"not_picked":["Tantrum","Consecrate"],"picked":"Protect","floor":10.0},{"not_picked":["WaveOfTheHand","Conclude","Indignation"],"picked":"SKIP","floor":12.0},{"not_picked":["WheelKick","DeceiveReality"],"picked":"Protect","floor":13.0},{"not_picked":["SashWhip","TalkToTheHand"],"picked":"MentalFortress","floor":14.0},{"not_picked":["FlyingSleeves","EmptyBody+1"],"picked":"BattleHymn+1","floor":18},{"not_picked":["BowlingBash","CutThroughFate"],"picked":"InnerPeace+1","floor":19},{"not_picked":["WheelKick+1","Weave"],"picked":"Vault","floor":24},{"not_picked":["Indignation","Crescendo"],"picked":"PathToVictory","floor":27},{"not_picked":["Swivel+1","Halt+1","JustLucky"],"picked":"FlurryOfBlows","floor":28}],"player_experience":774737,"relics_obtained":[{"floor":7.0,"key":"The Courier"},{"floor":9.0,"key":"Sundial"},{"floor":13.0,"key":"Pantograph"},{"floor":24,"key":"Lizard Tail"},{"floor":26,"key":"Dead Branch"},{"floor":27,"key":"Question Card"},{"floor":29,"key":"Blood Vial"}],"event_choices":[{"cards_removed":["Strike_P"],"damage_healed":0.0,"max_hp_gain":0.0,"max_hp_loss":0.0,"gold_gain":0.0,"event_name":"The Cleric","player_choice":"Card Removal","floor":4.0,"gold_loss":50.0,"damage_taken":0.0},{"damage_healed":0.0,"max_hp_gain":5.0,"max_hp_loss":0.0,"gold_gain":0.0,"event_name":"Big Fish","player_choice":"Donut","floor":5.0,"gold_loss":0.0,"damage_taken":0.0},{"cards_removed":["Defend_P"],"damage_healed":0.0,"max_hp_gain":0.0,"max_hp_loss":0.0,"gold_gain":0.0,"event_name":"Purifier","player_choice":"Purged","floor":11.0,"gold_loss":0.0,"damage_taken":0.0},{"damage_healed":0,"gold_gain":0,"cards_transformed":["Strike_P","Strike_P"],"player_choice":"Became Test Subject","damage_taken":0,"max_hp_gain":0,"max_hp_loss":0,"event_name":"Drug Dealer","floor":21,"gold_loss":0,"cards_obtained":["Establishment","Consecrate"]},{"damage_healed":0,"gold_gain":0,"player_choice":"Stole Relic","damage_taken":0,"relics_obtained":["Pear"],"max_hp_gain":0,"max_hp_loss":0,"event_name":"Addict","floor":22,"gold_loss":0,"cards_obtained":["Shame"]}],"is_beta":true,"boss_relics":[{"not_picked":["HolyWater","Fusion Hammer"],"picked":"VioletLotus"}],"items_purged_floors":[20],"is_endless":false,"potions_floor_spawned":[1,3,10,16,19,24,28],"killed_by":"Snake Plant","ascension_level":4}