{"gold_per_floor":[113,188,188,188,188,188,520,520,520,534,169,169,198,216,216,295,295,313,313,139,159,176,215,215,215,215,215,240,240,252,281,281,365,365,377,61,78,93,93,93,123,123,123,123,143,160,194,65,65,65],"floor_reached":51,"playtime":5039,"items_purged":["Strike_G","Strike_G","Strike_G"],"score":1557,"play_id":"b610904f-b654-4c89-b2ce-03defd67bb9b","local_time":"20190924234956","is_ascension_mode":true,"campfire_choices":[{"data":"Neutralize","floor":6,"key":"SMITH"},{"data":"Survivor","floor":8,"key":"SMITH"},{"data":"Dagger Spray","floor":12,"key":"SMITH"},{"data":"Deadly Poison","floor":15,"key":"SMITH"},{"data":"Footwork","floor":24,"key":"SMITH"},{"data":"Well Laid Plans","floor":27,"key":"SMITH"},{"data":"Catalyst","floor":29,"key":"SMITH"},{"data":"Malaise","floor":32,"key":"SMITH"},{"data":"Night Terror","floor":40,"key":"SMITH"},{"data":"Backflip","floor":44,"key":"SMITH"},{"data":"Catalyst","floor":49,"key":"SMITH"}],"neow_cost":"NONE","seed_source_timestamp":263388730122299,"circlet_count":0,"master_deck":["AscendersBane","Strike_G","Strike_G","Defend_G","Defend_G","Defend_G","Defend_G","Defend_G","Survivor+1","Neutralize+1","Sucker Punch+1","PiercingWail","Dagger Spray+1","Well Laid Plans+1","Blur","Deadly Poison+1","Malaise+1","Backflip+1","Footwork+1","PiercingWail","Catalyst+1","Backflip","Deadly Poison+1","Night Terror+1","Prepared+1","Acrobatics+1","Dagger Throw+1","Prepared","Catalyst+1"],"relics":["Ring of the Snake","NeowsBlessing","Old Coin","Singing Bowl","Frozen Eye","White Beast Statue","Cursed Key","CeramicFish","Bronze Scales","HoveringKite","Happy Flower","Juzu Bracelet","Boot"],"potions_floor_usage":[13,16,22,23,31,33,50,50],"damage_taken":[{"damage":0,"enemies":"Small Slimes","floor":1,"turns":1},{"damage":0,"enemies":"3 Sentries","floor":7,"turns":1},{"damage":0,"enemies":"Jaw Worm","floor":10,"turns":1},{"damage":24,"enemies":"Gremlin Nob","floor":13,"turns":5},{"damage":0,"enemies":"Cultist","floor":14,"turns":4},{"damage":4,"enemies":"Hexaghost","floor":16,"turns":10},{"damage":2,"enemies":"Chosen","floor":18,"turns":8},{"damage":0,"enemies":"3 Byrds","floor":21,"turns":6},{"damage":13,"enemies":"Snecko","floor":22,"turns":7},{"damage":3,"enemies":"Book of Stabbing","floor":23,"turns":9},{"damage":0,"enemies":"Snake Plant","floor":28,"turns":7},{"damage":0,"enemies":"Cultist and Chosen","floor":30,"turns":9},{"damage":0,"enemies":"Slavers","floor":31,"turns":12},{"damage":0,"enemies":"Champ","floor":33,"turns":13},{"damage":0,"enemies":"Orb Walker","floor":35,"turns":3},{"damage":1,"enemies":"3 Shapes","floor":37,"turns":8},{"damage":9,"enemies":"Transient","floor":38,"turns":5},{"damage":9,"enemies":"Nemesis","floor":41,"turns":7},{"damage":0,"enemies":"Writhing Mass","floor":45,"turns":4},{"damage":0,"enemies":"3 Darklings","floor":46,"turns":6},{"damage":0,"enemies":"Giant Head","floor":47,"turns":3},{"damage":36,"enemies":"Donu and Deca","floor":50,"turns":13}],"seed_played":"598710054586504229","potions_obtained":[{"floor":7,"key":"PowerPotion"},{"floor":13,"key":"DuplicationPotion"},{"floor":16,"key":"Dexterity Potion"},{"floor":18,"key":"PowerPotion"},{"floor":22,"key":"Block Potion"},{"floor":23,"key":"Weak Potion"},{"floor":25,"key":"PowerPotion"},{"floor":31,"key":"Strength Potion"},{"floor":33,"key":"PowerPotion"},{"floor":38,"key":"Dexterity Potion"}],"is_trial":false,"path_per_floor":["M","?","?","$","?","R","E","R","T","M","$","R","E","M","R","B",null,"M","?","$","M","M","E","R","?","T","R","M","R","M","E","R","B",null,"M","$","M","M","$","R","E","?","T","R","M","M","E","$","R","B",null],"character_chosen":"THE_SILENT","items_purchased":["Well Laid Plans","Frozen Eye","Poison Potion","Footwork","Prepared","Happy Flower","Prepared","Catalyst"],"campfire_rested":0,"item_purchase_floors":[11,11,11,20,36,36,48,48],"current_hp_per_floor":[59,48,48,48,53,53,53,53,53,53,53,53,29,29,29,25,60,58,51,51,51,38,35,35,35,35,35,35,35,37,39,39,39,66,68,68,67,60,60,60,53,53,53,53,55,57,57,57,57,21],"gold":65,"neow_bonus":"THREE_ENEMY_KILL","is_prod":false,"is_daily":false,"chose_seed":false,"campfire_upgraded":11,"win_rate":0,"timestamp":1569336596,"path_taken":["M","?","?","$","?","R","E","R","T","M","$","R","E","M","R","BOSS","M","?","$","?","?","E","R","?","T","R","M","R","M","E","R","BOSS","M","$","M","M","?","R","E","?","T","R","M","M","E","$","R","BOSS"],"build_version":"2019-09-23","purchased_purges":3,"victory":true,"max_hp_per_floor":[66,66,66,66,71,71,71,71,71,71,71,71,71,71,71,71,71,71,71,71,71,71,71,71,71,71,71,71,71,73,75,75,75,75,77,77,77,79,79,79,81,81,81,81,83,85,85,85,85,85],"card_choices":[{"not_picked":["Eviscerate","Flechettes"],"picked":"Sucker Punch","floor":1},{"not_picked":["Eviscerate","Flying Knee"],"picked":"PiercingWail","floor":7},{"not_picked":["Poisoned Stab","Leg Sweep"],"picked":"Dagger Spray","floor":10},{"not_picked":["Masterful Stab","PiercingWail"],"picked":"Blur","floor":13},{"not_picked":["Bane","PiercingWail"],"picked":"Deadly Poison","floor":14},{"not_picked":["A Thousand Cuts","Die Die Die"],"picked":"Malaise","floor":16},{"not_picked":["Dagger Spray+1","Deadly Poison"],"picked":"Backflip","floor":18},{"not_picked":["Escape Plan","Sucker Punch"],"picked":"PiercingWail","floor":21},{"not_picked":["Deadly Poison","Sucker Punch+1"],"picked":"Catalyst","floor":22},{"not_picked":["Bane","Underhanded Strike"],"picked":"Backflip","floor":23},{"not_picked":["Slice","Dagger Spray+1"],"picked":"Deadly Poison+1","floor":28},{"not_picked":["Storm of Steel","Underhanded Strike","Deadly Poison"],"picked":"Singing Bowl","floor":30},{"not_picked":["Skewer","Blade Dance","Reflex"],"picked":"Singing Bowl","floor":31},{"not_picked":["Burst","Venomology"],"picked":"Night Terror","floor":33},{"not_picked":["Cloak And Dagger+1","Deflect+1","Choke+1"],"picked":"Singing Bowl","floor":35},{"not_picked":["Skewer","Outmaneuver"],"picked":"Acrobatics+1","floor":37},{"not_picked":["Backstab","Poisoned Stab","Blade Dance+1"],"picked":"Singing Bowl","floor":38},{"not_picked":["Cloak And Dagger+1","Deadly Poison","Concentrate+1"],"picked":"Singing Bowl","floor":41},{"not_picked":["Riddle With Holes","Cloak And Dagger","Concentrate"],"picked":"Singing Bowl","floor":45},{"not_picked":["Doppelganger","Poisoned Stab","Flying Knee"],"picked":"Singing Bowl","floor":46},{"not_picked":["Deflect","Reflex"],"picked":"Dagger Throw+1","floor":47}],"player_experience":853035,"relics_obtained":[{"floor":7,"key":"Old Coin"},{"floor":9,"key":"Singing Bowl"},{"floor":13,"key":"White Beast Statue"},{"floor":23,"key":"CeramicFish"},{"floor":31,"key":"Bronze Scales"},{"floor":41,"key":"Juzu Bracelet"},{"floor":47,"key":"Boot"}],"event_choices":[{"damage_healed":0,"gold_gain":75,"player_choice":"Gather Gold","damage_taken":11,"max_hp_gain":0,"max_hp_loss":0,"event_name":"World of Goop","floor":2,"gold_loss":0},{"damage_healed":0,"gold_gain":0,"player_choice":"Grow","damage_taken":0,"max_hp_gain":0,"max_hp_loss":0,"event_name":"Living Wall","floor":3,"gold_loss":0,"cards_upgraded":["Sucker Punch"]},{"damage_healed":0,"gold_gain":0,"player_choice":"Donut","damage_taken":0,"max_hp_gain":5,"max_hp_loss":0,"event_name":"Big Fish","floor":5,"gold_loss":0},{"damage_healed":0,"gold_gain":0,"player_choice":"","damage_taken":7,"max_hp_gain":0,"max_hp_loss":0,"event_name":"Knowing Skull","floor":19,"potions_obtained":[],"gold_loss":0,"cards_obtained":[]},{"damage_healed":0,"gold_gain":0,"player_choice":"Got Potions","damage_taken":0,"max_hp_gain":0,"max_hp_loss":0,"event_name":"Lab","floor":25,"gold_loss":0},{"damage_healed":0,"gold_gain":0,"player_choice":"Upgraded","damage_taken":0,"max_hp_gain":0,"max_hp_loss":0,"event_name":"Upgrade Shrine","floor":42,"gold_loss":0,"cards_upgraded":["Prepared"]}],"is_beta":true,"boss_relics":[{"not_picked":["Runic Pyramid","Sozu"],"picked":"Cursed Key"},{"not_picked":["Coffee Dripper","Ring of the Serpent"],"picked":"HoveringKite"}],"items_purged_floors":[11,20,36],"is_endless":false,"potions_floor_spawned":[7,13,14,16,18,21,22,23,28,30,31,33,35,37,38,41,45,46,47],"ascension_level":16}