{"gold_per_floor":[112,112,112,133,149,149,192,192,192,157,182,220,220,234,234,328,328,341,341,341,365,383,383,424,443,513,513,556,52,52,70,70,164,164,189,314,329,329,329,329,329,369,393,409,409,409,409],"floor_reached":47,"playtime":4123,"items_purged":[],"score":1102,"play_id":"230457ed-f42c-4cb8-969a-213bb9eb98dc","local_time":"20190922021359","is_ascension_mode":true,"campfire_choices":[{"data":"Carnage","floor":6,"key":"SMITH"},{"data":"Shockwave","floor":8,"key":"SMITH"},{"data":"Bash","floor":13,"key":"SMITH"},{"data":"Battle Trance","floor":15,"key":"SMITH"},{"data":"Combust","floor":23,"key":"SMITH"},{"floor":27,"key":"REST"},{"data":"Impervious","floor":30,"key":"SMITH"},{"data":"Spot Weakness","floor":32,"key":"SMITH"},{"data":"Disarm","floor":40,"key":"SMITH"},{"data":"Feel No Pain","floor":41,"key":"SMITH"},{"data":"Exhume","floor":45,"key":"SMITH"}],"neow_cost":"NONE","seed_source_timestamp":13755868319300,"circlet_count":0,"master_deck":["AscendersBane","Strike_R+1","Strike_R+1","Strike_R+1","Strike_R+1","Defend_R+1","Defend_R+1","Defend_R+1","Defend_R+1","Bash+1","Carnage+1","Shrug It Off","Disarm+1","Shockwave+1","Battle Trance+1","Cleave","Exhume+1","Impervious+1","Combust+1","Exhume","Whirlwind+1","Uppercut+1","Spot Weakness+1","Feed+1","Feel No Pain+1","Rupture","Twin Strike+1"],"relics":["Burning Blood","Golden Idol","WingedGreaves","Singing Bowl","StoneCalendar","Strawberry","Velvet Choker","Eternal Feather","Molten Egg 2","Orichalcum","Gambling Chip","Coffee Dripper","Ginger","Nunchaku"],"potions_floor_usage":[7,16,28,33,33,47],"damage_taken":[{"damage":2,"enemies":"Cultist","floor":1,"turns":4},{"damage":0,"enemies":"Small Slimes","floor":4,"turns":3},{"damage":1,"enemies":"2 Louse","floor":5,"turns":3},{"damage":21,"enemies":"Lagavulin","floor":7,"turns":6},{"damage":5,"enemies":"Blue Slaver","floor":11,"turns":3},{"damage":17,"enemies":"3 Sentries","floor":12,"turns":7},{"damage":9,"enemies":"Looter","floor":14,"turns":3},{"damage":54,"enemies":"Slime Boss","floor":16,"turns":7},{"damage":4,"enemies":"Chosen","floor":18,"turns":5},{"damage":21,"enemies":"Spheric Guardian","floor":21,"turns":6},{"damage":18,"enemies":"3 Cultists","floor":22,"turns":5},{"damage":11,"enemies":"Book of Stabbing","floor":24,"turns":7},{"damage":33,"enemies":"Shelled Parasite and Fungi","floor":25,"turns":5},{"damage":3,"enemies":"Gremlin Leader","floor":28,"turns":4},{"damage":22,"enemies":"Sentry and Sphere","floor":31,"turns":5},{"damage":26,"enemies":"Automaton","floor":33,"turns":7},{"damage":9,"enemies":"3 Shapes","floor":35,"turns":6},{"damage":0,"enemies":"Mind Bloom Boss Battle","floor":36,"turns":8},{"damage":7,"enemies":"Orb Walker","floor":37,"turns":3},{"damage":44,"enemies":"Giant Head","floor":42,"turns":8},{"damage":30,"enemies":"3 Darklings","floor":44,"turns":4},{"damage":70,"enemies":"Reptomancer","floor":47,"turns":3}],"seed_played":"4506214171235690291","potions_obtained":[{"floor":1,"key":"Weak Potion"},{"floor":11,"key":"GamblersBrew"},{"floor":16,"key":"PowerPotion"},{"floor":18,"key":"Explosive Potion"},{"floor":28,"key":"PowerPotion"},{"floor":36,"key":"Ancient Potion"},{"floor":42,"key":"Dexterity Potion"}],"is_trial":false,"path_per_floor":["M","?","?","M","M","R","E","R","T","?","M","E","R","M","R","B",null,"M","?","?","M","M","R","E","M","T","R","E","$","R","M","R","B",null,"M","?","M","?","?","R","R","E","T","M","R","?","E"],"character_chosen":"IRONCLAD","items_purchased":["Uppercut+1","Spot Weakness","Gambling Chip"],"campfire_rested":1,"item_purchase_floors":[29,29,29],"current_hp_per_floor":[79,51,46,52,57,57,42,42,42,62,63,59,59,56,56,8,69,73,73,64,49,39,39,34,9,9,49,52,52,64,50,62,42,83,84,90,93,93,89,104,111,75,75,53,68,68,0],"gold":409,"neow_bonus":"TEN_PERCENT_HP_BONUS","is_prod":false,"is_daily":false,"chose_seed":false,"campfire_upgraded":10,"win_rate":0,"timestamp":1569086039,"path_taken":["M","?","?","M","M","R","E","R","T","?","M","E","R","M","R","BOSS","M","?","?","M","M","R","E","?","T","R","E","$","R","M","R","BOSS","M","?","M","?","?","R","R","E","T","M","R","?","E"],"build_version":"2019-09-20","purchased_purges":0,"victory":false,"max_hp_per_floor":[82,82,82,82,82,82,82,82,82,82,82,89,89,89,89,89,89,91,91,91,91,93,93,93,95,95,95,95,95,95,97,97,97,97,101,101,105,105,111,111,111,113,113,115,115,115,115],"card_choices":[{"not_picked":["True Grit","Armaments"],"picked":"Carnage","floor":1},{"not_picked":["Sentinel","Spot Weakness"],"picked":"Shrug It Off","floor":4},{"not_picked":["Shrug It Off","Pummel"],"picked":"Disarm","floor":5},{"not_picked":["Clash","Thunderclap"],"picked":"Shockwave","floor":7},{"not_picked":["Second Wind","Thunderclap"],"picked":"Battle Trance","floor":11},{"not_picked":["Clothesline","Metallicize"],"picked":"Cleave","floor":12},{"not_picked":["Flex","Clash"],"picked":"Exhume","floor":14},{"not_picked":["Fiend Fire","Bludgeon"],"picked":"Impervious","floor":16},{"not_picked":["Shockwave","Wild Strike","Second Wind"],"picked":"Singing Bowl","floor":18},{"not_picked":["Heavy Blade","Metallicize+1"],"picked":"Combust","floor":21},{"not_picked":["Shrug It Off","Carnage","Searing Blow"],"picked":"Singing Bowl","floor":22},{"not_picked":["Twin Strike","Shrug It Off"],"picked":"Exhume","floor":24},{"not_picked":["Sword Boomerang","Thunderclap","Perfected Strike"],"picked":"Singing Bowl","floor":25},{"not_picked":["Burning Pact","Warcry"],"picked":"Whirlwind+1","floor":28},{"not_picked":["Thunderclap+1","Perfected Strike+1","Body Slam+1"],"picked":"Singing Bowl","floor":31},{"not_picked":["Barricade","Offering"],"picked":"Feed+1","floor":33},{"not_picked":["Perfected Strike+1","Cleave+1"],"picked":"Feel No Pain","floor":35},{"not_picked":["Hemokinesis+1","Flex"],"picked":"Rupture","floor":36},{"not_picked":["Second Wind","Havoc+1"],"picked":"Twin Strike+1","floor":37},{"not_picked":["Dramatic Entrance+1","The Bomb","Swift Strike+1"],"picked":"Singing Bowl","floor":39},{"not_picked":["Violence","Secret Weapon","PanicButton"],"picked":"Singing Bowl","floor":39},{"not_picked":["Sadistic Nature","PanicButton","Thinking Ahead"],"picked":"Singing Bowl","floor":39},{"not_picked":["Thunderclap+1","Clothesline+1","Uppercut+1"],"picked":"Singing Bowl","floor":42},{"not_picked":["Body Slam+1","Shrug It Off","Uppercut+1"],"picked":"Singing Bowl","floor":44}],"player_experience":816586,"relics_obtained":[{"floor":7,"key":"Singing Bowl"},{"floor":9,"key":"StoneCalendar"},{"floor":12,"key":"Strawberry"},{"floor":24,"key":"Eternal Feather"},{"floor":26,"key":"Molten Egg 2"},{"floor":28,"key":"Orichalcum"},{"floor":36,"key":"Ginger"},{"floor":42,"key":"Nunchaku"}],"event_choices":[{"damage_healed":0,"gold_gain":0,"player_choice":"Take Damage","damage_taken":28,"relics_obtained":["Golden Idol"],"max_hp_gain":0,"max_hp_loss":0,"event_name":"Golden Idol","floor":2,"gold_loss":0},{"damage_healed":0,"gold_gain":0,"player_choice":"Success","damage_taken":5,"relics_obtained":["WingedGreaves"],"max_hp_gain":0,"max_hp_loss":0,"event_name":"Scrap Ooze","floor":3,"gold_loss":0},{"damage_healed":20,"gold_gain":0,"player_choice":"Healed","damage_taken":0,"max_hp_gain":0,"max_hp_loss":0,"event_name":"The Cleric","floor":10,"gold_loss":35},{"damage_healed":0,"gold_gain":0,"player_choice":"Simplicity","damage_taken":0,"max_hp_gain":0,"max_hp_loss":0,"event_name":"Back to Basics","floor":19,"gold_loss":0,"cards_upgraded":["Strike_R","Strike_R","Strike_R","Strike_R","Strike_R","Defend_R","Defend_R","Defend_R","Defend_R"]},{"damage_healed":0,"gold_gain":0,"player_choice":"","damage_taken":9,"max_hp_gain":0,"max_hp_loss":0,"event_name":"Knowing Skull","floor":20,"potions_obtained":[],"gold_loss":0,"cards_obtained":[]},{"damage_healed":0,"gold_gain":0,"player_choice":"Fight","damage_taken":0,"max_hp_gain":0,"max_hp_loss":0,"event_name":"MindBloom","floor":36,"gold_loss":0},{"cards_removed":["Strike_R"],"damage_healed":0,"gold_gain":0,"player_choice":"Removed Attack","damage_taken":0,"max_hp_gain":0,"max_hp_loss":0,"event_name":"Falling","floor":38,"gold_loss":0},{"damage_healed":0,"gold_gain":0,"player_choice":"Memory 3","damage_taken":10,"max_hp_gain":0,"max_hp_loss":0,"event_name":"SensoryStone","floor":39,"gold_loss":0},{"damage_healed":0,"gold_gain":0,"player_choice":"Ignored","damage_taken":0,"max_hp_gain":0,"max_hp_loss":0,"event_name":"Tomb of Lord Red Mask","floor":46,"gold_loss":0}],"is_beta":true,"boss_relics":[{"not_picked":["Pandora\u0027s Box","Mark of Pain"],"picked":"Velvet Choker"},{"not_picked":["Runic Cube","Philosopher\u0027s Stone"],"picked":"Coffee Dripper"}],"items_purged_floors":[],"is_endless":false,"potions_floor_spawned":[1,11,16,18,22,24,28,36,42],"killed_by":"Reptomancer","ascension_level":20}