{"gold_per_floor":[114,114,129,144,159,159,189,189,214,214,229,244,259,289,289,389,389,404,419,434,449,464,464,39,39,89,119,154,184,199,199,199,299,299,314,314,349,364,379,409,409,424,474,489,489,504,519,519,519,519],"floor_reached":50,"playtime":3752,"items_purged":["Strike_R"],"score":559,"play_id":"ab1950a4-ec57-43cc-aef3-1a2f9556afb5","local_time":"20190618153016","daily_mods":["Allstar","Blue Cards","Lethality"],"is_ascension_mode":false,"campfire_choices":[{"data":"Apotheosis","floor":6.0,"key":"SMITH"},{"floor":10.0,"key":"REST"},{"data":"Whirlwind","floor":15.0,"key":"SMITH"},{"data":"Reaper","floor":23.0,"key":"SMITH"},{"data":"Mayhem","floor":25.0,"key":"SMITH"},{"floor":32.0,"key":"REST"},{"data":"White Noise","floor":41,"key":"SMITH"},{"data":"Reaper","floor":45,"key":"SMITH"},{"data":"Conserve Battery","floor":49,"key":"SMITH"}],"neow_cost":"","seed_source_timestamp":0,"circlet_count":0,"master_deck":["Strike_R","Strike_R","Strike_R","Defend_R+1","Defend_R+1","Defend_R","Defend_R","Bash","PanicButton","Forethought","Apotheosis+1","Thinking Ahead","Mayhem+1","Conserve Battery+1","Reprogram","Skim","Seeing Red","Feed","Whirlwind+1","Shrug It Off","Reaper+1","Rampage+1","White Noise+1","Cleave+1","White Noise+1","Reaper+1","Deep Breath+1","Melter","Go for the Eyes+1","Combust+1"],"special_seed":18065,"relics":["Black Blood","Anchor","Oddly Smooth Stone","Question Card","Busted Crown","Lantern","Toolbox","Blood Vial","Ancient Tea Set","Toxic Egg 2","Gremlin Horn","War Paint","Bag of Marbles"],"potions_floor_usage":[38,50],"damage_taken":[{"damage":5.0,"enemies":"Cultist","floor":1.0,"turns":4.0},{"damage":8.0,"enemies":"2 Louse","floor":3.0,"turns":3.0},{"damage":20.0,"enemies":"Jaw Worm","floor":4.0,"turns":4.0},{"damage":18.0,"enemies":"Looter","floor":5.0,"turns":3.0},{"damage":18.0,"enemies":"3 Sentries","floor":7.0,"turns":8.0},{"damage":9.0,"enemies":"Exordium Wildlife","floor":11.0,"turns":3.0},{"damage":0.0,"enemies":"Large Slime","floor":12.0,"turns":6.0},{"damage":0.0,"enemies":"3 Louse","floor":13.0,"turns":2.0},{"damage":0.0,"enemies":"Gremlin Nob","floor":14.0,"turns":2.0},{"damage":48.0,"enemies":"Hexaghost","floor":16.0,"turns":12.0},{"damage":6.0,"enemies":"Chosen","floor":18.0,"turns":4.0},{"damage":1.0,"enemies":"Shell Parasite","floor":19.0,"turns":4.0},{"damage":20.0,"enemies":"Sentry and Sphere","floor":20.0,"turns":5.0},{"damage":11.0,"enemies":"Snake Plant","floor":21.0,"turns":4.0},{"damage":21.0,"enemies":"Snecko","floor":22.0,"turns":4.0},{"damage":16.0,"enemies":"Slavers","floor":27.0,"turns":3.0},{"damage":40.0,"enemies":"Shelled Parasite and Fungi","floor":28.0,"turns":6.0},{"damage":27.0,"enemies":"Book of Stabbing","floor":29.0,"turns":4.0},{"damage":14.0,"enemies":"Sentry and Sphere","floor":30.0,"turns":5.0},{"damage":69.0,"enemies":"Collector","floor":33.0,"turns":8.0},{"damage":10.0,"enemies":"Orb Walker","floor":35.0,"turns":4.0},{"damage":2.0,"enemies":"3 Shapes","floor":37.0,"turns":3.0},{"damage":10,"enemies":"Maw","floor":38,"turns":7},{"damage":0,"enemies":"Jaw Worm Horde","floor":39,"turns":2},{"damage":22,"enemies":"Nemesis","floor":40,"turns":7},{"damage":2,"enemies":"Sphere and 2 Shapes","floor":42,"turns":3},{"damage":16,"enemies":"Maw","floor":44,"turns":6},{"damage":1,"enemies":"3 Darklings","floor":46,"turns":2},{"damage":30,"enemies":"Spire Growth","floor":47,"turns":3},{"damage":132,"enemies":"Time Eater","floor":50,"turns":9}],"seed_played":"-5358867478897868578","potions_obtained":[{"floor":1.0,"key":"Swift Potion"},{"floor":3.0,"key":"GamblersBrew"},{"floor":7.0,"key":"Energy Potion"},{"floor":12.0,"key":"Dexterity Potion"},{"floor":16.0,"key":"Weak Potion"},{"floor":18.0,"key":"SkillPotion"},{"floor":19.0,"key":"Energy Potion"},{"floor":22.0,"key":"Fire Potion"},{"floor":29.0,"key":"LiquidBronze"},{"floor":37,"key":"Weak Potion"},{"floor":39,"key":"FairyPotion"},{"floor":42,"key":"EssenceOfSteel"}],"is_trial":false,"path_per_floor":["M","?","M","M","M","R","E","?","T","R","M","M","M","E","R","B",null,"M","M","M","M","M","R","$","R","T","E","M","E","M","T","R","B",null,"M","?","M","M","M","E","R","M","T","M","R","M","M","?","R","B"],"character_chosen":"IRONCLAD","items_purchased":["Lantern","Toolbox"],"campfire_rested":2,"item_purchase_floors":[24,24],"current_hp_per_floor":[80,80,78,64,52,52,40,40,40,64,64,74,80,86,86,44,87,87,87,73,75,60,60,60,60,60,84,63,52,46,46,73,27,90,94,94,94,94,94,94,94,94,94,94,94,94,89,89,89,0],"gold":519,"neow_bonus":"","is_prod":false,"is_daily":true,"chose_seed":false,"campfire_upgraded":7,"win_rate":0,"timestamp":1560886216,"path_taken":["M","?","M","M","M","R","E","?","T","R","?","M","M","E","R","BOSS","M","M","M","M","M","R","$","R","T","E","M","E","M","?","R","BOSS","M","?","M","M","M","E","R","M","T","M","R","M","M","?","R","BOSS"],"build_version":"2019-01-23","purchased_purges":1,"victory":false,"max_hp_per_floor":[80,80,80,80,80,80,80,80,80,80,83,87,87,87,87,87,87,87,87,87,87,87,87,87,87,87,87,90,90,90,90,90,90,90,94,94,94,94,94,94,94,94,94,94,94,94,94,89,89,89],"card_choices":[{"not_picked":["Twin Strike","Havoc"],"picked":"Conserve Battery","floor":1.0},{"not_picked":["Rampage","BootSequence"],"picked":"Reprogram","floor":3.0},{"not_picked":["Leap","Hologram"],"picked":"Skim","floor":4.0},{"not_picked":["Clash","Thunderclap"],"picked":"Seeing Red","floor":5.0},{"not_picked":["Rupture","Streamline"],"picked":"Feed","floor":7.0},{"not_picked":["Searing Blow","Reckless Charge","Undo"],"picked":"SKIP","floor":11.0},{"not_picked":["Carnage","Steam Power"],"picked":"Whirlwind","floor":12.0},{"not_picked":["Redo","Warcry","Steam"],"picked":"SKIP","floor":13.0},{"not_picked":["Clothesline","Havoc"],"picked":"Shrug It Off","floor":14.0},{"not_picked":["Thunder Strike","Fission","Double Tap"],"picked":"Reaper","floor":16.0},{"not_picked":["Cold Snap"],"picked":"Rampage+1","floor":18.0},{"not_picked":["Beam Cell"],"picked":"White Noise","floor":19.0},{"not_picked":["Beam Cell"],"picked":"Cleave+1","floor":20.0},{"not_picked":["Ghostly Armor","Redo"],"picked":"SKIP","floor":21.0},{"not_picked":["Rainbow","Carnage"],"picked":"SKIP","floor":22.0},{"not_picked":["Streamline+1","Auto Shields"],"picked":"SKIP","floor":27.0},{"not_picked":["Havoc+1","Warcry"],"picked":"SKIP","floor":28.0},{"not_picked":["Dark Embrace","Flame Barrier"],"picked":"SKIP","floor":29.0},{"not_picked":["Pommel Strike"],"picked":"White Noise+1","floor":30.0},{"not_picked":["Bludgeon"],"picked":"Reaper","floor":33.0},{"not_picked":["Sword Boomerang+1","Wild Strike"],"picked":"SKIP","floor":35.0},{"not_picked":["Magnetism"],"picked":"Deep Breath+1","floor":36.0},{"not_picked":["Clothesline","Second Wind+1"],"picked":"SKIP","floor":37},{"not_picked":["Headbutt"],"picked":"Melter","floor":38},{"not_picked":["Streamline","Seeing Red+1"],"picked":"SKIP","floor":39},{"not_picked":["Leap+1"],"picked":"Go for the Eyes+1","floor":40},{"not_picked":["Undo+1","Dropkick"],"picked":"SKIP","floor":42},{"not_picked":["Sword Boomerang+1"],"picked":"Combust+1","floor":44},{"not_picked":["Static Discharge+1","Havoc+1"],"picked":"SKIP","floor":46},{"not_picked":["Sever Soul+1","Blood for Blood"],"picked":"SKIP","floor":47}],"player_experience":136244,"relics_obtained":[{"floor":7.0,"key":"Anchor"},{"floor":9.0,"key":"Oddly Smooth Stone"},{"floor":14.0,"key":"Question Card"},{"floor":26.0,"key":"Blood Vial"},{"floor":27.0,"key":"Ancient Tea Set"},{"floor":29.0,"key":"Toxic Egg 2"},{"floor":31.0,"key":"Gremlin Horn"},{"floor":40,"key":"War Paint"},{"floor":43,"key":"Bag of Marbles"}],"event_choices":[{"damage_healed":0.0,"max_hp_gain":0.0,"max_hp_loss":0.0,"gold_gain":0.0,"event_name":"Golden Wing","player_choice":"Ignored","floor":2.0,"gold_loss":0.0,"damage_taken":0.0},{"cards_removed":["Strike_R"],"damage_healed":0.0,"max_hp_gain":0.0,"max_hp_loss":0.0,"gold_gain":0.0,"event_name":"Purifier","player_choice":"Purged","floor":8.0,"gold_loss":0.0,"damage_taken":0.0},{"damage_healed":0.0,"max_hp_gain":0.0,"max_hp_loss":0.0,"gold_gain":0.0,"event_name":"SensoryStone","player_choice":"Memory 1","floor":36.0,"gold_loss":0.0,"damage_taken":0.0},{"damage_healed":0,"gold_gain":0,"player_choice":"Max HP","damage_taken":0,"max_hp_gain":0,"max_hp_loss":5,"event_name":"Winding Halls","floor":48,"gold_loss":0}],"is_beta":false,"boss_relics":[{"not_picked":["Ectoplasm","Calling Bell"],"picked":"Busted Crown"},{"not_picked":["Philosopher\u0027s Stone","Black Star"],"picked":"Black Blood"}],"items_purged_floors":[24],"is_endless":false,"potions_floor_spawned":[1,3,7,12,16,18,19,22,29,37,39,42],"killed_by":"Time Eater","ascension_level":0}