{"gold_per_floor":[112,124,124,43,59,85,85,110,110,110,110,110,128,13,13,92,92,110,110,110,137,166,178,190],"floor_reached":24,"playtime":1195,"items_purged":["Strike_R"],"score":404,"play_id":"43f23152-2aa0-4012-be12-75e27ed2131a","local_time":"20190929231519","is_ascension_mode":true,"campfire_choices":[{"data":"Bash","floor":7,"key":"SMITH"},{"data":"Inflame","floor":10,"key":"SMITH"},{"data":"Sword Boomerang","floor":12,"key":"SMITH"},{"data":"True Grit","floor":15,"key":"SMITH"},{"floor":23,"key":"REST"}],"neow_cost":"NONE","seed_source_timestamp":192693024218700,"circlet_count":0,"master_deck":["AscendersBane","Strike_R","Strike_R","Strike_R","Strike_R","Defend_R","Defend_R","Defend_R","Defend_R","Bash+1","Flame Barrier","Inflame+1","Sword Boomerang+1","True Grit+1","Metallicize","Immolate","Bludgeon","Metallicize","Double Tap","Disarm","Metallicize"],"relics":["Burning Blood","NeowsBlessing","Gambling Chip","StrikeDummy","Mercury Hourglass","Blue Candle","Fusion Hammer","MawBank"],"potions_floor_usage":[6,8],"damage_taken":[{"damage":0,"enemies":"Small Slimes","floor":1,"turns":1},{"damage":0,"enemies":"Cultist","floor":2,"turns":1},{"damage":0,"enemies":"Jaw Worm","floor":5,"turns":1},{"damage":38,"enemies":"3 Sentries","floor":6,"turns":11},{"damage":28,"enemies":"Lagavulin","floor":8,"turns":6},{"damage":0,"enemies":"Blue Slaver","floor":13,"turns":4},{"damage":18,"enemies":"Hexaghost","floor":16,"turns":9},{"damage":0,"enemies":"Spheric Guardian","floor":18,"turns":3},{"damage":8,"enemies":"Shell Parasite","floor":22,"turns":4},{"damage":84,"enemies":"Slavers","floor":24,"turns":4}],"seed_played":"2962626478507757638","potions_obtained":[{"floor":1,"key":"Block Potion"},{"floor":5,"key":"SteroidPotion"},{"floor":22,"key":"FearPotion"}],"is_trial":false,"path_per_floor":["M","M","?","$","M","E","R","E","T","R","?","R","M","$","R","B",null,"M","?","?","T","M","R","E"],"character_chosen":"IRONCLAD","items_purchased":["Inflame","Metallicize"],"campfire_rested":1,"item_purchase_floors":[4,14],"current_hp_per_floor":[74,75,75,75,75,43,43,21,21,21,21,21,27,27,27,15,60,66,66,66,66,64,75,0],"gold":190,"neow_bonus":"THREE_ENEMY_KILL","is_prod":false,"is_daily":false,"chose_seed":false,"campfire_upgraded":4,"win_rate":0,"timestamp":1569766519,"path_taken":["M","M","?","$","?","E","R","E","T","R","?","R","M","$","R","BOSS","M","?","?","?","M","R","E"],"build_version":"2019-09-27","purchased_purges":1,"victory":false,"max_hp_per_floor":[75,75,75,75,75,75,75,75,75,75,75,75,75,75,75,75,75,75,75,75,75,75,75,75],"card_choices":[{"not_picked":["Fire Breathing","Shrug It Off"],"picked":"Flame Barrier","floor":1},{"not_picked":["Perfected Strike","Cleave"],"picked":"Anger","floor":2},{"not_picked":["Carnage","Havoc"],"picked":"Sword Boomerang","floor":5},{"not_picked":["Clash","Power Through"],"picked":"True Grit","floor":6},{"not_picked":["Burning Pact","True Grit"],"picked":"Metallicize","floor":8},{"not_picked":["Corruption","Armaments"],"picked":"Bludgeon","floor":13},{"not_picked":["Brutality","Juggernaut"],"picked":"Double Tap","floor":16},{"not_picked":["Pommel Strike","Warcry","Havoc"],"picked":"SKIP","floor":18},{"not_picked":["Pommel Strike","Warcry","Havoc"],"picked":"SKIP","floor":18},{"not_picked":["Sever Soul","Combust"],"picked":"Metallicize","floor":22}],"player_experience":882448,"relics_obtained":[{"floor":6,"key":"StrikeDummy"},{"floor":8,"key":"Mercury Hourglass"},{"floor":9,"key":"Blue Candle"},{"floor":21,"key":"MawBank"}],"event_choices":[{"cards_removed":["Anger"],"damage_healed":0,"gold_gain":0,"player_choice":"Gave Card","damage_taken":0,"relics_obtained":["Gambling Chip"],"max_hp_gain":0,"max_hp_loss":0,"event_name":"WeMeetAgain","floor":3,"gold_loss":0},{"damage_healed":0,"gold_gain":0,"player_choice":"1 cards matched","damage_taken":0,"max_hp_gain":0,"max_hp_loss":0,"event_name":"Match and Keep!","floor":11,"gold_loss":0,"cards_obtained":["Immolate"]},{"damage_healed":0,"gold_gain":0,"player_choice":"Read","damage_taken":0,"max_hp_gain":0,"max_hp_loss":0,"event_name":"The Library","floor":19,"gold_loss":0,"cards_obtained":["Disarm"]},{"damage_healed":0,"gold_gain":0,"player_choice":"Ignored","damage_taken":0,"max_hp_gain":0,"max_hp_loss":0,"event_name":"Ghosts","floor":20,"gold_loss":0}],"is_beta":true,"boss_relics":[{"not_picked":["Coffee Dripper","Calling Bell"],"picked":"Fusion Hammer"}],"items_purged_floors":[14],"is_endless":false,"potions_floor_spawned":[1,5,22],"killed_by":"Slavers","ascension_level":20}