{"gold_per_floor":[113,128,140,155,167,167,200,200,200,200,215,242,260,270,270,367,367,382,397,397,397],"floor_reached":21,"playtime":2593,"items_purged":[],"score":318,"play_id":"7c6aba52-da2f-4804-9677-9fc4d9d28408","local_time":"20191001235818","is_ascension_mode":true,"campfire_choices":[{"floor":6.0,"key":"REST"},{"data":"Noxious Fumes","floor":8.0,"key":"SMITH"},{"data":"Neutralize","floor":10.0,"key":"SMITH"},{"floor":15.0,"key":"REST"}],"neow_cost":"NONE","seed_source_timestamp":1990618332342007,"circlet_count":0,"master_deck":["AscendersBane","Strike_G","Strike_G","Strike_G","Strike_G","Defend_G","Defend_G","Defend_G","Defend_G","Defend_G","Survivor","Neutralize+1","Blade Dance","Noxious Fumes+1","PiercingWail","Deadly Poison","Dodge and Roll","Blur","Crippling Poison","Dash","A Thousand Cuts","Blur+1","Backflip"],"special_seed":0,"relics":["Ring of the Snake","Ornamental Fan","Pear","Smiling Mask","Coffee Dripper"],"potions_floor_usage":[],"damage_taken":[{"damage":0.0,"enemies":"Cultist","floor":1.0,"turns":5.0},{"damage":4.0,"enemies":"Jaw Worm","floor":2.0,"turns":4.0},{"damage":2.0,"enemies":"2 Louse","floor":3.0,"turns":3.0},{"damage":10.0,"enemies":"Exordium Thugs","floor":4.0,"turns":6.0},{"damage":17.0,"enemies":"Blue Slaver","floor":5.0,"turns":6.0},{"damage":26.0,"enemies":"Gremlin Nob","floor":7.0,"turns":4.0},{"damage":3.0,"enemies":"Looter","floor":11.0,"turns":4.0},{"damage":16.0,"enemies":"3 Sentries","floor":12.0,"turns":7.0},{"damage":5.0,"enemies":"2 Fungi Beasts","floor":13.0,"turns":6.0},{"damage":3.0,"enemies":"Gremlin Gang","floor":14.0,"turns":7.0},{"damage":41.0,"enemies":"Slime Boss","floor":16.0,"turns":13.0},{"damage":14.0,"enemies":"Shell Parasite","floor":18.0,"turns":7.0},{"damage":35,"enemies":"2 Thieves","floor":19,"turns":5},{"damage":17,"enemies":"Centurion and Healer","floor":21,"turns":2}],"seed_played":"-7328893525157242228","potions_obtained":[{"floor":3.0,"key":"Poison Potion"},{"floor":5.0,"key":"Ancient Potion"},{"floor":7.0,"key":"Energy Potion"},{"floor":11.0,"key":"PowerPotion"}],"is_trial":false,"path_per_floor":["M","M","M","M","M","R","E","R","T","R","M","E","M","M","R","B",null,"M","M","?","M"],"character_chosen":"THE_SILENT","items_purchased":[],"campfire_rested":2,"item_purchase_floors":[],"current_hp_per_floor":[70,66,64,54,37,60,34,34,44,44,41,25,20,17,43,2,66,52,17,17,0],"gold":397,"neow_bonus":"TEN_PERCENT_HP_BONUS","is_prod":false,"is_daily":false,"chose_seed":false,"campfire_upgraded":2,"win_rate":0,"timestamp":1569988698,"path_taken":["M","M","M","M","M","R","E","R","T","R","?","E","M","?","R","BOSS","M","M","?","?"],"build_version":"2019-07-17","purchased_purges":0,"victory":false,"max_hp_per_floor":[77,77,77,77,77,77,77,77,87,87,87,87,87,87,87,87,87,87,87,87,87],"card_choices":[{"not_picked":["Terror","Distraction"],"picked":"Blade Dance","floor":1.0},{"not_picked":["Blade Dance","Choke","Outmaneuver"],"picked":"SKIP","floor":2.0},{"not_picked":["Terror","Deadly Poison"],"picked":"Noxious Fumes","floor":3.0},{"not_picked":["Heel Hook","Bane"],"picked":"PiercingWail","floor":4.0},{"not_picked":["Distraction","Predator"],"picked":"Deadly Poison","floor":5.0},{"not_picked":["Endless Agony","Underhanded Strike"],"picked":"Dodge and Roll","floor":7.0},{"not_picked":["Backstab","Cloak And Dagger"],"picked":"Blur","floor":11.0},{"not_picked":["Catalyst","Deflect"],"picked":"Crippling Poison","floor":12.0},{"not_picked":["Heel Hook","Sucker Punch","Glass Knife"],"picked":"SKIP","floor":13.0},{"not_picked":["Outmaneuver","Quick Slash"],"picked":"Dash","floor":14.0},{"not_picked":["Die Die Die","Tools of the Trade"],"picked":"A Thousand Cuts","floor":16.0},{"not_picked":["Poisoned Stab","Endless Agony"],"picked":"Blur+1","floor":18.0},{"not_picked":["Infinite Blades","Prepared+1"],"picked":"Backflip","floor":19}],"player_experience":599690,"relics_obtained":[{"floor":7.0,"key":"Ornamental Fan"},{"floor":9.0,"key":"Pear"},{"floor":12.0,"key":"Smiling Mask"}],"event_choices":[{"cards_removed":["Strike_G"],"damage_healed":0,"gold_gain":0,"player_choice":"Purged","damage_taken":0,"max_hp_gain":0,"max_hp_loss":0,"event_name":"Purifier","floor":20,"gold_loss":0}],"is_beta":false,"boss_relics":[{"not_picked":["Tiny House","Empty Cage"],"picked":"Coffee Dripper"}],"items_purged_floors":[],"is_endless":false,"potions_floor_spawned":[3,5,7,11],"killed_by":"Centurion and Healer","ascension_level":10}