{"gold_per_floor":[114,114,129,144,159,174,189,219,269,269,269,119,149,179,179,279,279,294,394,409,409,208,238,238,188,188,203,233,248,263,263,263,363,363,378,378,238,253,268,298,325,367,379,427,454,6,21,36,36,36],"floor_reached":51,"playtime":2715,"items_purged":["Normality"],"score":1096,"play_id":"1a86e77b-2699-47d4-82db-b770cfc53fe0","local_time":"20190210013650","daily_mods":["Cursed Run","Blue Cards","DeadlyEvents"],"is_ascension_mode":false,"campfire_choices":[{"data":"Anger","floor":10,"key":"SMITH"},{"data":"Demon Form","floor":15,"key":"SMITH"},{"floor":24,"key":"DIG"},{"data":"Armaments","floor":32,"key":"SMITH"},{"floor":49,"key":"DIG"}],"neow_cost":"","seed_source_timestamp":222121395349490,"circlet_count":0,"master_deck":["Strike_R","Strike_R","Strike_R","Strike_R+1","Strike_R","Defend_R","Defend_R+1","Defend_R","Defend_R+1","Bash","Sword Boomerang","Metallicize","Inflame","Anger+1","Feed+1","Inflame","Clumsy","Demon Form+1","Doubt","Sweeping Beam","Parasite","Heavy Blade","Pommel Strike","Clumsy","Hello World+1","Pommel Strike+1","Armaments+1","Shame","Clumsy","Meteor Strike","Shrug It Off+1","Purity","Apotheosis","Shrug It Off","Gash","Whirlwind","Heavy Blade+1","Heatsinks","Sword Boomerang+1","Leap","Heavy Blade+1","Clumsy"],"special_seed":17937,"relics":["Cursed Key","Darkstone Periapt","Du-Vu Doll","Bottled Flame","Bronze Scales","Anchor","Potion Belt","FossilizedHelix","Sozu","Pocketwatch","Dodecahedron","Shovel","Blood Vial","Red Skull","Regal Pillow","War Paint","Paper Frog","The Courier","Fusion Hammer","Bag of Preparation","MawBank","Lantern","Question Card","Peace Pipe","Incense Burner","ClockworkSouvenir","Torii"],"potions_floor_usage":[8,13,19,19,19],"damage_taken":[{"damage":0,"enemies":"Small Slimes","floor":1,"turns":3},{"damage":1,"enemies":"Cultist","floor":3,"turns":3},{"damage":0,"enemies":"2 Louse","floor":4,"turns":2},{"damage":0,"enemies":"Large Slime","floor":5,"turns":4},{"damage":0,"enemies":"Exordium Wildlife","floor":6,"turns":2},{"damage":0,"enemies":"Looter","floor":7,"turns":3},{"damage":5,"enemies":"Lagavulin","floor":8,"turns":6},{"damage":5,"enemies":"Gremlin Nob","floor":13,"turns":3},{"damage":15,"enemies":"Lagavulin","floor":14,"turns":5},{"damage":0,"enemies":"Slime Boss","floor":16,"turns":3},{"damage":0,"enemies":"Chosen","floor":18,"turns":3},{"damage":22,"enemies":"Colosseum Slavers","floor":19,"turns":4},{"damage":0,"enemies":"Colosseum Nobs","floor":19,"turns":4},{"damage":0,"enemies":"2 Thieves","floor":20,"turns":4},{"damage":28,"enemies":"Slavers","floor":23,"turns":5},{"damage":7,"enemies":"Centurion and Healer","floor":27,"turns":5},{"damage":18,"enemies":"Gremlin Leader","floor":28,"turns":4},{"damage":0,"enemies":"Snecko","floor":29,"turns":2},{"damage":2,"enemies":"3 Cultists","floor":30,"turns":4},{"damage":18,"enemies":"Collector","floor":33,"turns":6},{"damage":0,"enemies":"3 Shapes","floor":35,"turns":5},{"damage":0,"enemies":"3 Darklings","floor":38,"turns":3},{"damage":0,"enemies":"Jaw Worm Horde","floor":39,"turns":3},{"damage":18,"enemies":"Giant Head","floor":40,"turns":6},{"damage":0,"enemies":"Spire Growth","floor":41,"turns":3},{"damage":0,"enemies":"Nemesis","floor":42,"turns":3},{"damage":2,"enemies":"2 Orb Walkers","floor":44,"turns":3},{"damage":0,"enemies":"Sphere and 2 Shapes","floor":45,"turns":3},{"damage":10,"enemies":"Maw","floor":47,"turns":4},{"damage":0,"enemies":"Jaw Worm Horde","floor":48,"turns":2},{"damage":25,"enemies":"Time Eater","floor":50,"turns":5}],"seed_played":"-8803609640175454799","potions_obtained":[{"floor":3,"key":"SpeedPotion"},{"floor":5,"key":"EssenceOfSteel"},{"floor":7,"key":"Block Potion"},{"floor":8,"key":"AttackPotion"},{"floor":14,"key":"LiquidBronze"}],"is_trial":false,"path_per_floor":["M","?","M","M","M","M","M","E","T","R","?","$","E","E","R","B",null,"M","?","M","T","$","E","R","$","T","M","E","M","M","?","R","B",null,"M","?","$","M","M","E","M","E","T","?","M","$","M","M","R","B",null],"character_chosen":"IRONCLAD","items_purchased":["Anchor","Blood Vial","Heavy Blade","Pommel Strike","Shrug It Off","Bag of Preparation","Incense Burner","ClockworkSouvenir"],"campfire_rested":0,"item_purchase_floors":[12,22,22,25,37,37,46,46],"current_hp_per_floor":[80,80,79,79,79,79,79,77,83,83,65,65,60,49,49,55,99,99,85,89,95,95,73,73,73,79,78,62,64,68,74,74,64,147,147,137,137,139,145,129,131,133,139,139,145,145,137,139,139,122],"gold":36,"neow_bonus":"","is_prod":false,"is_daily":true,"chose_seed":false,"campfire_upgraded":3,"win_rate":0,"timestamp":1549791410,"path_taken":["M","?","?","M","M","M","M","E","T","R","?","?","?","E","R","BOSS","M","?","?","?","$","E","R","$","T","M","E","M","M","?","R","BOSS","M","?","$","M","M","E","M","E","T","?","M","$","M","M","R","BOSS"],"build_version":"2019-02-06","purchased_purges":1,"victory":true,"max_hp_per_floor":[80,80,80,80,80,80,80,83,89,89,89,89,89,93,93,99,99,99,107,111,117,117,121,121,121,127,131,131,131,135,141,141,147,147,147,147,147,147,151,151,151,151,157,157,161,161,161,161,161,167],"card_choices":[{"not_picked":["Redo","Conserve Battery"],"picked":"Sword Boomerang","floor":1},{"not_picked":["Flex","Thunderclap"],"picked":"Metallicize","floor":3},{"not_picked":["Gash","Beam Cell"],"picked":"Inflame","floor":4},{"not_picked":["Steam","Bloodletting","Cold Snap"],"picked":"SKIP","floor":5},{"not_picked":["Conserve Battery","Iron Wave"],"picked":"Anger","floor":6},{"not_picked":["Hello World","Iron Wave"],"picked":"Feed","floor":7},{"not_picked":["Twin Strike","Headbutt"],"picked":"Inflame","floor":8},{"not_picked":["Stack","Redo","Clothesline"],"picked":"SKIP","floor":13},{"not_picked":["Stack","Darkness"],"picked":"Demon Form","floor":14},{"not_picked":["Hello World","Chill","Feel No Pain"],"picked":"SKIP","floor":18},{"not_picked":["Coolheaded","Searing Blow"],"picked":"Sweeping Beam","floor":20},{"not_picked":["Turbo","Wild Strike","Chaos"],"picked":"SKIP","floor":23},{"not_picked":["Fire Breathing","Clothesline"],"picked":"Hello World+1","floor":27},{"not_picked":["Warcry","Wild Strike","Demon Form"],"picked":"SKIP","floor":28},{"not_picked":["Glacier+1","Rebound"],"picked":"Pommel Strike+1","floor":29},{"not_picked":["Perfected Strike+1","Hologram"],"picked":"Armaments","floor":30},{"not_picked":["Bludgeon","Amplify"],"picked":"Meteor Strike","floor":33},{"not_picked":["Twin Strike","Storm+1"],"picked":"Shrug It Off+1","floor":35},{"not_picked":["Forethought","Deep Breath"],"picked":"Purity","floor":36},{"not_picked":["Mind Blast","Finesse"],"picked":"Apotheosis","floor":36},{"not_picked":["Bloodletting","Pommel Strike","Cold Snap+1"],"picked":"SKIP","floor":38},{"not_picked":["Ball Lightning+1","Armaments+1"],"picked":"Gash","floor":39},{"not_picked":["Streamline+1","Go for the Eyes"],"picked":"Whirlwind","floor":40},{"not_picked":["Rampage+1","Armaments+1"],"picked":"Heavy Blade+1","floor":41},{"not_picked":["Twin Strike","Intimidate+1"],"picked":"Heatsinks","floor":42},{"not_picked":["Fire Breathing+1","Rebound","Clash"],"picked":"Sword Boomerang+1","floor":45},{"not_picked":["Rebound","Barrage","Steam"],"picked":"Leap","floor":47},{"not_picked":["True Grit+1","Reinforced Body+1","Havoc+1"],"picked":"Heavy Blade+1","floor":48}],"player_experience":638994,"relics_obtained":[{"floor":8,"key":"Bottled Flame"},{"floor":9,"key":"Bronze Scales"},{"floor":13,"key":"Potion Belt"},{"floor":14,"key":"FossilizedHelix"},{"floor":19,"key":"Pocketwatch"},{"floor":19,"key":"Dodecahedron"},{"floor":21,"key":"Shovel"},{"floor":23,"key":"Red Skull"},{"floor":24,"key":"Regal Pillow"},{"floor":26,"key":"War Paint"},{"floor":28,"key":"Paper Frog"},{"floor":40,"key":"MawBank"},{"floor":42,"key":"Lantern"},{"floor":43,"key":"Question Card"},{"floor":44,"key":"Peace Pipe"},{"floor":49,"key":"Torii"}],"event_choices":[{"damage_healed":0,"gold_gain":0,"player_choice":"Ignored","damage_taken":0,"max_hp_gain":0,"max_hp_loss":0,"event_name":"WeMeetAgain","floor":2,"gold_loss":0},{"damage_healed":0,"gold_gain":0,"player_choice":"Entered Light","damage_taken":18,"max_hp_gain":0,"max_hp_loss":0,"event_name":"Shining Light","floor":11,"gold_loss":0,"cards_upgraded":["Strike_R","Feed"]},{"damage_healed":0,"gold_gain":0,"player_choice":"Fight","damage_taken":0,"max_hp_gain":0,"max_hp_loss":0,"event_name":"Colosseum","floor":19,"gold_loss":0},{"damage_healed":0,"gold_gain":0,"player_choice":"Fought Nobs","damage_taken":0,"max_hp_gain":0,"max_hp_loss":0,"event_name":"Colosseum","floor":19,"gold_loss":0},{"damage_healed":0,"gold_gain":0,"player_choice":"Stole Relic","damage_taken":0,"relics_obtained":["The Courier"],"max_hp_gain":0,"max_hp_loss":0,"event_name":"Addict","floor":31,"gold_loss":0,"cards_obtained":["Shame"]},{"damage_healed":0,"gold_gain":0,"player_choice":"Memory 3","damage_taken":10,"max_hp_gain":0,"max_hp_loss":0,"event_name":"SensoryStone","floor":36,"gold_loss":0},{"damage_healed":0,"gold_gain":0,"player_choice":"Fight","damage_taken":0,"max_hp_gain":0,"max_hp_loss":0,"event_name":"Mysterious Sphere","floor":44,"gold_loss":0}],"is_beta":true,"boss_relics":[{"not_picked":["Coffee Dripper","Busted Crown"],"picked":"Sozu"},{"not_picked":["Velvet Choker","Astrolabe"],"picked":"Fusion Hammer"}],"items_purged_floors":[46],"is_endless":false,"potions_floor_spawned":[3,5,7,8,14,19,23,27,30,35,39,40,44,45,48],"ascension_level":0}