{"gold_per_floor":[110,122,140,155,167,167,197,215,215,215,228,240,240,272,272,346,346,366,214,214,264,281,281,312,312,337,337,337],"floor_reached":28,"playtime":777,"items_purged":["Strike_R"],"score":500,"play_id":"5021d0c1-e903-4852-a7c9-2f9b8458e0ec","local_time":"20190930131352","is_ascension_mode":true,"campfire_choices":[{"data":"Clothesline","floor":6,"key":"SMITH"},{"data":"Evolve","floor":10,"key":"SMITH"},{"floor":13,"key":"REST"},{"data":"Fire Breathing","floor":15,"key":"SMITH"},{"data":"Fire Breathing","floor":23,"key":"SMITH"},{"data":"Power Through","floor":25,"key":"SMITH"},{"floor":27,"key":"REST"}],"neow_cost":"NONE","seed_source_timestamp":1169658478656500,"circlet_count":0,"master_deck":["AscendersBane","Strike_R","Strike_R","Strike_R","Strike_R","Defend_R","Defend_R","Defend_R","Defend_R","Bash","Power Through+1","Clothesline+1","Fire Breathing+1","Battle Trance","Wild Strike","Evolve+1","Flame Barrier","Ghostly Armor","Barricade","Second Wind","Fire Breathing+1","Feel No Pain+1"],"relics":["Burning Blood","Champion Belt","Nunchaku","Sundial","Sozu","Art of War","Bronze Scales"],"potions_floor_usage":[4,16,22],"damage_taken":[{"damage":1,"enemies":"Cultist","floor":1,"turns":3},{"damage":5,"enemies":"2 Louse","floor":2,"turns":4},{"damage":8,"enemies":"Jaw Worm","floor":3,"turns":5},{"damage":48,"enemies":"Exordium Thugs","floor":4,"turns":7},{"damage":8,"enemies":"Blue Slaver","floor":5,"turns":5},{"damage":10,"enemies":"3 Sentries","floor":7,"turns":4},{"damage":0,"enemies":"Exordium Wildlife","floor":8,"turns":3},{"damage":18,"enemies":"3 Louse","floor":11,"turns":4},{"damage":10,"enemies":"Large Slime","floor":12,"turns":4},{"damage":18,"enemies":"Lagavulin","floor":14,"turns":7},{"damage":4,"enemies":"Hexaghost","floor":16,"turns":8},{"damage":22,"enemies":"3 Byrds","floor":18,"turns":4},{"damage":11,"enemies":"Spheric Guardian","floor":22,"turns":6},{"damage":20,"enemies":"Book of Stabbing","floor":24,"turns":6},{"damage":77,"enemies":"Slavers","floor":28,"turns":4}],"seed_played":"-594033897112319437","potions_obtained":[{"floor":1,"key":"Energy Potion"},{"floor":3,"key":"Strength Potion"},{"floor":7,"key":"LiquidBronze"},{"floor":8,"key":"AttackPotion"},{"floor":11,"key":"Strength Potion"},{"floor":16,"key":"Regen Potion"}],"is_trial":false,"path_per_floor":["M","M","M","M","M","R","E","M","T","R","M","M","R","E","R","B",null,"M","$","?","?","M","R","E","R","T","R","E"],"character_chosen":"IRONCLAD","items_purchased":["Fire Breathing"],"campfire_rested":2,"item_purchase_floors":[19],"current_hp_per_floor":[80,81,79,37,35,35,31,37,37,37,25,21,45,33,33,35,70,54,54,54,54,64,64,50,50,50,74,0],"gold":337,"neow_bonus":"TEN_PERCENT_HP_BONUS","is_prod":false,"is_daily":false,"chose_seed":false,"campfire_upgraded":5,"win_rate":0,"timestamp":1569874432,"path_taken":["M","M","M","M","M","R","E","M","T","R","M","?","R","E","R","BOSS","M","$","?","?","M","R","E","R","T","R","E"],"build_version":"2019-09-27","purchased_purges":1,"victory":false,"max_hp_per_floor":[82,82,82,82,82,82,82,82,82,82,82,82,82,82,82,82,82,82,82,82,82,82,82,82,82,82,82,82],"card_choices":[{"not_picked":["Intimidate","True Grit"],"picked":"Power Through","floor":1},{"not_picked":["Seeing Red","Flex"],"picked":"Clothesline","floor":2},{"not_picked":["Dropkick","Clash","Havoc"],"picked":"SKIP","floor":3},{"not_picked":["Flex","Battle Trance"],"picked":"Fire Breathing","floor":4},{"not_picked":["Heavy Blade","Dropkick"],"picked":"Battle Trance","floor":5},{"not_picked":["Searing Blow","Thunderclap"],"picked":"Wild Strike","floor":7},{"not_picked":["Armaments","Blood for Blood"],"picked":"Evolve","floor":8},{"not_picked":["Warcry","Thunderclap"],"picked":"Flame Barrier","floor":11},{"not_picked":["Pommel Strike","Clash","Blood for Blood"],"picked":"SKIP","floor":12},{"not_picked":["Perfected Strike","Havoc"],"picked":"Ghostly Armor","floor":14},{"not_picked":["Reaper","Berserk"],"picked":"Barricade","floor":16},{"not_picked":["Wild Strike","Headbutt"],"picked":"Second Wind","floor":18},{"not_picked":["Pommel Strike","Searing Blow","Heavy Blade"],"picked":"SKIP","floor":22},{"not_picked":["Cleave+1","Dark Embrace"],"picked":"Feel No Pain+1","floor":24}],"player_experience":1142122,"relics_obtained":[{"floor":7,"key":"Champion Belt"},{"floor":9,"key":"Nunchaku"},{"floor":14,"key":"Sundial"},{"floor":24,"key":"Art of War"},{"floor":26,"key":"Bronze Scales"}],"event_choices":[{"damage_healed":0,"gold_gain":0,"player_choice":"Ignored","damage_taken":0,"max_hp_gain":0,"max_hp_loss":0,"event_name":"The Mausoleum","floor":20,"gold_loss":0},{"damage_healed":0,"gold_gain":50,"player_choice":"Pray","damage_taken":0,"max_hp_gain":0,"max_hp_loss":0,"event_name":"Golden Shrine","floor":21,"gold_loss":0}],"is_beta":true,"boss_relics":[{"not_picked":["Calling Bell","Coffee Dripper"],"picked":"Sozu"}],"items_purged_floors":[19],"is_endless":false,"potions_floor_spawned":[1,3,7,8,11,16,22],"killed_by":"Slavers","ascension_level":20}