{"gold_per_floor":[119,132,142,162,180,180,210,210,210,222,19,52,68,86,86,187,187,201,221,239,259,358,358,389,389,389,389,113,113,124,324,324,419,419,429,441,3,18,18,44,44,44],"floor_reached":42,"playtime":2007,"items_purged":["Strike_B","Turbo+1"],"score":564,"play_id":"5d2feaa4-214f-4fe9-a6c1-f43d924bd336","local_time":"20190318183918","is_ascension_mode":true,"campfire_choices":[{"floor":6,"key":"RECALL"},{"floor":8,"key":"REST"},{"floor":15,"key":"REST"},{"floor":23,"key":"REST"},{"floor":25,"key":"REST"},{"data":"Echo Form","floor":29,"key":"SMITH"},{"data":"Defragment","floor":32,"key":"SMITH"},{"floor":41,"key":"REST"}],"neow_cost":"NONE","seed_source_timestamp":67783859067479,"circlet_count":0,"master_deck":["Strike_B","Strike_B","Strike_B","Defend_B","Defend_B","Defend_B","Defend_B","Zap","Dualcast","Capacitor","Ball Lightning","Double Energy","Loop","Chill","Echo Form+1","Defragment+1","Reprogram","Reinforced Body","Genetic Algorithm","Thunder Strike","Lockon","Aggregate","Gash+1","Meteor Strike+1","Compile Driver+1","Reinforced Body+1","Beam Cell+1"],"relics":["Cracked Core","NeowsBlessing","Ice Cream","DataDisk","Bronze Scales","Busted Crown","StoneCalendar","Molten Egg 2","Strange Spoon","Nuclear Battery","Happy Flower","OrangePellets","Incense Burner"],"potions_floor_usage":[7,7,12,16,16,16,16,16,21,33,33,36,40,42],"damage_taken":[{"damage":0,"enemies":"Cultist","floor":1,"turns":1},{"damage":0,"enemies":"Small Slimes","floor":2,"turns":1},{"damage":0,"enemies":"2 Louse","floor":3,"turns":1},{"damage":23,"enemies":"Gremlin Gang","floor":4,"turns":4},{"damage":4,"enemies":"Blue Slaver","floor":5,"turns":3},{"damage":25,"enemies":"Gremlin Nob","floor":7,"turns":5},{"damage":8,"enemies":"Looter","floor":10,"turns":3},{"damage":0,"enemies":"Lagavulin","floor":12,"turns":5},{"damage":11,"enemies":"Gremlin Gang","floor":13,"turns":4},{"damage":8,"enemies":"2 Fungi Beasts","floor":14,"turns":3},{"damage":0,"enemies":"Slime Boss","floor":16,"turns":7},{"damage":12,"enemies":"Shell Parasite","floor":18,"turns":5},{"damage":0,"enemies":"Chosen","floor":19,"turns":4},{"damage":30,"enemies":"Snecko","floor":20,"turns":5},{"damage":22,"enemies":"Shelled Parasite and Fungi","floor":21,"turns":5},{"damage":24,"enemies":"Book of Stabbing","floor":24,"turns":5},{"damage":4,"enemies":"3 Cultists","floor":30,"turns":6},{"damage":47,"enemies":"Automaton","floor":33,"turns":11},{"damage":2,"enemies":"3 Shapes","floor":35,"turns":7},{"damage":5,"enemies":"Orb Walker","floor":36,"turns":4},{"damage":31,"enemies":"Spire Growth","floor":38,"turns":6},{"damage":7,"enemies":"Giant Head","floor":40,"turns":8},{"damage":72,"enemies":"Transient","floor":42,"turns":5}],"seed_played":"-6106980067596369876","potions_obtained":[{"floor":1,"key":"Weak Potion"},{"floor":2,"key":"Regen Potion"},{"floor":4,"key":"EssenceOfSteel"},{"floor":12,"key":"Strength Potion"},{"floor":13,"key":"EntropicBrew"},{"floor":18,"key":"EssenceOfSteel"},{"floor":30,"key":"Poison Potion"},{"floor":33,"key":"SkillPotion"},{"floor":36,"key":"PowerPotion"},{"floor":38,"key":"Explosive Potion"}],"is_trial":false,"path_per_floor":["M","M","M","M","M","R","E","R","T","M","$","E","M","M","R","B",null,"M","M","M","M","?","R","E","R","T","?","$","R","M","?","R","B",null,"M","M","$","M","?","E","R","M"],"character_chosen":"DEFECT","items_purchased":["DataDisk","PowerPotion","Strange Spoon","Happy Flower","OrangePellets"],"campfire_rested":5,"item_purchase_floors":[11,11,28,37,37],"current_hp_per_floor":[75,75,75,52,48,48,37,59,59,51,51,51,40,32,54,54,75,63,63,33,11,11,33,9,31,31,56,56,56,52,52,52,5,75,73,68,68,37,66,59,66,0],"gold":44,"neow_bonus":"THREE_ENEMY_KILL","is_prod":false,"is_daily":false,"chose_seed":false,"campfire_upgraded":2,"win_rate":0,"timestamp":1552948758,"path_taken":["M","M","?","M","M","R","E","R","T","M","$","E","M","M","R","BOSS","M","M","M","M","?","R","E","R","T","?","$","R","M","?","R","BOSS","M","M","$","?","?","E","R","M"],"build_version":"2019-01-23","purchased_purges":2,"victory":false,"max_hp_per_floor":[75,75,75,75,75,75,75,75,75,75,75,75,75,75,75,75,75,75,75,75,75,75,75,75,75,75,75,75,75,75,75,75,75,75,75,75,75,75,66,66,66,66],"card_choices":[{"not_picked":["Glacier","Chill"],"picked":"Capacitor","floor":1},{"not_picked":["Cold Snap","Coolheaded"],"picked":"Ball Lightning","floor":2},{"not_picked":["Coolheaded","Sweeping Beam"],"picked":"Double Energy","floor":3},{"not_picked":["Hello World","Turbo"],"picked":"Loop","floor":4},{"not_picked":["Gash","Sweeping Beam"],"picked":"Chill","floor":5},{"not_picked":["Steam","Redo"],"picked":"Echo Form","floor":7},{"not_picked":["Sweeping Beam","Turbo"],"picked":"Defragment","floor":10},{"not_picked":["Scrape","Streamline"],"picked":"Reprogram","floor":12},{"not_picked":["Hologram","Scrape"],"picked":"Reinforced Body","floor":13},{"not_picked":["Stack","Reprogram"],"picked":"Genetic Algorithm","floor":14},{"not_picked":["Meteor Strike","Biased Cognition"],"picked":"Thunder Strike","floor":16},{"not_picked":[],"picked":"Lockon","floor":18},{"not_picked":[],"picked":"Aggregate","floor":19},{"not_picked":["Barrage"],"picked":"SKIP","floor":20},{"not_picked":["Sweeping Beam"],"picked":"SKIP","floor":21},{"not_picked":[],"picked":"Gash+1","floor":24},{"not_picked":[],"picked":"Turbo+1","floor":30},{"not_picked":[],"picked":"Meteor Strike+1","floor":33},{"not_picked":[],"picked":"Compile Driver+1","floor":35},{"not_picked":[],"picked":"Reinforced Body+1","floor":36},{"not_picked":[],"picked":"Beam Cell+1","floor":38},{"not_picked":["Sweeping Beam+1"],"picked":"SKIP","floor":40}],"player_experience":89041,"relics_obtained":[{"floor":7,"key":"Ice Cream"},{"floor":12,"key":"Bronze Scales"},{"floor":24,"key":"StoneCalendar"},{"floor":26,"key":"Molten Egg 2"},{"floor":40,"key":"Incense Burner"}],"event_choices":[{"damage_healed":0,"gold_gain":99,"player_choice":"Stole From Cult","damage_taken":0,"max_hp_gain":0,"max_hp_loss":0,"event_name":"Nest","floor":22,"gold_loss":0},{"damage_healed":25,"gold_gain":0,"player_choice":"Heal","damage_taken":0,"max_hp_gain":0,"max_hp_loss":0,"event_name":"The Library","floor":27,"gold_loss":0},{"damage_healed":0,"gold_gain":200,"player_choice":"Gold","damage_taken":0,"max_hp_gain":0,"max_hp_loss":0,"event_name":"Wheel of Change","floor":31,"gold_loss":0},{"damage_healed":66,"gold_gain":0,"player_choice":"Heal","damage_taken":0,"max_hp_gain":0,"max_hp_loss":9,"event_name":"The Moai Head","floor":39,"gold_loss":0}],"is_beta":false,"boss_relics":[{"not_picked":["Snecko Eye","Fusion Hammer"],"picked":"Busted Crown"},{"not_picked":["Empty Cage","Calling Bell"],"picked":"Nuclear Battery"}],"items_purged_floors":[28,37],"is_endless":false,"potions_floor_spawned":[1,2,4,12,13,14,18,30,33,36,38],"killed_by":"Transient","ascension_level":1}