{"gold_per_floor":[113,38,10,22,22,22,56,76,76,1,26,52,78,93,93,170,170,184,184,200,14,14,45,45,65,65,115,115,144,155,77,77,152,152,164,164,178,178,122,122,156,170,170,170,189,17,17,30,30,30],"floor_reached":51,"playtime":3242,"items_purged":["Strike_G","Strike_G"],"score":1341,"play_id":"0f31701d-2df9-479a-8c73-022d5fee3c9e","local_time":"20190626145607","is_ascension_mode":true,"campfire_choices":[{"data":"Neutralize","floor":6.0,"key":"SMITH"},{"data":"Backflip","floor":15.0,"key":"SMITH"},{"floor":24.0,"key":"REST"},{"floor":28.0,"key":"REST"},{"floor":32.0,"key":"REST"},{"data":"Calculated Gamble","floor":40.0,"key":"SMITH"},{"floor":44.0,"key":"REST"},{"floor":49.0,"key":"REST"}],"neow_cost":"NONE","seed_source_timestamp":7444239921815186,"circlet_count":0,"master_deck":["AscendersBane","Defend_G","Defend_G","Defend_G","Defend_G","Survivor","Neutralize+1","Deadly Poison","Bane","Deadly Poison","Backflip+1","Deflect","Corpse Explosion","Masterful Stab+1","Flechettes+1","Noxious Fumes","Well Laid Plans+1","PiercingWail","Deflect","Calculated Gamble+1","Deflect","Noxious Fumes","Backflip","Bouncing Flask","Catalyst+1"],"special_seed":0,"relics":["Ring of the Snake","NeowsBlessing","Du-Vu Doll","Vajra","The Specimen","Ancient Tea Set","Art of War","Snake Skull","Astrolabe","Centennial Puzzle","Paper Crane","Shuriken","Velvet Choker","Omamori","Incense Burner","Pear","Regal Pillow"],"potions_floor_usage":[],"damage_taken":[{"damage":0.0,"enemies":"Jaw Worm","floor":1.0,"turns":1.0},{"damage":0.0,"enemies":"2 Louse","floor":4.0,"turns":1.0},{"damage":0.0,"enemies":"Gremlin Nob","floor":7.0,"turns":1.0},{"damage":1.0,"enemies":"Small Slimes","floor":8.0,"turns":3.0},{"damage":24.0,"enemies":"3 Sentries","floor":11.0,"turns":8.0},{"damage":7.0,"enemies":"Lagavulin","floor":13.0,"turns":5.0},{"damage":2.0,"enemies":"Gremlin Gang","floor":14.0,"turns":4.0},{"damage":15.0,"enemies":"Hexaghost","floor":16.0,"turns":9.0},{"damage":4.0,"enemies":"Chosen","floor":18.0,"turns":3.0},{"damage":6.0,"enemies":"3 Byrds","floor":20.0,"turns":3.0},{"damage":41.0,"enemies":"Book of Stabbing","floor":23.0,"turns":6.0},{"damage":8.0,"enemies":"Snake Plant","floor":25.0,"turns":2.0},{"damage":15.0,"enemies":"Slavers","floor":29.0,"turns":3.0},{"damage":9.0,"enemies":"Centurion and Healer","floor":30.0,"turns":3.0},{"damage":25.0,"enemies":"Collector","floor":33.0,"turns":6.0},{"damage":24.0,"enemies":"3 Darklings","floor":35.0,"turns":2.0},{"damage":0.0,"enemies":"3 Shapes","floor":37.0,"turns":3.0},{"damage":14.0,"enemies":"Nemesis","floor":41.0,"turns":7.0},{"damage":7.0,"enemies":"Writhing Mass","floor":42.0,"turns":6.0},{"damage":15.0,"enemies":"Sphere and 2 Shapes","floor":45.0,"turns":4.0},{"damage":2.0,"enemies":"Transient","floor":48.0,"turns":5.0},{"damage":58,"enemies":"Awakened One","floor":50,"turns":12}],"seed_played":"4044221988034894533","potions_obtained":[{"floor":7.0,"key":"EntropicBrew"},{"floor":8.0,"key":"SpeedPotion"},{"floor":16.0,"key":"Weak Potion"},{"floor":33.0,"key":"AttackPotion"},{"floor":35.0,"key":"Dexterity Potion"},{"floor":37.0,"key":"AttackPotion"},{"floor":42.0,"key":"EssenceOfSteel"}],"is_trial":false,"path_per_floor":["M","?","$","M","?","R","E","M","T","$","E","T","E","M","R","B",null,"M","?","M","$","?","E","R","M","T","?","R","E","M","$","R","B",null,"M","?","M","?","$","R","E","M","T","R","M","$","$","M","R","B",null],"character_chosen":"THE_SILENT","items_purchased":["Bane","Noxious Fumes","Calculated Gamble","Backflip","Regal Pillow"],"campfire_rested":5,"item_purchase_floors":[3,21,31,39,46],"current_hp_per_floor":[59,59,59,59,54,54,54,53,53,53,29,29,36,34,34,19,54,50,66,60,60,60,19,38,30,30,30,49,34,25,25,44,19,54,30,30,30,30,30,30,16,9,19,41,26,26,26,24,61,3],"gold":30,"neow_bonus":"THREE_ENEMY_KILL","is_prod":false,"is_daily":false,"chose_seed":false,"campfire_upgraded":3,"win_rate":0,"timestamp":1561539367,"path_taken":["M","?","$","M","?","R","E","M","T","$","E","?","E","M","R","BOSS","M","?","?","$","?","E","R","M","T","?","R","E","?","?","R","BOSS","M","?","?","?","$","R","E","M","T","R","M","?","$","M","R","BOSS"],"build_version":"2019-01-23","purchased_purges":2,"victory":true,"max_hp_per_floor":[66,66,66,66,66,66,66,66,66,66,66,66,66,66,66,66,66,66,66,66,66,66,66,66,66,66,66,66,66,66,66,66,66,66,66,66,66,66,66,66,66,66,76,76,76,76,76,76,76,76],"card_choices":[{"not_picked":["Deflect","Eviscerate"],"picked":"Deadly Poison","floor":1.0},{"not_picked":["Prepared","Accuracy","Acrobatics"],"picked":"SKIP","floor":4.0},{"not_picked":["Prepared","Infinite Blades"],"picked":"Deadly Poison","floor":7.0},{"not_picked":["Sucker Punch","Slice","Terror"],"picked":"SKIP","floor":8.0},{"not_picked":["Quick Slash","Expertise"],"picked":"Backflip","floor":11.0},{"not_picked":["Eviscerate","Dodge and Roll","Bane"],"picked":"SKIP","floor":13.0},{"not_picked":["Prepared","Caltrops"],"picked":"Deflect","floor":14.0},{"not_picked":["Phantasmal Killer","Malaise"],"picked":"Corpse Explosion","floor":16.0},{"not_picked":["Endless Agony+1","Bane","Eviscerate"],"picked":"SKIP","floor":18.0},{"not_picked":["Bane","Predator","Flying Knee"],"picked":"SKIP","floor":20.0},{"not_picked":["Underhanded Strike","Bullet Time"],"picked":"Well Laid Plans+1","floor":23.0},{"not_picked":["Choke","Sucker Punch","Poisoned Stab"],"picked":"SKIP","floor":25.0},{"not_picked":["Dagger Throw","Expertise"],"picked":"PiercingWail","floor":29.0},{"not_picked":["Backstab","PiercingWail"],"picked":"Deflect","floor":30.0},{"not_picked":["Setup","Bane"],"picked":"Deflect","floor":35.0},{"not_picked":["Finisher+1","Infinite Blades"],"picked":"Noxious Fumes","floor":37.0},{"not_picked":["Well Laid Plans","Flying Knee+1"],"picked":"Bouncing Flask","floor":41.0},{"not_picked":["Prepared","Noxious Fumes","Expertise"],"picked":"SKIP","floor":42.0},{"not_picked":["Sucker Punch","Endless Agony+1"],"picked":"Catalyst+1","floor":45.0},{"not_picked":["Dagger Spray","Backstab+1","Deadly Poison"],"picked":"SKIP","floor":48.0}],"player_experience":1465021,"relics_obtained":[{"floor":7.0,"key":"Vajra"},{"floor":9.0,"key":"The Specimen"},{"floor":11.0,"key":"Ancient Tea Set"},{"floor":12.0,"key":"Art of War"},{"floor":13.0,"key":"Snake Skull"},{"floor":23.0,"key":"Centennial Puzzle"},{"floor":26.0,"key":"Paper Crane"},{"floor":29.0,"key":"Shuriken"},{"floor":41.0,"key":"Incense Burner"},{"floor":43.0,"key":"Pear"}],"event_choices":[{"cards_removed":["Defend_G"],"damage_healed":0.0,"max_hp_gain":0.0,"max_hp_loss":0.0,"gold_gain":0.0,"event_name":"The Cleric","player_choice":"Card Removal","floor":2.0,"gold_loss":75.0,"damage_taken":0.0},{"damage_healed":0.0,"max_hp_gain":0.0,"max_hp_loss":0.0,"gold_gain":0.0,"event_name":"Scrap Ooze","player_choice":"Success","floor":5.0,"gold_loss":0.0,"damage_taken":5.0,"relics_obtained":["Du-Vu Doll"]},{"damage_healed":16.0,"max_hp_gain":0.0,"max_hp_loss":0.0,"gold_gain":0.0,"event_name":"Wheel of Change","player_choice":"Full Heal","floor":19.0,"gold_loss":0.0,"damage_taken":0.0},{"damage_healed":0.0,"max_hp_gain":0.0,"max_hp_loss":0.0,"gold_gain":50.0,"event_name":"Golden Shrine","player_choice":"Pray","floor":27.0,"gold_loss":0.0,"damage_taken":0.0},{"cards_removed":["Prepared"],"damage_healed":0.0,"max_hp_gain":0.0,"max_hp_loss":0.0,"gold_gain":0.0,"event_name":"WeMeetAgain","player_choice":"Gave Card","floor":36.0,"gold_loss":0.0,"damage_taken":0.0,"relics_obtained":["Omamori"]},{"damage_healed":0.0,"max_hp_gain":0.0,"max_hp_loss":0.0,"gold_gain":0.0,"event_name":"Mysterious Sphere","player_choice":"Ignored","floor":38.0,"gold_loss":0.0,"damage_taken":0.0}],"is_beta":false,"boss_relics":[{"not_picked":["Sozu","Ectoplasm"],"picked":"Astrolabe"},{"not_picked":["WristBlade","Fusion Hammer"],"picked":"Velvet Choker"}],"items_purged_floors":[10,21],"is_endless":false,"potions_floor_spawned":[7,8,11,16,18,33,35,37,42],"ascension_level":16}