{"gold_per_floor":[109,120,140,21,37,62,62,62,85,97,127,127,127,153,153,230,230,248,84,104,154,154],"floor_reached":22,"playtime":816,"items_purged":["Strike_R"],"score":408,"play_id":"dbf08b16-f08c-477e-8daa-8e0d30a702d4","local_time":"20190929102514","is_ascension_mode":true,"campfire_choices":[{"data":"Uppercut","floor":7.0,"key":"SMITH"},{"floor":13.0,"key":"REST"},{"data":"True Grit","floor":15.0,"key":"SMITH"}],"neow_cost":"TEN_PERCENT_HP_LOSS","seed_source_timestamp":1073088652185699,"circlet_count":0,"master_deck":["AscendersBane","Strike_R","Strike_R","Strike_R","Strike_R","Defend_R+1","Defend_R","Defend_R","Defend_R","Bash+1","Offering","Uppercut+1","Evolve","Carnage","Spot Weakness","True Grit+1","Sword Boomerang","Limit Break","Power Through"],"special_seed":0,"relics":["Burning Blood","Pen Nib","InkBottle","Boot","Ornamental Fan","Sozu"],"potions_floor_usage":[],"damage_taken":[{"damage":13.0,"enemies":"Small Slimes","floor":1.0,"turns":4.0},{"damage":8.0,"enemies":"2 Louse","floor":2.0,"turns":3.0},{"damage":0.0,"enemies":"Cultist","floor":3.0,"turns":3.0},{"damage":13.0,"enemies":"Looter","floor":5.0,"turns":3.0},{"damage":20.0,"enemies":"Gremlin Nob","floor":6.0,"turns":3.0},{"damage":6.0,"enemies":"2 Fungi Beasts","floor":10.0,"turns":2.0},{"damage":16.0,"enemies":"3 Sentries","floor":11.0,"turns":5.0},{"damage":8.0,"enemies":"Gremlin Nob","floor":14.0,"turns":3.0},{"damage":21.0,"enemies":"The Guardian","floor":16.0,"turns":10.0},{"damage":20.0,"enemies":"2 Thieves","floor":18.0,"turns":3.0},{"damage":24,"enemies":"Shell Parasite","floor":20,"turns":5},{"damage":26,"enemies":"Snecko","floor":22,"turns":3}],"seed_played":"1477429906641809397","potions_obtained":[{"floor":1.0,"key":"Strength Potion"},{"floor":5.0,"key":"Fire Potion"},{"floor":10.0,"key":"LiquidBronze"},{"floor":11.0,"key":"PowerPotion"},{"floor":12.0,"key":"Block Potion"},{"floor":14.0,"key":"Strength Potion"}],"is_trial":false,"path_per_floor":["M","M","M","$","M","E","R","?","T","M","E","?","R","E","R","B",null,"M","$","M","?","M"],"character_chosen":"IRONCLAD","items_purchased":["Carnage","Spot Weakness","Power Through"],"campfire_rested":1,"item_purchase_floors":[4,4,19],"current_hp_per_floor":[61,59,65,65,58,44,44,24,24,24,14,14,34,32,32,17,55,41,41,23,23,0],"gold":154,"neow_bonus":"THREE_RARE_CARDS","is_prod":false,"is_daily":false,"chose_seed":false,"campfire_upgraded":2,"win_rate":0,"timestamp":1569777914,"path_taken":["M","M","M","$","M","E","R","?","T","M","E","?","R","E","R","BOSS","M","$","?","?","M"],"build_version":"2019-09-27","purchased_purges":1,"victory":false,"max_hp_per_floor":[68,68,68,68,68,68,68,68,68,68,68,68,68,68,68,68,68,68,68,68,68,68],"card_choices":[{"not_picked":["Demon Form","Berserk"],"picked":"Offering","floor":0.0},{"not_picked":["Warcry","Corruption","Iron Wave"],"picked":"SKIP","floor":1.0},{"not_picked":["Combust","Armaments"],"picked":"Uppercut","floor":2.0},{"not_picked":["Armaments","Inflame"],"picked":"Evolve","floor":3.0},{"not_picked":["Hemokinesis","Clash","Twin Strike"],"picked":"SKIP","floor":5.0},{"not_picked":["Dropkick","Warcry","Carnage"],"picked":"SKIP","floor":6.0},{"not_picked":["Infernal Blade","Twin Strike"],"picked":"True Grit","floor":10.0},{"not_picked":["Sever Soul","Cleave","Dark Embrace"],"picked":"SKIP","floor":11.0},{"not_picked":["Anger","Iron Wave"],"picked":"Sword Boomerang","floor":14.0},{"not_picked":["Berserk","Double Tap"],"picked":"Limit Break","floor":16.0},{"not_picked":["Iron Wave","Warcry","Body Slam"],"picked":"SKIP","floor":18.0},{"not_picked":["Shockwave","Fire Breathing","Wild Strike"],"picked":"SKIP","floor":20}],"player_experience":1111856,"relics_obtained":[{"floor":6.0,"key":"Pen Nib"},{"floor":9.0,"key":"InkBottle"},{"floor":11.0,"key":"Boot"},{"floor":14.0,"key":"Ornamental Fan"}],"event_choices":[{"damage_healed":0.0,"max_hp_gain":0.0,"max_hp_loss":0.0,"gold_gain":0.0,"event_name":"Shining Light","player_choice":"Entered Light","floor":8.0,"gold_loss":0.0,"damage_taken":20.0,"cards_upgraded":["Bash","Defend_R"]},{"damage_healed":0.0,"max_hp_gain":0.0,"max_hp_loss":0.0,"gold_gain":0.0,"event_name":"Lab","player_choice":"Got Potions","floor":12.0,"gold_loss":0.0,"damage_taken":0.0},{"damage_healed":0,"gold_gain":50,"player_choice":"Stole From Cult","damage_taken":0,"max_hp_gain":0,"max_hp_loss":0,"event_name":"Nest","floor":21,"gold_loss":0}],"is_beta":true,"boss_relics":[{"not_picked":["Astrolabe","SlaversCollar"],"picked":"Sozu"}],"items_purged_floors":[19],"is_endless":false,"potions_floor_spawned":[1,5,10,11,14,20],"killed_by":"Snecko","ascension_level":20}