{"gold_per_floor":[144,189,234,279,324,414,459,459,459,147,237,94,139,184,184,484,484,529,529,574,619,664,754,754,844,869,959,1004,1004,1049,35,35,335,335,380,437,494,506,563,695,752,854,941,33,57,102,147,192,192,192],"floor_reached":51,"playtime":2885,"items_purged":["Pommel Strike","Shrug It Off"],"score":989,"play_id":"153fb098-1f9c-4d20-9f82-97912fe351c4","local_time":"20190217182427","daily_mods":["Draft","Vintage","Midas"],"is_ascension_mode":false,"campfire_choices":[{"floor":8,"key":"REST"},{"floor":15,"key":"REST"},{"floor":24,"key":"REST"},{"floor":29,"key":"REST"},{"floor":32,"key":"REST"},{"floor":49,"key":"REST"}],"neow_cost":"","seed_source_timestamp":0,"circlet_count":0,"master_deck":["Headbutt+1","Twin Strike","Twin Strike","Iron Wave","Carnage","Shrug It Off","Whirlwind","True Grit","Cleave+1","Shockwave+1","Metallicize+1","Pommel Strike","Shrug It Off+1","Pummel","Trip+1","Inflame","Flame Barrier+1","Impervious+1","Inflame","Inflame","Flex+1","Panacea+1","Armaments+1","Juggernaut","Intimidate+1","Dropkick+1"],"special_seed":17945,"relics":["Burning Blood","Vajra","Bottled Tornado","Juzu Bracelet","Happy Flower","Bag of Marbles","Toxic Egg 2","Omamori","Self Forming Clay","Whetstone","Ancient Tea Set","Incense Burner","Bottled Flame","Busted Crown","StoneCalendar","The Courier","Torii","Blood Vial","Bronze Scales","Oddly Smooth Stone","Strawberry","Centennial Puzzle","Dead Branch","Bird Faced Urn","Unceasing Top","War Paint","Dodecahedron","Gambling Chip","Black Star","MawBank","Boot","Ornamental Fan","Pen Nib","Anchor","Tiny Chest","Shuriken","Lantern","Ice Cream","Kunai","Regal Pillow","Art of War","Orichalcum","Bag of Preparation","MealTicket","Blue Candle","Magic Flower","Meat on the Bone","Mercury Hourglass","Ginger"],"potions_floor_usage":[6,16,16,20,23,27,28,40,50,50,50],"damage_taken":[{"damage":0,"enemies":"Cultist","floor":1,"turns":2},{"damage":3,"enemies":"Jaw Worm","floor":2,"turns":2},{"damage":0,"enemies":"2 Louse","floor":3,"turns":2},{"damage":2,"enemies":"Exordium Wildlife","floor":4,"turns":4},{"damage":2,"enemies":"Looter","floor":5,"turns":3},{"damage":5,"enemies":"Lagavulin","floor":6,"turns":4},{"damage":0,"enemies":"3 Louse","floor":7,"turns":1},{"damage":3,"enemies":"3 Sentries","floor":11,"turns":3},{"damage":8,"enemies":"Lots of Slimes","floor":13,"turns":2},{"damage":0,"enemies":"Large Slime","floor":14,"turns":2},{"damage":3,"enemies":"The Guardian","floor":16,"turns":8},{"damage":0,"enemies":"Chosen","floor":18,"turns":3},{"damage":0,"enemies":"3 Byrds","floor":20,"turns":2},{"damage":2,"enemies":"Snake Plant","floor":21,"turns":3},{"damage":9,"enemies":"Centurion and Healer","floor":22,"turns":2},{"damage":8,"enemies":"Slavers","floor":23,"turns":3},{"damage":0,"enemies":"Gremlin Leader","floor":25,"turns":3},{"damage":8,"enemies":"Slavers","floor":27,"turns":2},{"damage":1,"enemies":"Shelled Parasite and Fungi","floor":28,"turns":2},{"damage":0,"enemies":"Snake Plant","floor":30,"turns":3},{"damage":0,"enemies":"Champ","floor":33,"turns":7},{"damage":0,"enemies":"Orb Walker","floor":35,"turns":2},{"damage":0,"enemies":"3 Shapes","floor":36,"turns":2},{"damage":6,"enemies":"Writhing Mass","floor":37,"turns":5},{"damage":8,"enemies":"4 Shapes","floor":39,"turns":4},{"damage":0,"enemies":"Giant Head","floor":40,"turns":5},{"damage":0,"enemies":"Transient","floor":41,"turns":5},{"damage":18,"enemies":"Reptomancer","floor":42,"turns":5},{"damage":7,"enemies":"2 Orb Walkers","floor":45,"turns":3},{"damage":0,"enemies":"Writhing Mass","floor":46,"turns":2},{"damage":0,"enemies":"Spire Growth","floor":47,"turns":3},{"damage":0,"enemies":"4 Shapes","floor":48,"turns":3},{"damage":1,"enemies":"Donu and Deca","floor":50,"turns":4}],"seed_played":"-8239529163417230353","potions_obtained":[{"floor":1,"key":"GamblersBrew"},{"floor":2,"key":"GamblersBrew"},{"floor":3,"key":"SkillPotion"},{"floor":13,"key":"Fire Potion"},{"floor":16,"key":"Explosive Potion"},{"floor":18,"key":"Block Potion"},{"floor":20,"key":"LiquidBronze"},{"floor":25,"key":"SkillPotion"},{"floor":27,"key":"SteroidPotion"},{"floor":28,"key":"Fruit Juice"},{"floor":39,"key":"Dexterity Potion"},{"floor":40,"key":"SpeedPotion"},{"floor":42,"key":"GamblersBrew"},{"floor":46,"key":"Dexterity Potion"}],"is_trial":false,"path_per_floor":["M","M","M","M","M","E","M","R","T","$","E","$","M","M","R","B",null,"M","?","M","M","M","E","R","E","T","E","M","R","M","$","R","B",null,"M","M","M","?","M","E","M","E","T","$","?","M","M","M","R","B",null],"character_chosen":"IRONCLAD","items_purchased":["Whetstone","Trip+1","Inflame","Flame Barrier+1","Inflame","Unceasing Top","Flex+1","Panacea+1","Armaments+1","War Paint","Dodecahedron","Gambling Chip","Regal Pillow","Art of War","Orichalcum","Bag of Preparation","MealTicket","Blue Candle"],"campfire_rested":6,"item_purchase_floors":[10,10,12,12,31,31,31,31,31,31,31,31,44,44,44,44,44,44],"current_hp_per_floor":[80,80,80,80,80,80,80,80,80,80,80,80,78,80,80,80,80,80,72,78,80,77,77,80,80,87,85,92,92,92,92,92,92,92,92,92,92,92,91,92,92,82,82,82,89,92,92,92,92,92],"gold":192,"neow_bonus":"","is_prod":false,"is_daily":true,"chose_seed":false,"campfire_upgraded":0,"win_rate":0,"timestamp":1550456667,"path_taken":["M","M","M","M","M","E","M","R","T","$","E","$","M","M","R","BOSS","M","?","M","M","M","E","R","E","T","E","M","R","M","?","R","BOSS","M","M","M","?","M","E","M","E","T","$","?","M","M","M","R","BOSS"],"build_version":"2019-02-06","purchased_purges":2,"victory":true,"max_hp_per_floor":[80,80,80,80,80,80,80,80,80,80,80,80,80,80,80,80,80,80,80,80,80,80,80,80,80,87,87,92,92,92,92,92,92,92,92,92,92,92,92,92,92,92,92,92,92,92,92,92,92,92],"card_choices":[{"not_picked":["Flex","Perfected Strike"],"picked":"Headbutt","floor":0},{"not_picked":["Hemokinesis","Havoc"],"picked":"Twin Strike","floor":0},{"not_picked":["Wild Strike","Rupture"],"picked":"Twin Strike","floor":0},{"not_picked":["Perfected Strike","Second Wind"],"picked":"Iron Wave","floor":0},{"not_picked":["Warcry","Thunderclap"],"picked":"Carnage","floor":0},{"not_picked":["Warcry","Twin Strike"],"picked":"Shrug It Off","floor":0},{"not_picked":["Cleave","Twin Strike"],"picked":"Whirlwind","floor":0},{"not_picked":["Sword Boomerang","Pommel Strike"],"picked":"True Grit","floor":0},{"not_picked":["Wild Strike","Heavy Blade"],"picked":"Cleave","floor":0},{"not_picked":["Reckless Charge","Evolve"],"picked":"Shockwave","floor":0},{"not_picked":["Iron Wave","Shrug It Off"],"picked":"Metallicize","floor":0},{"not_picked":["Headbutt","Twin Strike"],"picked":"Pommel Strike","floor":0},{"not_picked":["Evolve","Seeing Red"],"picked":"Pommel Strike","floor":0},{"not_picked":["True Grit","Bloodletting"],"picked":"Shrug It Off","floor":0},{"not_picked":["Headbutt","Iron Wave"],"picked":"Shrug It Off","floor":0},{"not_picked":["Thunderclap","Power Through"],"picked":"Pummel","floor":6},{"not_picked":["Perfected Strike","Anger","Combust"],"picked":"SKIP","floor":11},{"not_picked":["Double Tap+1","Exhume+1"],"picked":"Impervious+1","floor":16},{"not_picked":["Rupture"],"picked":"SKIP","floor":23},{"not_picked":["Anger"],"picked":"SKIP","floor":25},{"not_picked":[],"picked":"Inflame","floor":27},{"not_picked":[],"picked":"Juggernaut","floor":33},{"not_picked":["Infernal Blade+1"],"picked":"SKIP","floor":40},{"not_picked":[],"picked":"Intimidate+1","floor":42},{"not_picked":[],"picked":"Dropkick+1","floor":45}],"player_experience":677063,"relics_obtained":[{"floor":1,"key":"Vajra"},{"floor":2,"key":"Bottled Tornado"},{"floor":3,"key":"Juzu Bracelet"},{"floor":4,"key":"Happy Flower"},{"floor":5,"key":"Bag of Marbles"},{"floor":6,"key":"Toxic Egg 2"},{"floor":7,"key":"Omamori"},{"floor":9,"key":"Self Forming Clay"},{"floor":11,"key":"Ancient Tea Set"},{"floor":13,"key":"Incense Burner"},{"floor":14,"key":"Bottled Flame"},{"floor":18,"key":"StoneCalendar"},{"floor":20,"key":"The Courier"},{"floor":21,"key":"Torii"},{"floor":22,"key":"Blood Vial"},{"floor":23,"key":"Bronze Scales"},{"floor":25,"key":"Oddly Smooth Stone"},{"floor":26,"key":"Strawberry"},{"floor":27,"key":"Centennial Puzzle"},{"floor":28,"key":"Dead Branch"},{"floor":30,"key":"Bird Faced Urn"},{"floor":35,"key":"MawBank"},{"floor":36,"key":"Boot"},{"floor":37,"key":"Ornamental Fan"},{"floor":39,"key":"Pen Nib"},{"floor":40,"key":"Anchor"},{"floor":40,"key":"Tiny Chest"},{"floor":41,"key":"Shuriken"},{"floor":42,"key":"Lantern"},{"floor":42,"key":"Ice Cream"},{"floor":43,"key":"Kunai"},{"floor":45,"key":"Magic Flower"},{"floor":46,"key":"Meat on the Bone"},{"floor":47,"key":"Mercury Hourglass"},{"floor":48,"key":"Ginger"}],"event_choices":[{"damage_healed":0,"gold_gain":0,"player_choice":"Damaged","damage_taken":8,"max_hp_gain":0,"max_hp_loss":0,"event_name":"Wheel of Change","floor":19,"gold_loss":0},{"damage_healed":0,"gold_gain":0,"player_choice":"Upgraded","damage_taken":0,"max_hp_gain":0,"max_hp_loss":0,"event_name":"Upgrade Shrine","floor":38,"gold_loss":0,"cards_upgraded":["Metallicize"]},{"damage_healed":0,"gold_gain":0,"player_choice":"Fight","damage_taken":0,"max_hp_gain":0,"max_hp_loss":0,"event_name":"Mysterious Sphere","floor":45,"gold_loss":0}],"is_beta":true,"boss_relics":[{"not_picked":["Orrery","Mark of Pain"],"picked":"Busted Crown"},{"not_picked":["Astrolabe","Lizard Tail"],"picked":"Black Star"}],"items_purged_floors":[10,44],"is_endless":false,"potions_floor_spawned":[1,2,3,13,16,18,20,25,27,28,39,40,42,46,48],"ascension_level":0}