{"gold_per_floor":[118,138,438,458,458,487,500,260,337,289,308,39,58,74,74,74],"floor_reached":16,"playtime":817,"items_purged":["Strike_G"],"score":208,"play_id":"ca105790-4c42-40cd-bbe1-4f0209fae41c","local_time":"20190815144735","is_ascension_mode":true,"campfire_choices":[{"data":"A Thousand Cuts","floor":15.0,"key":"SMITH"}],"neow_cost":"NONE","seed_source_timestamp":1304578609347246,"circlet_count":0,"master_deck":["AscendersBane","Strike_G","Strike_G","Strike_G","Strike_G","Defend_G","Defend_G","Defend_G","Defend_G","Defend_G","Survivor","Neutralize","Eviscerate","A Thousand Cuts+1","Cloak And Dagger","Dash","Footwork","Apotheosis","Dash","Underhanded Strike"],"special_seed":0,"relics":["Snecko Eye","Old Coin","Bronze Scales","Unceasing Top","Ornamental Fan"],"potions_floor_usage":[16],"damage_taken":[{"damage":1.0,"enemies":"Small Slimes","floor":1.0,"turns":4.0},{"damage":1.0,"enemies":"2 Louse","floor":2.0,"turns":6.0},{"damage":0.0,"enemies":"Cultist","floor":4.0,"turns":3.0},{"damage":27.0,"enemies":"3 Sentries","floor":6.0,"turns":7.0},{"damage":9.0,"enemies":"Looter","floor":7.0,"turns":4.0},{"damage":0.0,"enemies":"Exordium Wildlife","floor":11.0,"turns":4.0},{"damage":4.0,"enemies":"Red Slaver","floor":13.0,"turns":4.0},{"damage":0.0,"enemies":"Looter","floor":14.0,"turns":3.0},{"damage":19,"enemies":"Hexaghost","floor":16,"turns":10}],"seed_played":"-6269692715883582502","potions_obtained":[{"floor":4.0,"key":"EntropicBrew"}],"is_trial":false,"path_per_floor":["M","M","?","M","?","E","M","$","T","?","M","$","M","M","R","B"],"character_chosen":"THE_SILENT","items_purchased":["Dash","Footwork","Apotheosis","Regen Potion"],"campfire_rested":0,"item_purchase_floors":[8,8,12,12],"current_hp_per_floor":[58,57,46,46,46,19,10,10,10,10,10,10,18,18,18,0],"gold":74,"neow_bonus":"BOSS_RELIC","is_prod":false,"is_daily":false,"chose_seed":false,"campfire_upgraded":1,"win_rate":0,"timestamp":1565858855,"path_taken":["M","M","?","M","?","E","?","$","T","?","M","?","?","M","R","BOSS"],"build_version":"2019-07-17","purchased_purges":1,"victory":false,"max_hp_per_floor":[66,66,66,66,66,66,66,66,66,66,66,66,66,66,66,66],"card_choices":[{"not_picked":["Acrobatics","Flechettes","Sucker Punch"],"picked":"SKIP","floor":1.0},{"not_picked":["Backflip","Footwork"],"picked":"Eviscerate","floor":2.0},{"not_picked":["Poisoned Stab","Terror","Outmaneuver"],"picked":"SKIP","floor":4.0},{"not_picked":["PiercingWail","Noxious Fumes"],"picked":"A Thousand Cuts","floor":6.0},{"not_picked":["Blade Dance","Bane"],"picked":"Cloak And Dagger","floor":7.0},{"not_picked":["Bane","Deflect","Finisher"],"picked":"SKIP","floor":11.0},{"not_picked":["Blur","Predator"],"picked":"Dash","floor":13.0},{"not_picked":["Tactician","Slice"],"picked":"Underhanded Strike","floor":14.0}],"player_experience":1638853,"relics_obtained":[{"floor":5.0,"key":"Bronze Scales"},{"floor":6.0,"key":"Unceasing Top"},{"floor":9.0,"key":"Ornamental Fan"}],"event_choices":[{"damage_healed":0.0,"max_hp_gain":0.0,"max_hp_loss":0.0,"gold_gain":0.0,"event_name":"Scrap Ooze","player_choice":"Success","floor":3.0,"gold_loss":0.0,"damage_taken":11.0,"relics_obtained":["Old Coin"]},{"damage_healed":0.0,"max_hp_gain":0.0,"max_hp_loss":0.0,"gold_gain":0.0,"event_name":"Wheel of Change","player_choice":"Relic","floor":5.0,"gold_loss":0.0,"damage_taken":0.0},{"damage_healed":0.0,"max_hp_gain":0.0,"max_hp_loss":0.0,"gold_gain":0.0,"event_name":"World of Goop","player_choice":"Left Gold","floor":10.0,"gold_loss":48.0,"damage_taken":0.0}],"is_beta":false,"boss_relics":[],"items_purged_floors":[8],"is_endless":false,"potions_floor_spawned":[4,7,11],"killed_by":"Hexaghost","ascension_level":20}