{"gold_per_floor":[112,123,136,156,171,205,205,224,224,241,241,273,284,297,297,369,369,383,393,406,331,2,2,2,22,22,33,49,81,81,107,107,107],"floor_reached":33,"playtime":4059,"items_purged":["Strike_R"],"score":635,"play_id":"3c91304c-43bc-4c87-89ac-b0bb0b793ef7","local_time":"20190930220754","is_ascension_mode":true,"campfire_choices":[{"data":"Fire Breathing","floor":7,"key":"SMITH"},{"data":"Armaments","floor":11,"key":"SMITH"},{"data":"Berserk","floor":15,"key":"SMITH"},{"data":"Feel No Pain","floor":23,"key":"SMITH"},{"data":"Burning Pact","floor":32,"key":"SMITH"}],"neow_cost":"NONE","seed_source_timestamp":1198419400174900,"circlet_count":0,"master_deck":["AscendersBane","Strike_R","Strike_R","Strike_R","Defend_R","Defend_R","Defend_R","Defend_R","Bash","Wild Strike","Wild Strike","Shrug It Off","Fire Breathing+1","Shrug It Off","Armaments+1","Impervious","Spot Weakness","Feel No Pain+1","Injury","Exhume","Warcry+1","Shrug It Off","Burning Pact+1","Metallicize+1"],"relics":["Burning Blood","Mercury Hourglass","StoneCalendar","Potion Belt","Mark of Pain","Medical Kit","Frozen Egg 2","Bottled Lightning","Torii"],"potions_floor_usage":[5,16,20,25,27,28,29,33,33],"damage_taken":[{"damage":7,"enemies":"Small Slimes","floor":1,"turns":4},{"damage":2,"enemies":"2 Louse","floor":2,"turns":2},{"damage":1,"enemies":"Cultist","floor":3,"turns":3},{"damage":29,"enemies":"Large Slime","floor":4,"turns":8},{"damage":21,"enemies":"Red Slaver","floor":5,"turns":5},{"damage":52,"enemies":"Lagavulin","floor":6,"turns":8},{"damage":0,"enemies":"3 Louse","floor":8,"turns":3},{"damage":0,"enemies":"2 Fungi Beasts","floor":10,"turns":4},{"damage":32,"enemies":"Gremlin Nob","floor":12,"turns":4},{"damage":13,"enemies":"Large Slime","floor":13,"turns":4},{"damage":3,"enemies":"Looter","floor":14,"turns":4},{"damage":9,"enemies":"Hexaghost","floor":16,"turns":7},{"damage":10,"enemies":"Chosen","floor":18,"turns":5},{"damage":4,"enemies":"3 Byrds","floor":19,"turns":3},{"damage":7,"enemies":"3 Cultists","floor":20,"turns":5},{"damage":13,"enemies":"Centurion and Healer","floor":25,"turns":7},{"damage":19,"enemies":"Snecko","floor":27,"turns":7},{"damage":10,"enemies":"Sentry and Sphere","floor":28,"turns":5},{"damage":40,"enemies":"Book of Stabbing","floor":29,"turns":5},{"damage":38,"enemies":"Gremlin Leader","floor":31,"turns":7},{"damage":75,"enemies":"Collector","floor":33,"turns":9}],"seed_played":"-6105332656308248861","potions_obtained":[{"floor":2,"key":"BloodPotion"},{"floor":6,"key":"FairyPotion"},{"floor":10,"key":"Dexterity Potion"},{"floor":12,"key":"Weak Potion"},{"floor":14,"key":"Block Potion"},{"floor":18,"key":"DuplicationPotion"},{"floor":19,"key":"GamblersBrew"},{"floor":20,"key":"FearPotion"},{"floor":28,"key":"Fruit Juice"},{"floor":31,"key":"AttackPotion"}],"is_trial":false,"path_per_floor":["M","M","M","M","M","E","R","M","T","M","R","E","M","M","R","B",null,"M","M","M","?","$","R","?","M","T","M","M","E","?","E","R","B"],"character_chosen":"IRONCLAD","items_purchased":["Medical Kit","Feel No Pain","BloodPotion"],"campfire_rested":0,"item_purchase_floors":[22,22,22],"current_hp_per_floor":[74,78,82,59,60,14,14,20,20,26,26,30,23,26,26,23,67,63,65,64,64,64,64,64,57,57,60,61,27,97,65,65,0],"gold":107,"neow_bonus":"TEN_PERCENT_HP_BONUS","is_prod":false,"is_daily":false,"chose_seed":false,"campfire_upgraded":5,"win_rate":0,"timestamp":1569906474,"path_taken":["M","M","M","M","M","E","R","M","T","M","R","E","M","M","R","BOSS","M","M","M","?","$","R","?","M","T","M","?","E","?","E","R","BOSS"],"build_version":"2019-09-27","purchased_purges":1,"victory":false,"max_hp_per_floor":[82,82,82,82,82,82,82,82,82,82,82,82,82,82,82,82,82,82,82,82,82,82,82,82,82,82,82,87,87,97,97,97,97],"card_choices":[{"not_picked":["Body Slam","Pommel Strike"],"picked":"Wild Strike","floor":1},{"not_picked":["Thunderclap","Bloodletting","Iron Wave"],"picked":"SKIP","floor":2},{"not_picked":["Entrench","Hemokinesis"],"picked":"Wild Strike","floor":3},{"not_picked":["Body Slam","Sever Soul"],"picked":"Shrug It Off","floor":4},{"not_picked":["Battle Trance","Armaments"],"picked":"Fire Breathing","floor":5},{"not_picked":["Dropkick","Combust","Twin Strike"],"picked":"SKIP","floor":6},{"not_picked":["Blood for Blood","Clothesline"],"picked":"Shrug It Off","floor":8},{"not_picked":["Warcry","Anger"],"picked":"Armaments","floor":10},{"not_picked":["Flex","Blood for Blood"],"picked":"Berserk","floor":12},{"not_picked":["Havoc","Shockwave","Twin Strike"],"picked":"SKIP","floor":13},{"not_picked":["Rage","Armaments","Sword Boomerang"],"picked":"SKIP","floor":14},{"not_picked":["Demon Form","Limit Break"],"picked":"Impervious","floor":16},{"not_picked":["Dual Wield","Infernal Blade","Inflame"],"picked":"SKIP","floor":18},{"not_picked":["Havoc","Bloodletting"],"picked":"Spot Weakness","floor":19},{"not_picked":["Seeing Red","Warcry","Shockwave"],"picked":"SKIP","floor":20},{"not_picked":["Twin Strike","Anger"],"picked":"Warcry+1","floor":25},{"not_picked":["Armaments","Heavy Blade+1"],"picked":"Shrug It Off","floor":27},{"not_picked":["Cleave","Twin Strike","Flame Barrier"],"picked":"SKIP","floor":28},{"not_picked":["Reckless Charge","Whirlwind"],"picked":"Burning Pact","floor":29},{"not_picked":["Carnage","Perfected Strike"],"picked":"Metallicize+1","floor":31}],"player_experience":1165097,"relics_obtained":[{"floor":6,"key":"Mercury Hourglass"},{"floor":9,"key":"StoneCalendar"},{"floor":12,"key":"Potion Belt"},{"floor":26,"key":"Frozen Egg 2"},{"floor":29,"key":"Bottled Lightning"},{"floor":31,"key":"Torii"}],"event_choices":[{"cards_removed":["Strike_R"],"damage_healed":0,"gold_gain":0,"player_choice":"Gave Gold","damage_taken":0,"max_hp_gain":0,"max_hp_loss":0,"event_name":"Beggar","floor":21,"gold_loss":75},{"damage_healed":0,"gold_gain":0,"player_choice":"2 cards matched","damage_taken":0,"max_hp_gain":0,"max_hp_loss":0,"event_name":"Match and Keep!","floor":24,"gold_loss":0,"cards_obtained":["Injury","Exhume"]},{"cards_removed":["Berserk"],"damage_healed":60,"gold_gain":0,"player_choice":"Offered Rare","damage_taken":0,"max_hp_gain":10,"max_hp_loss":0,"event_name":"Bonfire Elementals","floor":30,"gold_loss":0}],"is_beta":true,"boss_relics":[{"not_picked":["Calling Bell","Black Blood"],"picked":"Mark of Pain"}],"items_purged_floors":[22],"is_endless":false,"potions_floor_spawned":[2,6,10,12,14,18,19,20,28,31],"killed_by":"Collector","ascension_level":20}