{"gold_per_floor":[111,126,98,98,117,144,144,162,186,218,218,244,260,19,19,19],"floor_reached":16,"playtime":761,"items_purged":[],"score":126,"play_id":"e62acaef-7ed2-4ff1-aea9-4581137071f5","local_time":"20190319104511","is_ascension_mode":true,"campfire_choices":[{"floor":7,"key":"REST"},{"floor":15,"key":"REST"}],"neow_cost":"NONE","seed_source_timestamp":84573745455090,"circlet_count":0,"master_deck":["Strike_R","Strike_R","Strike_R","Strike_R","Strike_R","Defend_R","Defend_R","Defend_R","Defend_R","Bash","Battle Trance+1","Pommel Strike","Barricade","Evolve","Cleave","Armaments"],"relics":["Burning Blood","Bag of Preparation","Happy Flower","Bronze Scales","Ancient Tea Set","Blood Vial","Pear"],"potions_floor_usage":[6,8,13,16],"damage_taken":[{"damage":7,"enemies":"2 Louse","floor":1,"turns":2},{"damage":11,"enemies":"Jaw Worm","floor":2,"turns":2},{"damage":1,"enemies":"Cultist","floor":5,"turns":3},{"damage":58,"enemies":"Lagavulin","floor":6,"turns":10},{"damage":16,"enemies":"Exordium Wildlife","floor":8,"turns":3},{"damage":34,"enemies":"Gremlin Nob","floor":10,"turns":5},{"damage":17,"enemies":"3 Sentries","floor":12,"turns":6},{"damage":11,"enemies":"Exordium Thugs","floor":13,"turns":4},{"damage":58,"enemies":"Hexaghost","floor":16,"turns":11}],"seed_played":"8428823036875106535","potions_obtained":[{"floor":2,"key":"Regen Potion"},{"floor":6,"key":"Energy Potion"},{"floor":12,"key":"SkillPotion"},{"floor":13,"key":"BloodPotion"}],"is_trial":false,"path_per_floor":["M","M","?","?","M","E","R","M","T","E","?","E","M","$","R","B"],"character_chosen":"IRONCLAD","items_purchased":["Pear"],"campfire_rested":2,"item_purchase_floors":[14],"current_hp_per_floor":[79,74,74,74,79,38,62,52,52,24,24,13,10,20,47,0],"gold":19,"neow_bonus":"RANDOM_COMMON_RELIC","is_prod":false,"is_daily":false,"chose_seed":false,"campfire_upgraded":0,"win_rate":0,"timestamp":1553006711,"path_taken":["M","M","?","?","M","E","R","M","T","E","?","E","?","$","R","BOSS"],"build_version":"2019-01-23","purchased_purges":0,"victory":false,"max_hp_per_floor":[80,80,80,80,80,80,80,80,80,80,80,80,80,90,90,90],"card_choices":[{"not_picked":["True Grit","Thunderclap"],"picked":"Battle Trance","floor":1},{"not_picked":["Bloodletting","Sword Boomerang"],"picked":"Pommel Strike","floor":2},{"not_picked":["Warcry","True Grit"],"picked":"Barricade","floor":5},{"not_picked":["Rupture","Flex"],"picked":"Evolve","floor":6},{"not_picked":["Anger","Bloodletting","Twin Strike"],"picked":"SKIP","floor":8},{"not_picked":["Body Slam","Clothesline"],"picked":"Cleave","floor":10},{"not_picked":["Bloodletting","Cleave","Evolve"],"picked":"SKIP","floor":12},{"not_picked":["Body Slam","True Grit"],"picked":"Armaments","floor":13}],"player_experience":93144,"relics_obtained":[{"floor":6,"key":"Happy Flower"},{"floor":9,"key":"Bronze Scales"},{"floor":10,"key":"Ancient Tea Set"},{"floor":12,"key":"Blood Vial"}],"event_choices":[{"damage_healed":0,"gold_gain":0,"player_choice":"Left Gold","damage_taken":0,"max_hp_gain":0,"max_hp_loss":0,"event_name":"World of Goop","floor":3,"gold_loss":28},{"damage_healed":0,"gold_gain":0,"player_choice":"Grow","damage_taken":0,"max_hp_gain":0,"max_hp_loss":0,"event_name":"Living Wall","floor":4,"gold_loss":0,"cards_upgraded":["Battle Trance"]},{"damage_healed":0,"gold_gain":0,"player_choice":"Ignored","damage_taken":0,"max_hp_gain":0,"max_hp_loss":0,"event_name":"Golden Idol","floor":11,"gold_loss":0}],"is_beta":false,"boss_relics":[],"items_purged_floors":[],"is_endless":false,"potions_floor_spawned":[2,6,12,13],"killed_by":"Hexaghost","ascension_level":1}