{"gold_per_floor":[15,33,45,55,55,55,74,74,121,46,46,67,67,82,82,203,203,224,242,242,142,211,211,234,269,269,308,323,339,355,379,379,379],"floor_reached":33,"playtime":2819,"items_purged":["Strike_P","Strike_P"],"score":333,"play_id":"fcb20fbf-1057-4ed5-92c7-cb4d88237efd","local_time":"20190919011655","is_ascension_mode":false,"campfire_choices":[{"floor":11,"key":"REST"},{"data":"TalkToTheHand","floor":13,"key":"SMITH"},{"data":"Eruption","floor":15,"key":"SMITH"},{"data":"CrushJoints","floor":23,"key":"SMITH"},{"floor":32,"key":"REST"}],"neow_cost":"NO_GOLD","seed_source_timestamp":14925529605700,"circlet_count":0,"master_deck":["Strike_P","Strike_P","Defend_P","Defend_P","Defend_P","Defend_P","Eruption+1","Vigilance","CrushJoints+1","BowlingBash","EmptyBody","ForeignInfluence","TalkToTheHand+1","Brilliance","FlurryOfBlows","Vault","SandsOfTime","Sanctity","FlowState","FlurryOfBlows","Devotion+1"],"relics":["PureWater","Golden Idol","Eternal Feather","Sozu","Nloth\u0027s Gift","Mummified Hand","Smiling Mask","The Courier","CaptainsWheel"],"potions_floor_usage":[16,25,25],"damage_taken":[{"damage":0,"enemies":"Cultist","floor":1,"turns":2},{"damage":0,"enemies":"2 Louse","floor":2,"turns":2},{"damage":4,"enemies":"Jaw Worm","floor":3,"turns":4},{"damage":4,"enemies":"3 Louse","floor":4,"turns":3},{"damage":3,"enemies":"Lots of Slimes","floor":7,"turns":3},{"damage":16,"enemies":"Large Slime","floor":12,"turns":8},{"damage":0,"enemies":"Looter","floor":14,"turns":3},{"damage":0,"enemies":"Slime Boss","floor":16,"turns":6},{"damage":0,"enemies":"Chosen","floor":18,"turns":6},{"damage":3,"enemies":"3 Byrds","floor":19,"turns":5},{"damage":3,"enemies":"Centurion and Healer","floor":24,"turns":7},{"damage":30,"enemies":"Book of Stabbing","floor":25,"turns":6},{"damage":18,"enemies":"Slavers","floor":27,"turns":3},{"damage":0,"enemies":"3 Cultists","floor":28,"turns":4},{"damage":16,"enemies":"Snake Plant","floor":29,"turns":5},{"damage":3,"enemies":"Shelled Parasite and Fungi","floor":30,"turns":7},{"damage":6,"enemies":"3 Cultists","floor":31,"turns":5},{"damage":56,"enemies":"Collector","floor":33,"turns":7}],"seed_played":"-2399613604909130325","potions_obtained":[{"floor":3,"key":"SteroidPotion"},{"floor":7,"key":"EntropicBrew"},{"floor":8,"key":"DuplicationPotion"},{"floor":16,"key":"Fire Potion"}],"is_trial":false,"path_per_floor":["M","M","M","M","?","?","M","?","T","$","R","M","R","M","R","B",null,"M","M","?","$","T","R","M","E","T","E","M","M","M","M","R","B"],"character_chosen":"WATCHER","items_purchased":[],"campfire_rested":2,"item_purchase_floors":[],"current_hp_per_floor":[77,77,73,69,50,25,22,22,22,37,66,50,56,56,62,62,77,77,74,74,74,74,77,74,44,44,26,26,10,7,1,36,0],"gold":379,"neow_bonus":"TWENTY_PERCENT_HP_BONUS","is_prod":false,"is_daily":false,"chose_seed":false,"campfire_upgraded":3,"win_rate":0,"timestamp":1568881015,"path_taken":["M","?","M","M","?","?","M","?","T","$","R","?","R","M","R","BOSS","M","M","?","$","?","R","M","E","T","E","M","?","M","M","R","BOSS"],"build_version":"2019-09-18","purchased_purges":2,"victory":false,"max_hp_per_floor":[77,77,77,77,77,77,77,77,77,77,77,77,77,77,77,77,77,77,77,77,77,77,77,77,77,77,77,77,77,77,77,77,77],"card_choices":[{"not_picked":["SashWhip","Fasting"],"picked":"CrushJoints","floor":1},{"not_picked":["Prostrate","EmptyFist"],"picked":"BowlingBash","floor":2},{"not_picked":["ThirdEye","Halt"],"picked":"EmptyBody","floor":3},{"not_picked":["BowlingBash","WaveOfTheHand"],"picked":"ForeignInfluence","floor":4},{"not_picked":["Consecrate","FollowUp","Weave"],"picked":"SKIP","floor":7},{"not_picked":["ClearTheMind","DeceiveReality"],"picked":"TalkToTheHand","floor":12},{"not_picked":["CrushJoints","Unraveling","ThirdEye"],"picked":"SKIP","floor":14},{"not_picked":["Ragnarok","Metaphysics"],"picked":"Brilliance","floor":16},{"not_picked":["Vengeance","Conclude","ThirdEye"],"picked":"SKIP","floor":18},{"not_picked":["EmptyFist","Halt","Consecrate+1"],"picked":"SKIP","floor":19},{"not_picked":["FollowUp+1","BowlingBash+1"],"picked":"FlurryOfBlows","floor":24},{"not_picked":["Omniscience","CutThroughFate+1"],"picked":"Vault","floor":25},{"not_picked":["ThirdEye","CrushJoints"],"picked":"SandsOfTime","floor":27},{"not_picked":["CrushJoints","FollowUp"],"picked":"Sanctity","floor":28},{"not_picked":["Metaphysics","Consecrate+1"],"picked":"FlowState","floor":29},{"not_picked":["Sanctity","BowlingBash+1"],"picked":"FlurryOfBlows","floor":30},{"not_picked":["CrushJoints","BowlingBash"],"picked":"Devotion+1","floor":31}],"player_experience":715959,"relics_obtained":[{"floor":9,"key":"MealTicket"},{"floor":22,"key":"Mummified Hand"},{"floor":25,"key":"Smiling Mask"},{"floor":26,"key":"The Courier"},{"floor":27,"key":"CaptainsWheel"}],"event_choices":[{"damage_healed":0,"gold_gain":0,"player_choice":"Take Damage","damage_taken":19,"relics_obtained":["Golden Idol"],"max_hp_gain":0,"max_hp_loss":0,"event_name":"Golden Idol","floor":5,"gold_loss":0},{"damage_healed":0,"gold_gain":0,"player_choice":"Success","damage_taken":25,"relics_obtained":["Eternal Feather"],"max_hp_gain":0,"max_hp_loss":0,"event_name":"Scrap Ooze","floor":6,"gold_loss":0},{"damage_healed":0,"gold_gain":0,"player_choice":"Got Potions","damage_taken":0,"max_hp_gain":0,"max_hp_loss":0,"event_name":"Lab","floor":8,"gold_loss":0},{"damage_healed":0,"gold_gain":0,"player_choice":"Traded Relic","damage_taken":0,"relics_obtained":["Nloth\u0027s Gift"],"max_hp_gain":0,"max_hp_loss":0,"event_name":"N\u0027loth","floor":20,"relics_lost":["MealTicket"],"gold_loss":0}],"is_beta":true,"boss_relics":[{"not_picked":["Tiny House","Philosopher\u0027s Stone"],"picked":"Sozu"}],"items_purged_floors":[10,21],"is_endless":false,"potions_floor_spawned":[3,7,16,18,27,29,30],"killed_by":"Collector","ascension_level":0}