{"gold_per_floor":[119,119,119,132,132,166,199,236,248,295,257,269,295,94,94,218,218,241,241,265,265,265,303,327,327,327,327,80,80,80,80,80,201,201,224,3,27,40,61,61,61,84,162,20,39,64,80,80,80,80],"floor_reached":51,"playtime":5015,"items_purged":["Injury","Decay"],"score":704,"play_id":"995a70a7-dc0a-4c0d-8fef-8741a6f6ac8e","local_time":"20190914203115","is_ascension_mode":false,"campfire_choices":[{"data":"DevaForm","floor":12,"key":"SMITH"},{"data":"Worship","floor":15,"key":"SMITH"},{"data":"Adaptation","floor":25,"key":"SMITH"},{"data":"Devotion","floor":27,"key":"SMITH"},{"floor":32,"key":"REST"},{"data":"Devotion","floor":40,"key":"SMITH"},{"floor":49,"key":"RECALL"}],"neow_cost":"NONE","seed_source_timestamp":78796124316600,"circlet_count":0,"master_deck":["Defend_P+1","Defend_P+1","Vigilance+1","EmptyMind+1","Prostrate+1","Prostrate+1","JustLucky+1","SandsOfTime+1","DevaForm+1","Adaptation+1","Devotion+1","Devotion+1","Worship+1","Crescendo+1","SandsOfTime+1","Bite+1","Bite+1","Bite+1","Bite+1","Bite+1","RitualDagger+1","Perseverance+1","Protect+1","Panacea+1","Worship+1","WindmillStrike+1","CrushJoints+1","EmptyBody+1","Establishment+1","CutThroughFate+1","Prostrate+1"],"relics":["HolyWater","NeowsBlessing","Golden Idol","MawBank","The Courier","Lizard Tail","Pear","Meat on the Bone","Pantograph","Bottled Lightning","Cursed Key","Vajra","Toxic Egg 2","Mark of the Bloom"],"potions_floor_usage":[10,10,16,24,24,33,33,39,41,42,45],"damage_taken":[{"damage":0,"enemies":"2 Louse","floor":1,"turns":1},{"damage":0,"enemies":"Jaw Worm","floor":4,"turns":1},{"damage":0,"enemies":"Gremlin Nob","floor":6,"turns":1},{"damage":0,"enemies":"Small Slimes","floor":7,"turns":4},{"damage":5,"enemies":"3 Louse","floor":8,"turns":4},{"damage":5,"enemies":"3 Sentries","floor":10,"turns":4},{"damage":1,"enemies":"Exordium Wildlife","floor":13,"turns":3},{"damage":21,"enemies":"Hexaghost","floor":16,"turns":8},{"damage":5,"enemies":"Spheric Guardian","floor":18,"turns":5},{"damage":3,"enemies":"3 Byrds","floor":20,"turns":6},{"damage":38,"enemies":"Gremlin Leader","floor":23,"turns":6},{"damage":7,"enemies":"Cultist and Chosen","floor":24,"turns":6},{"damage":33,"enemies":"Collector","floor":33,"turns":7},{"damage":27,"enemies":"3 Darklings","floor":35,"turns":8},{"damage":8,"enemies":"Orb Walker","floor":37,"turns":5},{"damage":16,"enemies":"Transient","floor":38,"turns":5},{"damage":20,"enemies":"Jaw Worm Horde","floor":39,"turns":5},{"damage":3,"enemies":"Maw","floor":41,"turns":4},{"damage":36,"enemies":"Transient","floor":42,"turns":5},{"damage":59,"enemies":"Spire Growth","floor":45,"turns":5},{"damage":8,"enemies":"3 Darklings","floor":46,"turns":6},{"damage":25,"enemies":"Jaw Worm Horde","floor":47,"turns":6},{"damage":19,"enemies":"Donu and Deca","floor":50,"turns":6}],"seed_played":"-4246870727023626719","potions_obtained":[{"floor":1,"key":"EssenceOfSteel"},{"floor":4,"key":"Swift Potion"},{"floor":8,"key":"Ancient Potion"},{"floor":10,"key":"EssenceOfSteel"},{"floor":20,"key":"LiquidBronze"},{"floor":23,"key":"SkillPotion"},{"floor":24,"key":"EssenceOfSteel"},{"floor":37,"key":"SmokeBomb"},{"floor":38,"key":"Dexterity Potion"},{"floor":39,"key":"AttackPotion"}],"is_trial":false,"path_per_floor":["M","?","?","M","?","E","M","M","T","E","?","R","M","$","R","B",null,"M","T","M","?","?","E","M","R","T","R","$","?","$","?","R","B",null,"M","$","M","M","M","R","M","M","T","$","M","M","M","?","R","B",null],"character_chosen":"WATCHER","items_purchased":["Devotion","Devotion","Worship","Bottled Lightning","Protect","Worship","Vajra","PowerPotion","Establishment"],"campfire_rested":1,"item_purchase_floors":[14,14,14,28,28,36,36,36,44],"current_hp_per_floor":[65,65,65,65,70,70,70,65,65,60,60,60,59,59,59,38,70,65,75,72,56,50,28,39,39,39,39,39,39,39,27,43,39,56,45,45,47,41,29,29,34,20,20,20,19,35,30,30,30,11],"gold":80,"neow_bonus":"THREE_ENEMY_KILL","is_prod":false,"is_daily":false,"chose_seed":false,"campfire_upgraded":5,"win_rate":0.0,"timestamp":1568518275,"path_taken":["M","?","?","M","?","E","M","M","T","E","?","R","?","$","R","BOSS","M","?","M","?","?","E","M","R","T","R","$","?","$","?","R","BOSS","M","$","?","M","?","R","M","M","T","?","?","M","M","?","R","BOSS"],"build_version":"2019-09-12","purchased_purges":2,"victory":true,"max_hp_per_floor":[65,65,65,65,70,70,70,70,70,70,70,70,70,70,70,70,70,70,80,80,56,56,56,56,56,56,56,56,56,56,56,56,56,56,56,56,56,56,56,56,56,56,56,56,56,56,56,56,56,56],"card_choices":[{"not_picked":["ForeignInfluence","Protect"],"picked":"EmptyMind","floor":1},{"not_picked":["DeceiveReality","Consecrate"],"picked":"Prostrate","floor":4},{"not_picked":["WreathOfFlame","Scrawl"],"picked":"Prostrate","floor":6},{"not_picked":["ClearTheMind","DeusExMachina"],"picked":"JustLucky","floor":7},{"not_picked":["Tantrum","FlyingSleeves"],"picked":"SandsOfTime","floor":8},{"not_picked":["SandsOfTime","JustLucky"],"picked":"DevaForm","floor":10},{"not_picked":["FlyingSleeves","CleanseEvil"],"picked":"Adaptation","floor":13},{"not_picked":["SpiritShield","EmptyFist"],"picked":"Crescendo+1","floor":18},{"not_picked":["ClearTheMind","EmptyMind+1"],"picked":"SandsOfTime","floor":20},{"not_picked":["SpiritShield","Worship+1"],"picked":"Perseverance","floor":23},{"not_picked":["FlyingSleeves","EmptyMind","Consecrate"],"picked":"SKIP","floor":24},{"not_picked":["Weave+1","FlyingSleeves","BowlingBash+1"],"picked":"SKIP","floor":35},{"not_picked":["Devotion+1","SignatureMove"],"picked":"WindmillStrike+1","floor":37},{"not_picked":["EmptyFist+1","BowlingBash"],"picked":"CrushJoints+1","floor":38},{"not_picked":["SandsOfTime+1","Tantrum+1"],"picked":"EmptyBody","floor":39},{"not_picked":["JustLucky","InnerPeace+1","Consecrate"],"picked":"SKIP","floor":42},{"not_picked":["Adaptation+1","EmptyFist+1"],"picked":"CutThroughFate","floor":45},{"not_picked":["BowlingBash+1","EmptyMind+1","EmptyFist"],"picked":"SKIP","floor":46},{"not_picked":["LessonLearned","Protect+1"],"picked":"Prostrate+1","floor":47}],"player_experience":691537,"relics_obtained":[{"floor":6,"key":"MawBank"},{"floor":9,"key":"The Courier"},{"floor":10,"key":"Lizard Tail"},{"floor":19,"key":"Pear"},{"floor":23,"key":"Meat on the Bone"},{"floor":26,"key":"Pantograph"},{"floor":43,"key":"Toxic Egg 2"}],"event_choices":[{"cards_removed":["Defend_P"],"damage_healed":0,"gold_gain":0,"player_choice":"Forget","damage_taken":0,"max_hp_gain":0,"max_hp_loss":0,"event_name":"Living Wall","floor":2,"gold_loss":0},{"damage_healed":0,"gold_gain":0,"player_choice":"Take Wound","damage_taken":0,"relics_obtained":["Golden Idol"],"max_hp_gain":0,"max_hp_loss":0,"event_name":"Golden Idol","floor":3,"gold_loss":0,"cards_obtained":["Injury"]},{"damage_healed":0,"gold_gain":0,"player_choice":"Donut","damage_taken":0,"max_hp_gain":5,"max_hp_loss":0,"event_name":"Big Fish","floor":5,"gold_loss":0},{"cards_removed":["Defend_P"],"damage_healed":0,"gold_gain":0,"player_choice":"Card Removal","damage_taken":0,"max_hp_gain":0,"max_hp_loss":0,"event_name":"The Cleric","floor":11,"gold_loss":50},{"damage_healed":0,"gold_gain":0,"player_choice":"Became a vampire","damage_taken":0,"max_hp_gain":0,"max_hp_loss":24,"event_name":"Vampires","floor":21,"gold_loss":0,"cards_obtained":["Bite","Bite","Bite","Bite","Bite"]},{"damage_healed":0,"gold_gain":0,"player_choice":"Joined the Cult","damage_taken":6,"max_hp_gain":0,"max_hp_loss":0,"event_name":"Nest","floor":22,"gold_loss":0,"cards_obtained":["RitualDagger"]},{"cards_removed":["Eruption"],"damage_healed":0,"gold_gain":0,"player_choice":"Elegance","damage_taken":0,"max_hp_gain":0,"max_hp_loss":0,"event_name":"Back to Basics","floor":29,"gold_loss":0},{"damage_healed":0,"gold_gain":0,"player_choice":"CARD ","damage_taken":12,"max_hp_gain":0,"max_hp_loss":0,"event_name":"Knowing Skull","floor":31,"potions_obtained":[],"gold_loss":0,"cards_obtained":["Panacea"]},{"damage_healed":0,"gold_gain":0,"player_choice":"Upgrade","damage_taken":0,"relics_obtained":["Mark of the Bloom"],"max_hp_gain":0,"max_hp_loss":0,"event_name":"MindBloom","floor":48,"gold_loss":0,"cards_upgraded":["Defend_P","Defend_P","Vigilance","EmptyMind","Prostrate","Prostrate","JustLucky","SandsOfTime","SandsOfTime","Bite","Bite","Bite","Bite","Bite","RitualDagger","Perseverance","Protect","Panacea","Worship","EmptyBody","Establishment","CutThroughFate"]}],"is_beta":true,"boss_relics":[{"not_picked":["Empty Cage","SlaversCollar"],"picked":"HolyWater"},{"not_picked":["Philosopher\u0027s Stone","Pandora\u0027s Box"],"picked":"Cursed Key"}],"items_purged_floors":[14,44],"is_endless":false,"potions_floor_spawned":[1,4,8,10,20,23,24,37,38,39],"ascension_level":0}