{"gold_per_floor":[109,119,135,135,155,155,183,183,260,260,270,270,283,312,312,386,386,399,417,467,315,335,362,377,377,377,377],"floor_reached":27,"playtime":2483,"items_purged":["Strike_R"],"score":590,"play_id":"f0157e99-26aa-4070-b582-8dc317887e00","local_time":"20190914004048","is_ascension_mode":true,"campfire_choices":[{"data":"Uppercut","floor":6,"key":"SMITH"},{"data":"Hemokinesis","floor":8,"key":"SMITH"},{"floor":10,"key":"REST"},{"data":"Flame Barrier","floor":12,"key":"SMITH"},{"data":"Bash","floor":15,"key":"SMITH"}],"neow_cost":"NONE","seed_source_timestamp":1089217530500,"circlet_count":0,"master_deck":["AscendersBane","Strike_R","Strike_R","Strike_R","Defend_R","Defend_R","Defend_R","Defend_R","Bash+1","Iron Wave","Hemokinesis+1","True Grit","Uppercut+1","Flame Barrier+1","Cleave","Shrug It Off","Feed","Burning Pact","Combust","Shockwave","Ghostly","Ghostly","Ghostly"],"relics":["Burning Blood","Du-Vu Doll","Singing Bowl","Orichalcum","Snecko Eye","Strawberry","Sundial"],"potions_floor_usage":[7,14,16],"damage_taken":[{"damage":10,"enemies":"Small Slimes","floor":1,"turns":4},{"damage":7,"enemies":"Cultist","floor":2,"turns":4},{"damage":10,"enemies":"Jaw Worm","floor":3,"turns":3},{"damage":52,"enemies":"Exordium Thugs","floor":5,"turns":6},{"damage":18,"enemies":"Lagavulin","floor":7,"turns":6},{"damage":14,"enemies":"Large Slime","floor":11,"turns":6},{"damage":1,"enemies":"Blue Slaver","floor":13,"turns":4},{"damage":14,"enemies":"3 Sentries","floor":14,"turns":8},{"damage":6,"enemies":"Slime Boss","floor":16,"turns":8},{"damage":2,"enemies":"3 Byrds","floor":18,"turns":6},{"damage":16,"enemies":"Spheric Guardian","floor":19,"turns":5},{"damage":20,"enemies":"Shelled Parasite and Fungi","floor":22,"turns":7},{"damage":27,"enemies":"Gremlin Leader","floor":23,"turns":6},{"damage":12,"enemies":"Snecko","floor":24,"turns":6},{"damage":42,"enemies":"Slavers","floor":27,"turns":5}],"seed_played":"-3804405698152475696","potions_obtained":[{"floor":1,"key":"SteroidPotion"},{"floor":5,"key":"SpeedPotion"},{"floor":7,"key":"Fire Potion"},{"floor":14,"key":"Weak Potion"},{"floor":18,"key":"Strength Potion"}],"is_trial":false,"path_per_floor":["M","M","M","?","M","R","E","R","T","R","M","R","M","E","R","B",null,"M","M","?","$","M","E","M","?","T","E"],"character_chosen":"IRONCLAD","items_purchased":["Combust"],"campfire_rested":1,"item_purchase_floors":[21],"current_hp_per_floor":[71,70,66,66,20,20,8,8,8,32,24,24,29,23,23,23,69,76,68,60,60,49,40,39,39,39,0],"gold":377,"neow_bonus":"TEN_PERCENT_HP_BONUS","is_prod":false,"is_daily":false,"chose_seed":false,"campfire_upgraded":4,"win_rate":0,"timestamp":1568389248,"path_taken":["M","M","M","?","?","R","E","R","T","R","M","R","?","E","R","BOSS","M","M","?","?","M","E","M","?","T","E"],"build_version":"2019-09-12","purchased_purges":1,"victory":false,"max_hp_per_floor":[82,82,82,82,82,82,82,82,82,82,82,82,82,84,84,84,84,87,89,89,89,92,104,109,54,54,54],"card_choices":[{"not_picked":["Ghostly Armor","Thunderclap"],"picked":"Iron Wave","floor":1},{"not_picked":["Spot Weakness","True Grit"],"picked":"Hemokinesis","floor":2},{"not_picked":["Reckless Charge","Wild Strike"],"picked":"True Grit","floor":3},{"not_picked":["Clothesline","True Grit"],"picked":"Uppercut","floor":5},{"not_picked":["Clothesline","Combust"],"picked":"Flame Barrier","floor":7},{"not_picked":["Warcry","True Grit"],"picked":"Cleave","floor":11},{"not_picked":["Flame Barrier","Blood for Blood"],"picked":"Shrug It Off","floor":13},{"not_picked":["Entrench","Ghostly Armor","Feed"],"picked":"Singing Bowl","floor":14},{"not_picked":["Offering","Double Tap"],"picked":"Feed","floor":16},{"not_picked":["Flex+1","Infernal Blade"],"picked":"Burning Pact","floor":18},{"not_picked":["Fire Breathing","Anger","Iron Wave"],"picked":"Singing Bowl","floor":19},{"not_picked":["Cleave","Thunderclap"],"picked":"Shockwave","floor":22},{"not_picked":["Havoc","Flex","Warcry"],"picked":"Singing Bowl","floor":23},{"not_picked":["Havoc","Metallicize","Heavy Blade"],"picked":"Singing Bowl","floor":24}],"player_experience":714631,"relics_obtained":[{"floor":7,"key":"Du-Vu Doll"},{"floor":9,"key":"Singing Bowl"},{"floor":14,"key":"Orichalcum"},{"floor":23,"key":"Strawberry"},{"floor":26,"key":"Sundial"}],"event_choices":[{"cards_removed":["Strike_R"],"damage_healed":0,"gold_gain":0,"player_choice":"Offered Basic","damage_taken":0,"max_hp_gain":0,"max_hp_loss":0,"event_name":"Bonfire Elementals","floor":4,"gold_loss":0},{"damage_healed":0,"gold_gain":50,"player_choice":"Touch","damage_taken":8,"max_hp_gain":0,"max_hp_loss":0,"event_name":"FaceTrader","floor":20,"gold_loss":0},{"damage_healed":0,"gold_gain":0,"player_choice":"Became a Ghost","damage_taken":0,"max_hp_gain":0,"max_hp_loss":55,"event_name":"Ghosts","floor":25,"gold_loss":0,"cards_obtained":["Ghostly","Ghostly","Ghostly"]}],"is_beta":true,"boss_relics":[{"not_picked":["SacredBark","Astrolabe"],"picked":"Snecko Eye"}],"items_purged_floors":[21],"is_endless":false,"potions_floor_spawned":[1,5,7,14,18,23],"killed_by":"Slavers","ascension_level":20}