{"path_per_floor":["M","?","$","M","?","R","M","R","T","?","M","R","$","?","R","B",null,"M","M","?","?","$","R","M","M","T","R","?","?","M","$","R","B",null,"M"],"character_chosen":"DEFECT","items_purchased":["Double Energy","Go for the Eyes","Bandage Up"],"gold_per_floor":[16,116,116,131,131,131,147,147,147,222,237,237,85,85,85,187,187,207,224,251,176,49,49,64,83,83,83,83,83,98,8,8,113,113,128,128],"floor_reached":36,"campfire_rested":3,"playtime":1998,"current_hp_per_floor":[75,75,75,75,63,63,62,62,62,51,49,49,49,54,54,73,80,80,58,22,22,22,46,45,22,22,46,46,46,47,47,71,43,82,44,0],"items_purged":["Strike_B","Strike_B"],"gold":128,"score":350,"play_id":"c98d19f6-96c2-48b7-93f3-49061fc20d7b","local_time":"20180514162236","is_prod":false,"is_daily":false,"chose_seed":false,"is_ascension_mode":false,"campfire_upgraded":4,"timestamp":1526340156,"path_taken":["M","?","?","M","?","R","M","R","T","?","?","R","?","?","R","BOSS","M","M","?","?","$","R","M","M","T","R","?","?","?","?","R","BOSS","M","?"],"build_version":"2018-05-12v2","seed_source_timestamp":12391967912440,"purchased_purges":2,"victory":false,"master_deck":["Strike_B","Defend_B","Defend_B","Zap+1","Dualcast+1","Lockon+1","Ball Lightning+1","Reinforced Body","Genetic Algorithm","Double Energy","Echo Form","Turbo","Aggregate+1","Steam","Go for the Eyes","Self Repair","Static Discharge","Writhe","Bandage Up","Thunder Strike","Sweeping Beam"],"max_hp_per_floor":[75,75,75,75,75,75,75,75,75,75,75,75,75,80,80,80,80,80,80,80,80,80,80,80,80,80,80,80,80,82,82,82,82,82,82,82],"relics":["Cracked Core","Potion Belt","Pantograph","White Beast Statue","Red Mask","Du-Vu Doll","Singing Bowl","Cursed Key"],"card_choices":[{"not_picked":["Darkness","Barrage"],"picked":"Lockon","floor":1},{"not_picked":["Storm","Skim"],"picked":"Ball Lightning","floor":4},{"not_picked":["Stack","Self Repair"],"picked":"Reinforced Body","floor":7},{"not_picked":["Beam Cell","Loop"],"picked":"Genetic Algorithm","floor":11},{"not_picked":["Biased Cognition","Nova"],"picked":"Echo Form","floor":16},{"not_picked":["Cold Snap","Recycle"],"picked":"Turbo","floor":18},{"not_picked":["Leap","Cold Snap"],"picked":"Aggregate+1","floor":19},{"not_picked":["Rebound","Reinforced Body"],"picked":"Steam","floor":20},{"not_picked":["White Noise","Steam+1"],"picked":"Self Repair","floor":24},{"not_picked":["Chaos","Axe Kick"],"picked":"Static Discharge","floor":25},{"not_picked":["Barrage","Axe Kick","Rebound+1"],"picked":"Singing Bowl","floor":30},{"not_picked":["Nova","Buffer"],"picked":"Thunder Strike","floor":33},{"not_picked":["Redo","Stack+1"],"picked":"Sweeping Beam","floor":35}],"player_experience":495349,"potions_floor_usage":[16,18,19,20,25,25,30,33,33,36],"damage_taken":[{"damage":0,"enemies":"2 Louse","floor":1,"turns":2},{"damage":0,"enemies":"Cultist","floor":4,"turns":2},{"damage":1,"enemies":"Jaw Worm","floor":7,"turns":3},{"damage":2,"enemies":"Large Slime","floor":11,"turns":4},{"damage":6,"enemies":"Slime Boss","floor":16,"turns":9},{"damage":0,"enemies":"Chosen","floor":18,"turns":4},{"damage":22,"enemies":"2 Thieves","floor":19,"turns":4},{"damage":36,"enemies":"Masked Bandits","floor":20,"turns":6},{"damage":1,"enemies":"Centurion and Healer","floor":24,"turns":8},{"damage":37,"enemies":"Cultist and Chosen","floor":25,"turns":6},{"damage":15,"enemies":"Snake Plant","floor":30,"turns":5},{"damage":54,"enemies":"Champ","floor":33,"turns":13},{"damage":56,"enemies":"Flame Bruiser 1 Orb","floor":35,"turns":8},{"damage":51,"enemies":"Mysterious Sphere","floor":36,"turns":5}],"event_choices":[{"event_name":"Golden Shrine","player_choice":"Pray","floor":2,"damage_taken":0},{"event_name":"Scrap Ooze","player_choice":"success","floor":5,"damage_taken":12},{"event_name":"World of Goop","player_choice":"Gather Gold","floor":10,"damage_taken":0},{"event_name":"Big Fish","player_choice":"Donut","floor":14,"damage_taken":0},{"event_name":"Masked Bandits","player_choice":"Fought over 224 gold","floor":20,"damage_taken":0},{"event_name":"Beggar","player_choice":"Gave Gold","floor":21,"damage_taken":0},{"event_name":"The Mausoleum","player_choice":"Yes","floor":28,"damage_taken":0},{"event_name":"Vampires","player_choice":"Ignored","floor":29,"damage_taken":0},{"event_name":"Mysterious Sphere","player_choice":"Fight","floor":36,"damage_taken":0}],"boss_relics":[{"not_picked":["Runic Dome","Snecko Eye"],"picked":"White Beast Statue"},{"not_picked":["Eternal Feather","Inserter"],"picked":"Cursed Key"}],"potions_floor_spawned":[1,7,16,18,19,20,24,25,30,33,35],"seed_played":"684650430859696011","killed_by":"Mysterious Sphere","ascension_level":0,"is_trial":false}