{"gold_per_floor":[213,53,80,94,107,107,142,152,152,162,182,182,195,220,220,294,294,313,325,339,133,150,65,65,65],"floor_reached":25,"playtime":1047,"items_purged":["Strike_R"],"score":434,"play_id":"03a371ba-eace-4889-b276-cd4b45b12fcb","local_time":"20190930115427","is_ascension_mode":true,"campfire_choices":[{"data":"Hemokinesis","floor":6,"key":"SMITH"},{"data":"Armaments","floor":12,"key":"SMITH"},{"floor":15,"key":"REST"},{"floor":24,"key":"REST"}],"neow_cost":"NONE","seed_source_timestamp":1164623964478500,"circlet_count":0,"master_deck":["AscendersBane","Strike_R","Strike_R","Strike_R","Strike_R","Defend_R","Defend_R","Defend_R","Defend_R","Bash","Battle Trance","Evolve","Hemokinesis+1","Reckless Charge","Fiend Fire+1","Armaments+1","Clothesline+1","Wild Strike+1","Feed+1","Feel No Pain","True Grit","Feel No Pain","Reckless Charge+1"],"relics":["Burning Blood","Pen Nib","Molten Egg 2","Letter Opener","Bronze Scales","Cursed Key","Omamori"],"potions_floor_usage":[7,8,13,16,25],"damage_taken":[{"damage":2,"enemies":"Cultist","floor":1,"turns":4},{"damage":7,"enemies":"Small Slimes","floor":4,"turns":4},{"damage":3,"enemies":"2 Louse","floor":5,"turns":2},{"damage":24,"enemies":"Lagavulin","floor":7,"turns":5},{"damage":24,"enemies":"Gremlin Gang","floor":8,"turns":4},{"damage":0,"enemies":"Looter","floor":10,"turns":1},{"damage":3,"enemies":"Exordium Thugs","floor":11,"turns":3},{"damage":2,"enemies":"3 Louse","floor":13,"turns":2},{"damage":13,"enemies":"Gremlin Nob","floor":14,"turns":3},{"damage":43,"enemies":"The Guardian","floor":16,"turns":13},{"damage":25,"enemies":"Shell Parasite","floor":18,"turns":3},{"damage":14,"enemies":"3 Byrds","floor":19,"turns":2},{"damage":24,"enemies":"Snecko","floor":20,"turns":5},{"damage":18,"enemies":"Centurion and Healer","floor":22,"turns":10},{"damage":35,"enemies":"3 Cultists","floor":25,"turns":3}],"seed_played":"5789382053372213602","potions_obtained":[{"floor":5,"key":"SpeedPotion"},{"floor":7,"key":"SkillPotion"},{"floor":10,"key":"Explosive Potion"},{"floor":13,"key":"SpeedPotion"},{"floor":14,"key":"ElixirPotion"},{"floor":18,"key":"Ancient Potion"}],"is_trial":false,"path_per_floor":["M","$","T","M","M","R","E","M","T","M","M","R","M","E","R","B",null,"M","M","M","$","M","?","R","M"],"character_chosen":"IRONCLAD","items_purchased":["Evolve","Hemokinesis","Feel No Pain","Reckless Charge+1"],"campfire_rested":2,"item_purchase_floors":[2,2,21,21],"current_hp_per_floor":[72,72,72,71,74,74,56,38,38,44,47,47,51,44,66,29,64,45,37,19,19,11,11,34,0],"gold":65,"neow_bonus":"HUNDRED_GOLD","is_prod":false,"is_daily":false,"chose_seed":false,"campfire_upgraded":2,"win_rate":0,"timestamp":1569869667,"path_taken":["M","?","?","M","M","R","E","M","T","M","M","R","M","E","R","BOSS","M","M","?","$","M","?","R","M"],"build_version":"2019-09-27","purchased_purges":1,"victory":false,"max_hp_per_floor":[75,75,75,75,75,75,75,75,75,75,75,75,75,75,75,75,75,75,75,75,75,79,79,79,79],"card_choices":[{"not_picked":["Havoc","Anger"],"picked":"Battle Trance","floor":1},{"not_picked":["Thunderclap","Twin Strike"],"picked":"Reckless Charge","floor":4},{"not_picked":["Cleave","Sword Boomerang","Blood for Blood"],"picked":"SKIP","floor":5},{"not_picked":["Searing Blow","Dual Wield"],"picked":"Fiend Fire","floor":7},{"not_picked":["Combust","Perfected Strike+1"],"picked":"Armaments","floor":8},{"not_picked":["Sentinel","Twin Strike+1","Armaments"],"picked":"SKIP","floor":10},{"not_picked":["Infernal Blade","Anger+1"],"picked":"Clothesline+1","floor":11},{"not_picked":["Limit Break","Perfected Strike+1"],"picked":"Wild Strike+1","floor":13},{"not_picked":["Perfected Strike+1","Uppercut+1","Warcry"],"picked":"SKIP","floor":14},{"not_picked":["Brutality","Bludgeon+1"],"picked":"Feed+1","floor":16},{"not_picked":["Flex+1","Warcry","Twin Strike+1"],"picked":"SKIP","floor":18},{"not_picked":["Hemokinesis+1","Sentinel"],"picked":"Feel No Pain","floor":19},{"not_picked":["Pommel Strike+1","Perfected Strike+1"],"picked":"True Grit","floor":20},{"not_picked":["Warcry","Heavy Blade+1","Twin Strike+1"],"picked":"SKIP","floor":22}],"player_experience":1137250,"relics_obtained":[{"floor":3,"key":"Pen Nib"},{"floor":7,"key":"Molten Egg 2"},{"floor":9,"key":"Letter Opener"},{"floor":14,"key":"Bronze Scales"}],"event_choices":[{"damage_healed":0,"gold_gain":0,"player_choice":"Obtained Relic","damage_taken":0,"relics_obtained":["Omamori"],"max_hp_gain":0,"max_hp_loss":0,"event_name":"Addict","floor":23,"gold_loss":85}],"is_beta":true,"boss_relics":[{"not_picked":["Runic Cube","SacredBark"],"picked":"Cursed Key"}],"items_purged_floors":[21],"is_endless":false,"potions_floor_spawned":[5,7,10,13,14,18,19],"killed_by":"3 Cultists","ascension_level":20}