{"gold_per_floor":[110,124,143,161,161,161,194,206,206,218,218,237,269,60,60,60],"floor_reached":16,"playtime":809,"items_purged":[],"score":120,"play_id":"f450b456-295c-49ad-87bc-117a8f85aa38","local_time":"20190513150836","is_ascension_mode":true,"campfire_choices":[{"data":"Setup","floor":6,"key":"SMITH"},{"floor":11,"key":"REST"},{"floor":15,"key":"REST"}],"neow_cost":"NONE","seed_source_timestamp":142538569709131,"circlet_count":0,"master_deck":["Defend_G","Defend_G","Defend_G","Defend_G","Defend_G","Strike_G","Strike_G","Strike_G","Strike_G","Strike_G","Survivor","Neutralize","Setup+1","Infinite Blades","Bullet Time","Dagger Spray","Flying Knee","Well Laid Plans","Quick Slash","PiercingWail","Quick Slash"],"relics":["Ring of the Snake","NeowsBlessing","Orichalcum","Blood Vial","Dream Catcher","ClockworkSouvenir"],"potions_floor_usage":[7,13,16,16,16],"damage_taken":[{"damage":0,"enemies":"2 Louse","floor":1,"turns":1},{"damage":0,"enemies":"Jaw Worm","floor":2,"turns":1},{"damage":0,"enemies":"Cultist","floor":3,"turns":1},{"damage":4,"enemies":"Looter","floor":4,"turns":5},{"damage":30,"enemies":"Gremlin Nob","floor":7,"turns":5},{"damage":19,"enemies":"Lots of Slimes","floor":8,"turns":3},{"damage":0,"enemies":"3 Louse","floor":10,"turns":3},{"damage":0,"enemies":"2 Fungi Beasts","floor":12,"turns":3},{"damage":19,"enemies":"3 Sentries","floor":13,"turns":6},{"damage":52,"enemies":"The Guardian","floor":16,"turns":12}],"seed_played":"-5167862954875971631","potions_obtained":[{"floor":2,"key":"Fire Potion"},{"floor":3,"key":"Poison Potion"},{"floor":8,"key":"Strength Potion"},{"floor":10,"key":"Ancient Potion"},{"floor":13,"key":"Weak Potion"}],"is_trial":false,"path_per_floor":["M","M","M","M","?","R","E","M","T","M","R","M","E","$","R","B"],"character_chosen":"THE_SILENT","items_purchased":["ClockworkSouvenir"],"campfire_rested":2,"item_purchase_floors":[14],"current_hp_per_floor":[70,70,70,66,66,66,36,17,17,19,40,42,25,25,46,0],"gold":60,"neow_bonus":"THREE_ENEMY_KILL","is_prod":false,"is_daily":false,"chose_seed":false,"campfire_upgraded":1,"win_rate":0,"timestamp":1557774516,"path_taken":["M","M","M","M","?","R","E","M","T","M","R","M","E","$","R","BOSS"],"build_version":"2019-01-23","purchased_purges":0,"victory":false,"max_hp_per_floor":[70,70,70,70,70,70,70,70,70,70,70,70,70,70,70,70],"card_choices":[{"not_picked":["Dagger Throw","Slice"],"picked":"Setup","floor":1},{"not_picked":["Sucker Punch","Blade Dance","Prepared"],"picked":"SKIP","floor":2},{"not_picked":["Terror","Dagger Throw"],"picked":"Infinite Blades","floor":3},{"not_picked":["Heel Hook","Deadly Poison"],"picked":"Bullet Time","floor":4},{"not_picked":["Underhanded Strike","Dodge and Roll"],"picked":"Dagger Spray","floor":7},{"not_picked":["Setup","Acrobatics"],"picked":"Flying Knee","floor":8},{"not_picked":["Dagger Spray","Sucker Punch"],"picked":"Well Laid Plans","floor":10},{"not_picked":["Underhanded Strike","Outmaneuver"],"picked":"Quick Slash","floor":12},{"not_picked":["Malaise","Deadly Poison"],"picked":"PiercingWail","floor":13},{"not_picked":["Masterful Stab","Flying Knee"],"picked":"Quick Slash","floor":15}],"player_experience":124422,"relics_obtained":[{"floor":7,"key":"Orichalcum"},{"floor":9,"key":"Blood Vial"},{"floor":13,"key":"Dream Catcher"}],"event_choices":[{"damage_healed":0,"gold_gain":0,"player_choice":"Ignored","damage_taken":0,"max_hp_gain":0,"max_hp_loss":0,"event_name":"Liars Game","floor":5,"gold_loss":0}],"is_beta":false,"boss_relics":[],"items_purged_floors":[],"is_endless":false,"potions_floor_spawned":[2,3,8,10,13],"killed_by":"The Guardian","ascension_level":1}