{"gold_per_floor":[109,20,20,43,43,78,78,78,78,78,116,140,140],"floor_reached":13,"playtime":374,"items_purged":[],"score":232,"play_id":"63e7e674-2178-4cef-8063-37f76fc51540","local_time":"20190724172906","is_ascension_mode":true,"campfire_choices":[{"data":"Neutralize","floor":7,"key":"SMITH"}],"neow_cost":"NONE","seed_source_timestamp":9875984063646618,"circlet_count":0,"master_deck":["AscendersBane","Strike_G","Strike_G","Strike_G","Strike_G","Defend_G","Defend_G","Defend_G","Defend_G","Defend_G","Survivor","Neutralize+1","Bane","Predator","Quick Slash","Backflip","Caltrops","Backflip"],"relics":["Ring of the Snake","NeowsBlessing","Golden Idol","Mummified Hand","Meat on the Bone","Question Card","Gremlin Horn"],"potions_floor_usage":[],"damage_taken":[{"damage":0,"enemies":"Small Slimes","floor":1,"turns":1},{"damage":0,"enemies":"Jaw Worm","floor":4,"turns":1},{"damage":0,"enemies":"Lagavulin","floor":6,"turns":1},{"damage":46,"enemies":"Gremlin Nob","floor":11,"turns":5},{"damage":2,"enemies":"2 Louse","floor":12,"turns":3},{"damage":29,"enemies":"Lagavulin","floor":13,"turns":6}],"seed_played":"-418894670505931275","potions_obtained":[{"floor":12,"key":"LiquidBronze"}],"is_trial":false,"path_per_floor":["M","$","?","M","$","E","R","T","T","?","E","M","E"],"character_chosen":"THE_SILENT","items_purchased":["Predator"],"campfire_rested":0,"item_purchase_floors":[2],"current_hp_per_floor":[59,59,59,59,59,59,59,59,59,52,18,28,0],"gold":140,"neow_bonus":"THREE_ENEMY_KILL","is_prod":false,"is_daily":false,"chose_seed":false,"campfire_upgraded":1,"win_rate":0,"timestamp":1563967746,"path_taken":["M","$","?","M","$","E","R","?","T","?","E","M","E"],"build_version":"2019-07-17","purchased_purges":0,"victory":false,"max_hp_per_floor":[66,66,60,60,60,60,60,60,60,60,60,60,60],"card_choices":[{"not_picked":["Sucker Punch","Prepared"],"picked":"Bane","floor":1},{"not_picked":["Dagger Throw","Deflect"],"picked":"Quick Slash","floor":4},{"not_picked":["Predator","Calculated Gamble"],"picked":"Backflip","floor":6},{"not_picked":["PiercingWail","Flying Knee","Well Laid Plans"],"picked":"Caltrops","floor":11},{"not_picked":["Dagger Throw","Bouncing Flask","Flying Knee"],"picked":"Backflip","floor":12}],"player_experience":1585790,"relics_obtained":[{"floor":6,"key":"Mummified Hand"},{"floor":8,"key":"Meat on the Bone"},{"floor":9,"key":"Question Card"},{"floor":11,"key":"Gremlin Horn"}],"event_choices":[{"damage_healed":0,"gold_gain":0,"player_choice":"Lose Max HP","damage_taken":0,"relics_obtained":["Golden Idol"],"max_hp_gain":0,"max_hp_loss":6,"event_name":"Golden Idol","floor":3,"gold_loss":0},{"cards_removed":["Strike_G"],"damage_healed":0,"gold_gain":0,"player_choice":"Card Removal","damage_taken":7,"max_hp_gain":0,"max_hp_loss":0,"event_name":"Golden Wing","floor":10,"gold_loss":0}],"is_beta":false,"boss_relics":[],"items_purged_floors":[],"is_endless":false,"potions_floor_spawned":[12],"killed_by":"Lagavulin","ascension_level":20}