{"gold_per_floor":[13,31,49,62,86,86,144,178,178,205,224,224,224,257,257,334,334,354,36,51,71,71,100,120,120,143,171,200,229,229,2,2,81,81,95,35,4,22,244,274,274,291,291,191,206,234,284,296,296,296,296,296,296,33,60,60],"floor_reached":57,"playtime":6958,"items_purged":["Strike_R","Strike_R","Strike_R"],"score":3151,"play_id":"09c91849-23a1-4857-abed-1264fe4ff3ef","local_time":"20190920110327","is_ascension_mode":true,"campfire_choices":[{"data":"Fire Breathing","floor":6,"key":"SMITH"},{"data":"Carnage","floor":12,"key":"SMITH"},{"data":"Shockwave","floor":15,"key":"SMITH"},{"data":"Burning Pact","floor":25,"key":"SMITH"},{"data":"Evolve","floor":30,"key":"SMITH"},{"data":"Feel No Pain","floor":32,"key":"SMITH"},{"floor":41,"key":"RECALL"},{"data":"Disarm","floor":49,"key":"SMITH"},{"data":"Inflame","floor":53,"key":"SMITH"}],"neow_cost":"NO_GOLD","seed_source_timestamp":11526740296500,"circlet_count":0,"master_deck":["AscendersBane","Strike_R+1","Strike_R","Defend_R","Defend_R","Defend_R","Defend_R","Bash+1","Inflame+1","Fire Breathing+1","Shockwave+1","Carnage+1","Clothesline","Sword Boomerang","Exhume","Burning Pact+1","Limit Break","Whirlwind","Corruption","Power Through","Disarm+1","Evolve+1","Havoc","Havoc","Havoc","Feel No Pain+1","Shrug It Off","Dark Shackles","Corruption+1","Disarm+1","Feel No Pain","Shrug It Off","Shrug It Off","Exhume"],"relics":["Burning Blood","Dead Branch","Blood Vial","Whetstone","Mummified Hand","Mercury Hourglass","MealTicket","Red Skull","Snecko Eye","ClockworkSouvenir","Champion Belt","Regal Pillow","Bird Faced Urn","Red Mask","The Courier","Sozu","Oddly Smooth Stone","Lantern","Du-Vu Doll","CloakClasp","Strawberry"],"potions_floor_usage":[7,11,20],"damage_taken":[{"damage":1,"enemies":"Cultist","floor":1,"turns":4},{"damage":10,"enemies":"2 Louse","floor":2,"turns":4},{"damage":14,"enemies":"Jaw Worm","floor":3,"turns":4},{"damage":5,"enemies":"2 Fungi Beasts","floor":4,"turns":3},{"damage":6,"enemies":"Gremlin Nob","floor":7,"turns":3},{"damage":29,"enemies":"Gremlin Nob","floor":8,"turns":4},{"damage":10,"enemies":"Lagavulin","floor":10,"turns":4},{"damage":20,"enemies":"Exordium Wildlife","floor":11,"turns":3},{"damage":22,"enemies":"Gremlin Nob","floor":14,"turns":4},{"damage":22,"enemies":"Slime Boss","floor":16,"turns":6},{"damage":10,"enemies":"Chosen","floor":18,"turns":3},{"damage":16,"enemies":"Shell Parasite","floor":20,"turns":3},{"damage":8,"enemies":"Centurion and Healer","floor":21,"turns":3},{"damage":3,"enemies":"Gremlin Leader","floor":23,"turns":4},{"damage":0,"enemies":"Snake Plant","floor":24,"turns":3},{"damage":17,"enemies":"Slavers","floor":27,"turns":3},{"damage":0,"enemies":"Masked Bandits","floor":28,"turns":2},{"damage":10,"enemies":"Gremlin Leader","floor":29,"turns":4},{"damage":3,"enemies":"Collector","floor":33,"turns":4},{"damage":0,"enemies":"Orb Walker","floor":35,"turns":3},{"damage":0,"enemies":"3 Shapes","floor":38,"turns":3},{"damage":0,"enemies":"Reptomancer","floor":40,"turns":3},{"damage":3,"enemies":"Writhing Mass","floor":42,"turns":4},{"damage":10,"enemies":"Maw","floor":45,"turns":4},{"damage":0,"enemies":"Nemesis","floor":46,"turns":5},{"damage":8,"enemies":"2 Orb Walkers","floor":47,"turns":4},{"damage":1,"enemies":"3 Darklings","floor":48,"turns":4},{"damage":6,"enemies":"Awakened One","floor":50,"turns":10},{"damage":7,"enemies":"Donu and Deca","floor":51,"turns":7},{"damage":0,"enemies":"Shield and Spear","floor":55,"turns":4},{"damage":28,"enemies":"The Heart","floor":56,"turns":7}],"seed_played":"-3044479825707832010","potions_obtained":[{"floor":2,"key":"Dexterity Potion"},{"floor":4,"key":"AttackPotion"},{"floor":7,"key":"SkillPotion"},{"floor":11,"key":"Weak Potion"},{"floor":21,"key":"Explosive Potion"}],"is_trial":false,"path_per_floor":["M","M","M","M","T","R","?","E","T","E","M","R","?","E","R","B",null,"M","$","M","M","?","E","M","R","T","E","?","E","R","$","R","B",null,"M","$","$","M","?","E","R","M","T","$","M","E","?","M","R","B","B",null,"R","$","E","B",null],"character_chosen":"IRONCLAD","items_purchased":["Corruption","ClockworkSouvenir","Feel No Pain","Shrug It Off","Dark Shackles","Disarm","Feel No Pain","CloakClasp"],"campfire_rested":0,"item_purchase_floors":[19,19,31,31,31,36,37,54],"current_hp_per_floor":[73,69,61,62,62,62,64,43,43,41,29,29,54,40,40,26,63,61,75,65,65,65,70,75,75,75,64,75,75,75,75,75,75,75,75,75,75,75,75,75,75,75,75,75,75,75,75,75,75,75,75,75,75,75,82,72],"gold":60,"neow_bonus":"ONE_RARE_RELIC","is_prod":false,"is_daily":false,"chose_seed":false,"campfire_upgraded":8,"win_rate":0,"timestamp":1568945007,"path_taken":["M","?","M","M","?","R","?","E","T","E","M","R","?","E","R","BOSS","M","$","M","M","?","E","M","R","T","E","?","E","R","?","R","BOSS","M","?","$","M","?","E","R","M","T","$","M","E","?","M","R","BOSS","BOSS","R","$","E","BOSS"],"build_version":"2019-09-19","purchased_purges":3,"victory":true,"max_hp_per_floor":[75,75,75,75,75,75,75,75,75,75,75,75,75,75,75,75,75,75,75,75,75,75,75,75,75,75,75,75,75,75,75,75,75,75,75,75,75,75,75,75,75,75,75,75,75,75,75,75,75,75,75,75,75,75,82,82],"card_choices":[{"not_picked":["Wild Strike","Feel No Pain"],"picked":"Inflame","floor":1},{"not_picked":["Clothesline","Body Slam"],"picked":"Fire Breathing","floor":2},{"not_picked":["Uppercut","Havoc"],"picked":"Shockwave","floor":3},{"not_picked":["Whirlwind","Heavy Blade"],"picked":"Carnage","floor":4},{"not_picked":["Warcry","Clash"],"picked":"Clothesline","floor":8},{"not_picked":["Twin Strike","Intimidate"],"picked":"Sword Boomerang","floor":10},{"not_picked":["True Grit","Heavy Blade"],"picked":"Exhume","floor":11},{"not_picked":["Pummel","Iron Wave"],"picked":"Burning Pact","floor":14},{"not_picked":["Juggernaut","Bludgeon"],"picked":"Limit Break","floor":16},{"not_picked":["Burning Pact","Havoc"],"picked":"Whirlwind","floor":18},{"not_picked":["Fire Breathing","Havoc"],"picked":"Power Through","floor":20},{"not_picked":["Second Wind","Rampage+1"],"picked":"Disarm+1","floor":21},{"not_picked":["Cleave","Wild Strike","Sword Boomerang+1"],"picked":"SKIP","floor":23},{"not_picked":["Rampage+1","Blood for Blood"],"picked":"Havoc","floor":24},{"not_picked":["Iron Wave","Pummel"],"picked":"Havoc","floor":27},{"not_picked":["Clash","Body Slam"],"picked":"Havoc","floor":28},{"not_picked":["Double Tap","Clash","Immolate"],"picked":"SKIP","floor":29},{"not_picked":["Perfected Strike","Havoc"],"picked":"Corruption+1","floor":35},{"not_picked":["Flame Barrier","Havoc","Dual Wield"],"picked":"SKIP","floor":38},{"not_picked":["Fiend Fire","Evolve","Pummel"],"picked":"SKIP","floor":40},{"not_picked":["Dual Wield","Wild Strike+1","Perfected Strike"],"picked":"SKIP","floor":42},{"not_picked":["Thunderclap","Second Wind"],"picked":"Shrug It Off","floor":45},{"not_picked":["Rampage","Flame Barrier","Infernal Blade"],"picked":"SKIP","floor":46},{"not_picked":["Uppercut","Entrench"],"picked":"Shrug It Off","floor":47},{"not_picked":["Feel No Pain","Flex","Wild Strike"],"picked":"SKIP","floor":48},{"not_picked":["Rampage+1","Wild Strike"],"picked":"Exhume","floor":55}],"player_experience":787709,"relics_obtained":[{"floor":5,"key":"Blood Vial"},{"floor":7,"key":"Whetstone"},{"floor":8,"key":"Mummified Hand"},{"floor":9,"key":"Mercury Hourglass"},{"floor":10,"key":"MealTicket"},{"floor":14,"key":"Red Skull"},{"floor":23,"key":"Champion Belt"},{"floor":26,"key":"Regal Pillow"},{"floor":27,"key":"Bird Faced Urn"},{"floor":28,"key":"Red Mask"},{"floor":29,"key":"The Courier"},{"floor":40,"key":"Oddly Smooth Stone"},{"floor":46,"key":"Lantern"},{"floor":47,"key":"Du-Vu Doll"},{"floor":55,"key":"Strawberry"}],"event_choices":[{"damage_healed":0,"gold_gain":30,"player_choice":"Searched \u00272\u0027 times","damage_taken":0,"max_hp_gain":0,"max_hp_loss":0,"event_name":"Dead Adventurer","floor":7,"gold_loss":0},{"damage_healed":25,"gold_gain":0,"player_choice":"Banana","damage_taken":0,"max_hp_gain":0,"max_hp_loss":0,"event_name":"Big Fish","floor":13,"gold_loss":0},{"damage_healed":0,"gold_gain":0,"player_choice":"Read","damage_taken":0,"max_hp_gain":0,"max_hp_loss":0,"event_name":"The Library","floor":22,"gold_loss":0,"cards_obtained":["Evolve"]},{"damage_healed":0,"gold_gain":0,"player_choice":"Fought Bandits","damage_taken":0,"max_hp_gain":0,"max_hp_loss":0,"event_name":"Masked Bandits","floor":28,"gold_loss":0},{"damage_healed":0,"gold_gain":222,"player_choice":"Wore Mask","damage_taken":0,"max_hp_gain":0,"max_hp_loss":0,"event_name":"Tomb of Lord Red Mask","floor":39,"gold_loss":0},{"damage_healed":0,"gold_gain":0,"player_choice":"Fight","damage_taken":0,"max_hp_gain":0,"max_hp_loss":0,"event_name":"Mysterious Sphere","floor":47,"gold_loss":0}],"is_beta":true,"boss_relics":[{"not_picked":["Velvet Choker","Empty Cage"],"picked":"Snecko Eye"},{"not_picked":["Tiny House","Runic Pyramid"],"picked":"Sozu"}],"items_purged_floors":[19,31,44],"is_endless":false,"potions_floor_spawned":[2,4,7,10,11,21,23,28,40,45,46,47],"ascension_level":20}