{"path_per_floor":["M","M","M","?","?","R","?","R","T","$","M","M","M","E","R","B",null,"M","?","M","?","$","R","?","M","T","$","E","M","R","?","R","B",null,"M","?","M","M","?","R","?","T","T","M","M","?","E","M","R","B"],"character_chosen":"IRONCLAD","items_purchased":["Shrug It Off","Trip"],"gold_per_floor":[114,129,144,94,94,94,94,94,94,56,71,86,101,131,131,231,231,246,246,261,211,66,66,66,81,81,1,31,46,46,46,46,146,176,191,191,206,221,221,221,321,321,321,336,351,351,381,396,396,396],"floor_reached":51,"campfire_rested":2,"playtime":3329,"current_hp_per_floor":[80,80,80,80,68,68,52,52,52,52,58,64,67,56,56,74,80,76,76,80,80,80,80,64,64,64,64,30,29,78,78,78,71,83,79,79,71,83,83,83,83,83,97,80,64,64,58,45,92,46],"items_purged":["Defend_R","Strike_R"],"gold":396,"score":697,"play_id":"41cda04a-afd4-42ce-a84a-640dd1b71b5a","local_time":"20180330224855","daily_mods":["Allstar","Time Dilation","Night Terrors"],"is_prod":false,"is_daily":true,"is_ascension_mode":false,"campfire_upgraded":6,"timestamp":1522475335,"path_taken":["M","M","M","?","?","R","?","R","T","$","M","M","M","E","R","BOSS","M","?","M","?","$","R","?","?","T","?","E","M","R","?","R","BOSS","M","?","M","M","?","R","?","?","T","M","M","?","E","?","R","BOSS"],"build_version":"2018-03-29","purchased_purges":2,"victory":true,"master_deck":["Strike_R","Defend_R+1","Defend_R","Defend_R","Bash+1","Dramatic Entrance+1","Shockwave+1","Disarm","Corruption+1","Shrug It Off","Iron Wave+1","Impervious","Panacea+1","Twin Strike+1","Dual Wield+1","Pommel Strike+1","Inflame+1","Iron Wave+1","Trip","Iron Wave+1","Inflame+1","Dark Embrace+1","Intimidate","Seeing Red","Flex"],"max_hp_per_floor":[80,80,80,80,80,80,80,80,80,80,80,80,80,80,80,80,80,80,80,80,80,80,80,80,83,83,83,83,83,78,78,78,78,83,83,83,83,83,83,83,83,83,97,97,97,97,97,97,92,92],"relics":["Burning Blood","Pantograph","The Courier","Paper Frog","Astrolabe","Nilry\u0027s Codex","Calipers","Shuriken","Tiny House","Orichalcum","Mango","Blood Vial"],"card_choices":[{"not_picked":["Twin Strike","Anger"],"picked":"Shockwave","floor":1},{"not_picked":["Body Slam","Havoc"],"picked":"Disarm","floor":2},{"not_picked":["Wild Strike","Evolve"],"picked":"Corruption","floor":3},{"not_picked":["Dual Wield","Heavy Blade"],"picked":"Iron Wave","floor":11},{"not_picked":["Shockwave","Corruption"],"picked":"Cleave","floor":12},{"not_picked":["Brutality","Reaper"],"picked":"Impervious","floor":16},{"not_picked":["Ghostly Armor","Armaments"],"picked":"Pommel Strike","floor":18},{"not_picked":["Anger","Body Slam"],"picked":"Iron Wave","floor":20},{"not_picked":["Warcry","Clothesline"],"picked":"Iron Wave","floor":25},{"not_picked":["Sever Soul","Reckless Charge"],"picked":"Inflame","floor":29},{"not_picked":["Fiend Fire","Double Tap"],"picked":"Dark Embrace","floor":33},{"not_picked":["Twin Strike","Perfected Strike"],"picked":"Intimidate","floor":35},{"not_picked":["Heavy Blade","Wild Strike"],"picked":"Seeing Red","floor":38},{"not_picked":["Cleave","Rage"],"picked":"Flex","floor":48}],"player_experience":401801,"potions_floor_usage":[14,16,16,28,33,38,44,48,48,50],"damage_taken":[{"damage":6,"enemies":"Jaw Worm","floor":1,"turns":2},{"damage":3,"enemies":"Small Slimes","floor":2,"turns":2},{"damage":1,"enemies":"2 Louse","floor":3,"turns":2},{"damage":0,"enemies":"Large Slime","floor":11,"turns":6},{"damage":0,"enemies":"2 Fungi Beasts","floor":12,"turns":3},{"damage":3,"enemies":"Exordium Wildlife","floor":13,"turns":3},{"damage":17,"enemies":"Gremlin Nob","floor":14,"turns":4},{"damage":12,"enemies":"The Guardian","floor":16,"turns":12},{"damage":10,"enemies":"2 Thieves","floor":18,"turns":3},{"damage":0,"enemies":"Chosen","floor":20,"turns":4},{"damage":9,"enemies":"Centurion and Healer","floor":25,"turns":5},{"damage":40,"enemies":"Slavers","floor":28,"turns":3},{"damage":7,"enemies":"Snake Plant","floor":29,"turns":3},{"damage":13,"enemies":"Champ","floor":33,"turns":7},{"damage":10,"enemies":"Orb Walker","floor":35,"turns":2},{"damage":14,"enemies":"Flame Bruiser 1 Orb","floor":37,"turns":5},{"damage":0,"enemies":"Spire Growth","floor":38,"turns":5},{"damage":23,"enemies":"3 Darklings","floor":44,"turns":6},{"damage":22,"enemies":"Flame Bruiser 2 Orb","floor":45,"turns":4},{"damage":12,"enemies":"Nemesis","floor":47,"turns":5},{"damage":21,"enemies":"Sphere and 2 Shapes","floor":48,"turns":5},{"damage":52,"enemies":"Awakened One","floor":50,"turns":8}],"event_choices":[{"event_name":"The Cleric","player_choice":"Card Removal","floor":4,"damage_taken":0},{"event_name":"Scrap Ooze","player_choice":"success","floor":5,"damage_taken":12},{"event_name":"Shining Light","player_choice":"Entered Light","floor":7,"damage_taken":0},{"event_name":"The Library","player_choice":"Read","floor":19,"damage_taken":0},{"event_name":"The Joust","player_choice":"Bet on Murderer","floor":21,"damage_taken":0},{"event_name":"Cursed Tome","player_choice":"Obtained Book","floor":24,"damage_taken":0},{"event_name":"Ghosts","player_choice":"Ignored","floor":31,"damage_taken":0},{"event_name":"The Lab","player_choice":"Got Potions","floor":36,"damage_taken":0},{"event_name":"Golden Shrine","player_choice":"Pray","floor":41,"damage_taken":0},{"event_name":"Mysterious Sphere","player_choice":"Ignore","floor":46,"damage_taken":0}],"boss_relics":[{"not_picked":["Snecko Eye","Runic Pyramid"],"picked":"Astrolabe"},{"not_picked":["Calling Bell","Orrery"],"picked":"Tiny House"}],"potions_floor_spawned":[3,12,13,14,20,28,35,45,47],"seed_played":"-692693385268839253","ascension_level":0,"is_trial":false}