{"gold_per_floor":[115,115,135,155,171,171,171,202,284,76,88,103,103,138,138,214,214,229,239,253,253,16,41,41,52,76,93,93,125,137,162,162,236,236,254,254,271,271,2,34,34,69,69,96,107,127,127,140,140,140,140,140,140,100,126,126],"floor_reached":57,"playtime":5559,"items_purged":["Strike_R","Pain"],"score":3153,"play_id":"f0f51afe-e0d5-4fd8-8325-97821eb22175","local_time":"20190930125613","is_ascension_mode":true,"campfire_choices":[{"data":"Bash","floor":6,"key":"SMITH"},{"data":"Corruption","floor":13,"key":"SMITH"},{"data":"Fire Breathing","floor":15,"key":"SMITH"},{"data":"Evolve","floor":24,"key":"SMITH"},{"data":"Offering","floor":28,"key":"SMITH"},{"floor":32,"key":"REST"},{"floor":41,"key":"REST"},{"floor":47,"key":"RECALL"},{"floor":49,"key":"REST"},{"floor":53,"key":"REST"}],"neow_cost":"PERCENT_DAMAGE","seed_source_timestamp":237566348608200,"circlet_count":0,"master_deck":["AscendersBane","Strike_R","Defend_R","Defend_R","Defend_R","Bash+1","Headbutt+1","Shrug It Off","Clothesline","Fire Breathing+1","Reckless Charge+1","Shrug It Off","Evolve+1","Corruption+1","Power Through","Impervious","Power Through","Fiend Fire","Corruption","Offering+1","Flame Barrier","Warcry","Shockwave","Impervious","Havoc","Feel No Pain","Exhume","Battle Trance","Burning Pact","True Grit+1","Disarm","Battle Trance"],"relics":["Burning Blood","Dead Branch","Question Card","Whetstone","Mark of Pain","Dodecahedron","Kunai","Strawberry","Lantern","Vajra","Fusion Hammer","WarpedTongs","Blue Candle","Orichalcum","Mango","Lizard Tail"],"potions_floor_usage":[56,56],"damage_taken":[{"damage":1,"enemies":"2 Louse","floor":1,"turns":2},{"damage":13,"enemies":"Cultist","floor":3,"turns":5},{"damage":4,"enemies":"Small Slimes","floor":4,"turns":4},{"damage":13,"enemies":"3 Louse","floor":5,"turns":5},{"damage":27,"enemies":"Gremlin Nob","floor":8,"turns":4},{"damage":6,"enemies":"Lots of Slimes","floor":11,"turns":4},{"damage":5,"enemies":"Blue Slaver","floor":12,"turns":4},{"damage":17,"enemies":"3 Sentries","floor":14,"turns":3},{"damage":0,"enemies":"Slime Boss","floor":16,"turns":4},{"damage":0,"enemies":"Shell Parasite","floor":18,"turns":3},{"damage":6,"enemies":"3 Byrds","floor":19,"turns":2},{"damage":3,"enemies":"Snake Plant","floor":20,"turns":4},{"damage":18,"enemies":"Book of Stabbing","floor":23,"turns":4},{"damage":6,"enemies":"3 Cultists","floor":25,"turns":4},{"damage":8,"enemies":"Shelled Parasite and Fungi","floor":27,"turns":3},{"damage":32,"enemies":"Gremlin Leader","floor":29,"turns":4},{"damage":6,"enemies":"Snecko","floor":30,"turns":2},{"damage":10,"enemies":"Book of Stabbing","floor":31,"turns":5},{"damage":9,"enemies":"Collector","floor":33,"turns":6},{"damage":0,"enemies":"3 Shapes","floor":35,"turns":4},{"damage":0,"enemies":"3 Darklings","floor":37,"turns":4},{"damage":0,"enemies":"Nemesis","floor":40,"turns":7},{"damage":0,"enemies":"Reptomancer","floor":42,"turns":4},{"damage":0,"enemies":"Nemesis","floor":44,"turns":5},{"damage":19,"enemies":"Jaw Worm Horde","floor":45,"turns":5},{"damage":0,"enemies":"4 Shapes","floor":46,"turns":3},{"damage":0,"enemies":"Sphere and 2 Shapes","floor":48,"turns":2},{"damage":10,"enemies":"Awakened One","floor":50,"turns":8},{"damage":4,"enemies":"Time Eater","floor":51,"turns":10},{"damage":65,"enemies":"Shield and Spear","floor":55,"turns":5},{"damage":20,"enemies":"The Heart","floor":56,"turns":7}],"seed_played":"8008993455371880394","potions_obtained":[{"floor":1,"key":"FearPotion"},{"floor":8,"key":"Ancient Potion"},{"floor":23,"key":"Ancient Potion"},{"floor":29,"key":"Weak Potion"},{"floor":40,"key":"LiquidBronze"},{"floor":46,"key":"DuplicationPotion"}],"is_trial":false,"path_per_floor":["M","?","M","M","M","R","?","E","T","$","M","M","R","E","R","B",null,"M","M","M","?","$","E","R","M","T","M","R","E","M","E","R","B",null,"M","?","M","?","$","E","R","E","T","E","M","M","R","M","R","B","B",null,"R","$","E","B",null],"character_chosen":"IRONCLAD","items_purchased":["Reckless Charge","Shrug It Off","Fiend Fire","Corruption","Feel No Pain","Exhume","Disarm"],"campfire_rested":4,"item_purchase_floors":[10,10,22,22,39,39,54],"current_hp_per_floor":[55,55,48,50,43,43,75,54,54,54,54,55,55,44,44,50,69,75,75,75,75,75,63,63,63,70,68,68,42,42,38,62,59,76,82,82,82,82,82,82,82,82,82,96,83,89,89,95,96,92,94,96,96,96,37,23],"gold":126,"neow_bonus":"REMOVE_TWO","is_prod":false,"is_daily":false,"chose_seed":false,"campfire_upgraded":5,"win_rate":0,"timestamp":1569815773,"path_taken":["M","?","?","M","M","R","?","E","T","$","M","?","R","E","R","BOSS","M","M","M","?","$","E","R","M","T","?","R","E","M","E","R","BOSS","M","?","M","?","$","E","R","E","T","E","M","M","R","M","R","BOSS","BOSS","R","$","E","BOSS"],"build_version":"2019-09-27","purchased_purges":2,"victory":true,"max_hp_per_floor":[75,75,75,75,75,75,75,75,75,75,75,75,75,75,75,75,75,75,75,75,75,75,75,75,75,82,82,82,82,82,82,82,82,82,82,82,82,82,82,82,82,82,82,96,96,96,96,96,96,96,96,96,96,96,96,96],"card_choices":[{"not_picked":["Sentinel","Clash"],"picked":"Burning Pact","floor":1},{"not_picked":["Intimidate","Clash"],"picked":"Headbutt","floor":3},{"not_picked":["Thunderclap","True Grit"],"picked":"Shrug It Off","floor":4},{"not_picked":["Pommel Strike","Wild Strike"],"picked":"Clothesline","floor":5},{"not_picked":["Sentinel","Berserk"],"picked":"Fire Breathing","floor":8},{"not_picked":["Clash","Warcry","Intimidate"],"picked":"Evolve","floor":11},{"not_picked":["Warcry","Blood for Blood","Dropkick"],"picked":"Corruption","floor":12},{"not_picked":["Pommel Strike","Blood for Blood","Flame Barrier"],"picked":"Power Through","floor":14},{"not_picked":["Exhume","Brutality","Immolate"],"picked":"Impervious","floor":16},{"not_picked":["Flex","True Grit","Armaments","Pummel"],"picked":"SKIP","floor":18},{"not_picked":["Flex","Armaments","Spot Weakness","Cleave"],"picked":"SKIP","floor":19},{"not_picked":["Thunderclap","Iron Wave","Entrench"],"picked":"Power Through","floor":20},{"not_picked":["Reaper","Dark Embrace","Twin Strike"],"picked":"Offering","floor":23},{"not_picked":["Thunderclap","Flame Barrier","Flex","Pommel Strike"],"picked":"SKIP","floor":25},{"not_picked":["Thunderclap","Flex","Pommel Strike"],"picked":"Flame Barrier","floor":25},{"not_picked":["Wild Strike","Searing Blow","Cleave"],"picked":"Warcry","floor":27},{"not_picked":["Corruption","Perfected Strike","Ghostly Armor"],"picked":"Shockwave","floor":29},{"not_picked":["Twin Strike","Clothesline","Pommel Strike","Headbutt"],"picked":"SKIP","floor":30},{"not_picked":["Uppercut","Barricade","Headbutt","Flex"],"picked":"SKIP","floor":31},{"not_picked":["Barricade","Immolate","Brutality"],"picked":"Impervious","floor":33},{"not_picked":["Clothesline+1","Dropkick","Thunderclap+1","Metallicize"],"picked":"SKIP","floor":35},{"not_picked":["Warcry","Iron Wave","Armaments"],"picked":"Havoc","floor":37},{"not_picked":["Ghostly Armor+1","Exhume","Wild Strike"],"picked":"Battle Trance","floor":40},{"not_picked":["Armaments","Infernal Blade+1","Twin Strike"],"picked":"Burning Pact","floor":42},{"not_picked":["Sword Boomerang","Dual Wield","Seeing Red+1","Heavy Blade"],"picked":"SKIP","floor":44},{"not_picked":["Sword Boomerang","Dual Wield","Seeing Red+1","Heavy Blade"],"picked":"SKIP","floor":44},{"not_picked":["Iron Wave+1","True Grit","Clash","Sentinel"],"picked":"SKIP","floor":45},{"not_picked":["Sword Boomerang","Thunderclap","Rage"],"picked":"True Grit+1","floor":46},{"not_picked":["Entrench","Intimidate","Clothesline","Barricade"],"picked":"SKIP","floor":48},{"not_picked":["Havoc","Sentinel+1","Flex"],"picked":"Battle Trance","floor":55}],"player_experience":886072,"relics_obtained":[{"floor":8,"key":"Dead Branch"},{"floor":9,"key":"Question Card"},{"floor":14,"key":"Whetstone"},{"floor":23,"key":"Kunai"},{"floor":26,"key":"Strawberry"},{"floor":29,"key":"Lantern"},{"floor":31,"key":"Vajra"},{"floor":40,"key":"Blue Candle"},{"floor":42,"key":"Orichalcum"},{"floor":44,"key":"Mango"},{"floor":55,"key":"Lizard Tail"}],"event_choices":[{"cards_removed":["Strike_R"],"damage_healed":0,"gold_gain":0,"player_choice":"Purged","damage_taken":0,"max_hp_gain":0,"max_hp_loss":0,"event_name":"Purifier","floor":2,"gold_loss":0},{"cards_removed":["Burning Pact"],"damage_healed":32,"gold_gain":0,"player_choice":"Offered Uncommon","damage_taken":0,"max_hp_gain":0,"max_hp_loss":0,"event_name":"Bonfire Elementals","floor":7,"gold_loss":0},{"damage_healed":0,"gold_gain":0,"player_choice":"Gave Potion","damage_taken":0,"relics_obtained":["Dodecahedron"],"max_hp_gain":0,"max_hp_loss":0,"event_name":"WeMeetAgain","floor":21,"gold_loss":0},{"cards_removed":["Strike_R"],"damage_healed":0,"gold_gain":0,"player_choice":"Removed Attack","damage_taken":0,"max_hp_gain":0,"max_hp_loss":0,"event_name":"Falling","floor":36,"gold_loss":0},{"damage_healed":0,"gold_gain":0,"player_choice":"Rummage","damage_taken":0,"relics_obtained":["WarpedTongs"],"max_hp_gain":0,"max_hp_loss":0,"event_name":"Accursed Blacksmith","floor":38,"gold_loss":0,"cards_obtained":["Pain"]}],"is_beta":true,"boss_relics":[{"not_picked":["Runic Pyramid","Ectoplasm"],"picked":"Mark of Pain"},{"not_picked":["Cursed Key","Astrolabe"],"picked":"Fusion Hammer"}],"items_purged_floors":[10,39],"is_endless":false,"potions_floor_spawned":[1,8,12,23,25,29,37,40,46,48],"ascension_level":20}