{"gold_per_floor":[109,124,144,163,174,174,204,219,219,236,236,236,236,252,252,349,349,360,376,393,96,96,96,111,121,144,144,154,174,193,222,222,317,317,327,342,342,89,89,89,120,120,120,120,30,30,30,47,47,47],"floor_reached":51,"playtime":3128,"items_purged":["Strike_B"],"score":678,"play_id":"8df7eaaf-c24d-4154-9222-b5d79ea09ddf","local_time":"20190312225020","is_ascension_mode":false,"campfire_choices":[{"floor":6,"key":"REST"},{"data":"Defragment","floor":11,"key":"SMITH"},{"data":"Storm","floor":13,"key":"SMITH"},{"data":"Fusion","floor":15,"key":"SMITH"},{"floor":23,"key":"REST"},{"floor":27,"key":"REST"},{"floor":32,"key":"REST"},{"floor":40,"key":"REST"},{"floor":42,"key":"REST"},{"floor":44,"key":"REST"},{"floor":47,"key":"REST"},{"floor":49,"key":"REST"}],"neow_cost":"NONE","seed_source_timestamp":58799345512589,"circlet_count":0,"master_deck":["Strike_B+1","Strike_B+1","Defend_B+1","Defend_B+1","Defend_B+1","Defend_B+1","Zap+1","Dualcast+1","Stack+1","Rip and Tear+1","Melter+1","Go for the Eyes+1","Cold Snap+1","Defragment+1","Fusion+1","Storm+1","Amplify+1","Glacier+1","Creative AI+1","Coolheaded+1","Force Field+1","Capacitor+1","Beam Cell+1","Tempest+1","Tempest+1","Capacitor+1","White Noise+1","Auto Shields+1","Defragment+1","Steam Power+1","Electrodynamics+1","Steam Power+1","Double Energy+1"],"relics":["Cracked Core","Dream Catcher","Pear","Bottled Flame","Nuclear Battery","Orichalcum","Oddly Smooth Stone","Juzu Bracelet","Cursed Key","Meat on the Bone","Shuriken","Molten Egg 2","Mark of the Bloom"],"potions_floor_usage":[7,16,20,29,31,33,41,50],"damage_taken":[{"damage":1,"enemies":"Cultist","floor":1,"turns":4},{"damage":0,"enemies":"2 Louse","floor":2,"turns":3},{"damage":11,"enemies":"Jaw Worm","floor":3,"turns":3},{"damage":2,"enemies":"Looter","floor":4,"turns":4},{"damage":14,"enemies":"Large Slime","floor":5,"turns":5},{"damage":6,"enemies":"Gremlin Nob","floor":7,"turns":3},{"damage":10,"enemies":"Gremlin Gang","floor":8,"turns":5},{"damage":4,"enemies":"Blue Slaver","floor":10,"turns":3},{"damage":0,"enemies":"3 Louse","floor":14,"turns":3},{"damage":64,"enemies":"Slime Boss","floor":16,"turns":14},{"damage":10,"enemies":"Chosen","floor":18,"turns":6},{"damage":3,"enemies":"Spheric Guardian","floor":19,"turns":4},{"damage":23,"enemies":"Centurion and Healer","floor":20,"turns":4},{"damage":5,"enemies":"Sentry and Sphere","floor":24,"turns":5},{"damage":15,"enemies":"Cultist and Chosen","floor":25,"turns":5},{"damage":2,"enemies":"Snecko","floor":28,"turns":4},{"damage":4,"enemies":"Centurion and Healer","floor":29,"turns":4},{"damage":22,"enemies":"3 Cultists","floor":30,"turns":5},{"damage":6,"enemies":"Book of Stabbing","floor":31,"turns":6},{"damage":36,"enemies":"Automaton","floor":33,"turns":9},{"damage":7,"enemies":"3 Shapes","floor":35,"turns":3},{"damage":25,"enemies":"3 Darklings","floor":36,"turns":4},{"damage":34,"enemies":"Nemesis","floor":41,"turns":7},{"damage":3,"enemies":"Sphere and 2 Shapes","floor":48,"turns":1},{"damage":51,"enemies":"Time Eater","floor":50,"turns":8}],"seed_played":"1331879087166636639","potions_obtained":[{"floor":2,"key":"Energy Potion"},{"floor":5,"key":"FearPotion"},{"floor":7,"key":"Poison Potion"},{"floor":8,"key":"Regen Potion"},{"floor":18,"key":"Regen Potion"},{"floor":25,"key":"Weak Potion"},{"floor":29,"key":"SteroidPotion"},{"floor":33,"key":"SpeedPotion"},{"floor":35,"key":"SteroidPotion"},{"floor":48,"key":"Fire Potion"}],"is_trial":false,"path_per_floor":["M","M","M","M","M","R","E","M","T","M","R","?","R","M","R","B",null,"M","M","M","$","?","R","M","M","T","R","M","M","M","E","R","B",null,"M","M","?","$","?","R","E","R","T","R","?","?","R","M","R","B",null],"character_chosen":"DEFECT","items_purchased":["Capacitor","Orichalcum","Meat on the Bone"],"campfire_rested":9,"item_purchase_floors":[21,21,38],"current_hp_per_floor":[74,74,63,61,47,69,73,63,63,59,59,59,59,59,59,10,85,75,72,49,49,49,74,69,54,54,79,77,73,51,45,70,49,85,78,53,53,53,53,78,44,69,69,85,85,85,85,82,82,31],"gold":47,"neow_bonus":"RANDOM_COMMON_RELIC","is_prod":false,"is_daily":false,"chose_seed":false,"campfire_upgraded":3,"win_rate":0.0,"timestamp":1552445420,"path_taken":["M","M","M","M","M","R","E","M","T","?","R","?","R","M","R","BOSS","M","M","?","$","?","R","M","M","T","R","M","M","M","E","R","BOSS","M","M","?","$","?","R","E","R","T","R","?","?","R","M","R","BOSS"],"build_version":"2019-01-23","purchased_purges":1,"victory":true,"max_hp_per_floor":[75,75,75,75,75,75,85,85,85,85,85,85,85,85,85,85,85,85,85,85,85,85,85,85,85,85,85,85,85,85,85,85,85,85,85,85,85,85,85,85,85,85,85,85,85,85,85,85,85,85],"card_choices":[{"not_picked":["Steam","Streamline"],"picked":"Stack","floor":1},{"not_picked":["Steam","Turbo"],"picked":"Rip and Tear","floor":2},{"not_picked":["Barrage","Hologram"],"picked":"Melter","floor":3},{"not_picked":["Coolheaded","Skim"],"picked":"Go for the Eyes","floor":4},{"not_picked":["Beam Cell","Turbo"],"picked":"Cold Snap","floor":5},{"not_picked":["Barrage","Gash"],"picked":"Defragment","floor":6},{"not_picked":["Conserve Battery","Double Energy"],"picked":"Fusion","floor":7},{"not_picked":["Hologram","Sweeping Beam"],"picked":"Storm","floor":8},{"not_picked":["Ball Lightning","Beam Cell"],"picked":"Amplify","floor":10},{"not_picked":["Cold Snap","Hologram"],"picked":"Glacier","floor":14},{"not_picked":["Biased Cognition","Hyperbeam"],"picked":"Creative AI","floor":16},{"not_picked":["Conserve Battery","Gash"],"picked":"Coolheaded+1","floor":18},{"not_picked":["Barrage","Hologram","Beam Cell"],"picked":"SKIP","floor":19},{"not_picked":["Gash","Ball Lightning"],"picked":"Force Field+1","floor":20},{"not_picked":["Barrage","Biased Cognition"],"picked":"Beam Cell","floor":23},{"not_picked":["Streamline","Sweeping Beam"],"picked":"Tempest","floor":24},{"not_picked":["Hologram","Steam"],"picked":"Tempest+1","floor":25},{"not_picked":["Doom and Gloom","Self Repair"],"picked":"Capacitor","floor":27},{"not_picked":["Storm","Beam Cell+1"],"picked":"White Noise","floor":28},{"not_picked":["Cold Snap","Beam Cell","Ball Lightning"],"picked":"SKIP","floor":29},{"not_picked":["Rip and Tear","Fusion"],"picked":"Auto Shields+1","floor":30},{"not_picked":["Lockon","Barrage"],"picked":"Defragment","floor":31},{"not_picked":["Conserve Battery","Ball Lightning"],"picked":"Steam Power","floor":32},{"not_picked":["Multi-Cast","Meteor Strike"],"picked":"Electrodynamics","floor":33},{"not_picked":["Self Repair","Rebound+1","Ball Lightning"],"picked":"SKIP","floor":35},{"not_picked":["Rebound","Turbo","Capacitor"],"picked":"SKIP","floor":36},{"not_picked":["Reinforced Body+1","Streamline"],"picked":"Steam Power+1","floor":40},{"not_picked":["Conserve Battery","Go for the Eyes"],"picked":"Double Energy","floor":41},{"not_picked":["Ball Lightning+1","Cold Snap+1","Doom and Gloom+1"],"picked":"SKIP","floor":48}],"player_experience":42132,"relics_obtained":[{"floor":7,"key":"Pear"},{"floor":9,"key":"Bottled Flame"},{"floor":26,"key":"Oddly Smooth Stone"},{"floor":31,"key":"Juzu Bracelet"},{"floor":41,"key":"Shuriken"},{"floor":43,"key":"Molten Egg 2"}],"event_choices":[{"cards_removed":["Strike_B"],"damage_healed":0,"gold_gain":0,"player_choice":"Purged","damage_taken":0,"max_hp_gain":0,"max_hp_loss":0,"event_name":"Purifier","floor":12,"gold_loss":0},{"damage_healed":0,"gold_gain":0,"player_choice":"Ignored","damage_taken":0,"max_hp_gain":0,"max_hp_loss":0,"event_name":"Vampires","floor":22,"gold_loss":0},{"damage_healed":0,"gold_gain":0,"player_choice":"Ignored","damage_taken":0,"max_hp_gain":0,"max_hp_loss":0,"event_name":"Tomb of Lord Red Mask","floor":37,"gold_loss":0},{"damage_healed":0,"gold_gain":0,"player_choice":"Ignored","damage_taken":0,"max_hp_gain":0,"max_hp_loss":0,"event_name":"Mysterious Sphere","floor":39,"gold_loss":0},{"cards_removed":["Normality"],"damage_healed":0,"gold_gain":0,"player_choice":"Upgrade and Remove","damage_taken":0,"max_hp_gain":0,"max_hp_loss":0,"event_name":"Designer","floor":45,"gold_loss":90,"cards_upgraded":["Capacitor"]},{"damage_healed":0,"gold_gain":0,"player_choice":"Upgrade","damage_taken":0,"relics_obtained":["Mark of the Bloom"],"max_hp_gain":0,"max_hp_loss":0,"event_name":"MindBloom","floor":46,"gold_loss":0,"cards_upgraded":["Strike_B","Strike_B","Defend_B","Defend_B","Defend_B","Defend_B","Zap","Dualcast","Stack","Rip and Tear","Melter","Go for the Eyes","Cold Snap","Amplify","Glacier","Creative AI","Beam Cell","Tempest","Capacitor","White Noise","Defragment","Steam Power","Electrodynamics","Double Energy"]}],"is_beta":false,"boss_relics":[{"not_picked":["Eternal Feather","Coffee Dripper"],"picked":"Nuclear Battery"},{"not_picked":["Black Star","Calling Bell"],"picked":"Cursed Key"}],"items_purged_floors":[21],"is_endless":false,"potions_floor_spawned":[2,5,7,8,10,18,25,29,33,35,48],"ascension_level":0}