{"gold_per_floor":[114,114,114,130,140,140,169,169,169,194,205,205,222,256,256,352,352,369,369,389,304,323,323,334,334,357,357,65,65,65,65,65,169,169,180,234,234,234,234,246,246,196,267,267,267,281,281,306,306,306],"floor_reached":51,"playtime":1425,"items_purged":["Clash","Decay"],"score":739,"play_id":"ec62bd93-9a3e-42eb-a694-62523ce9420f","local_time":"20190922002450","is_ascension_mode":false,"campfire_choices":[{"data":"Bash","floor":6,"key":"SMITH"},{"data":"Shockwave","floor":8,"key":"SMITH"},{"data":"Uppercut","floor":12,"key":"SMITH"},{"data":"Inflame","floor":15,"key":"SMITH"},{"data":"Immolate","floor":23,"key":"SMITH"},{"data":"Corruption","floor":25,"key":"SMITH"},{"data":"Berserk","floor":27,"key":"SMITH"},{"data":"Shrug It Off","floor":30,"key":"SMITH"},{"floor":32,"key":"REST"},{"data":"Limit Break","floor":41,"key":"SMITH"},{"data":"J.A.X.","floor":45,"key":"SMITH"},{"data":"Exhume","floor":49,"key":"SMITH"}],"neow_cost":"NONE","seed_source_timestamp":9895842771200,"circlet_count":0,"master_deck":["Bash+1","Berserk+1","Headbutt+1","Bloodletting","Fire Breathing","Shockwave+1","Uppercut+1","True Grit","Inflame+1","Immolate+1","Dropkick","Sentinel","Exhume+1","Corruption+1","Body Slam","Offering","Burning Pact","Shrug It Off+1","Necronomicurse","Thunderclap+1","J.A.X.+1","Limit Break+1","Heavy Blade+1","Shrug It Off+1","Ghostly Armor+1"],"relics":["Burning Blood","Pocketwatch","Question Card","Smiling Mask","Potion Belt","Pandora\u0027s Box","Necronomicon","Blue Candle","Lantern","Molten Egg 2","Snecko Eye","StoneCalendar","Letter Opener","Pear","Charon\u0027s Ashes"],"potions_floor_usage":[36,50,50],"damage_taken":[{"damage":0,"enemies":"2 Louse","floor":1,"turns":3},{"damage":0,"enemies":"Small Slimes","floor":4,"turns":2},{"damage":0,"enemies":"Cultist","floor":5,"turns":3},{"damage":26,"enemies":"Lagavulin","floor":7,"turns":6},{"damage":29,"enemies":"3 Sentries","floor":10,"turns":5},{"damage":6,"enemies":"Blue Slaver","floor":11,"turns":4},{"damage":4,"enemies":"Exordium Wildlife","floor":13,"turns":3},{"damage":2,"enemies":"Lagavulin","floor":14,"turns":7},{"damage":23,"enemies":"Hexaghost","floor":16,"turns":10},{"damage":15,"enemies":"Shell Parasite","floor":18,"turns":3},{"damage":9,"enemies":"Spheric Guardian","floor":20,"turns":1},{"damage":4,"enemies":"3 Cultists","floor":22,"turns":3},{"damage":29,"enemies":"Centurion and Healer","floor":24,"turns":4},{"damage":18,"enemies":"Automaton","floor":33,"turns":6},{"damage":10,"enemies":"Orb Walker","floor":35,"turns":2},{"damage":52,"enemies":"2 Orb Walkers","floor":36,"turns":3},{"damage":0,"enemies":"3 Darklings","floor":40,"turns":1},{"damage":19,"enemies":"Writhing Mass","floor":46,"turns":3},{"damage":13,"enemies":"Giant Head","floor":48,"turns":4},{"damage":48,"enemies":"Awakened One","floor":50,"turns":5}],"seed_played":"-2797565187248672460","potions_obtained":[{"floor":4,"key":"Regen Potion"},{"floor":7,"key":"Fire Potion"},{"floor":13,"key":"SpeedPotion"},{"floor":14,"key":"SpeedPotion"},{"floor":16,"key":"LiquidBronze"},{"floor":36,"key":"GamblersBrew"}],"is_trial":false,"path_per_floor":["M","?","?","M","M","R","E","R","T","E","M","R","M","E","R","B",null,"M","?","M","?","M","R","M","R","T","R","$","?","R","?","R","B",null,"M","?","?","?","T","M","R","$","T","?","R","M","?","E","R","B",null],"character_chosen":"IRONCLAD","items_purchased":["Molten Egg 2"],"campfire_rested":1,"item_purchase_floors":[28],"current_hp_per_floor":[80,64,64,70,76,76,56,56,56,33,33,33,35,39,39,22,80,71,55,52,52,54,54,31,31,31,31,31,31,31,31,55,43,80,76,35,70,70,70,70,70,70,80,80,80,67,67,60,60,18],"gold":306,"neow_bonus":"ONE_RANDOM_RARE_CARD","is_prod":false,"is_daily":false,"chose_seed":false,"campfire_upgraded":11,"win_rate":0,"timestamp":1569079490,"path_taken":["M","?","?","M","?","R","E","R","T","E","M","R","M","E","R","BOSS","M","?","M","?","M","R","M","R","T","R","$","?","R","?","R","BOSS","M","?","?","?","?","?","R","?","T","?","R","M","?","E","R","BOSS"],"build_version":"2019-09-20","purchased_purges":2,"victory":true,"max_hp_per_floor":[80,80,80,80,80,80,80,80,80,80,80,80,80,80,80,80,80,80,80,80,80,80,80,80,80,80,80,80,80,80,80,80,80,80,80,80,70,70,70,70,70,70,80,80,80,80,76,76,76,76],"card_choices":[{"not_picked":["Cleave","Dual Wield"],"picked":"Headbutt","floor":1},{"not_picked":["Warcry","Perfected Strike"],"picked":"Clash","floor":4},{"not_picked":["Flex","Perfected Strike"],"picked":"Fire Breathing","floor":5},{"not_picked":["Havoc","Brutality"],"picked":"Shockwave","floor":7},{"not_picked":["Second Wind","Clothesline","Seeing Red"],"picked":"Uppercut","floor":10},{"not_picked":["Intimidate","Anger","Flex"],"picked":"True Grit","floor":11},{"not_picked":["Clash","Blood for Blood","Wild Strike","Havoc"],"picked":"SKIP","floor":13},{"not_picked":["Wild Strike","Perfected Strike","Offering"],"picked":"Inflame","floor":14},{"not_picked":["Brutality","Dark Embrace","Exhume"],"picked":"Immolate","floor":16},{"not_picked":["Burning Pact","Dual Wield","Perfected Strike+1"],"picked":"Shrug It Off","floor":18},{"not_picked":["Body Slam","Pommel Strike","Thunderclap+1","Corruption"],"picked":"SKIP","floor":20},{"not_picked":["Barricade","True Grit+1","Blood for Blood"],"picked":"Thunderclap+1","floor":22},{"not_picked":["Metallicize","Twin Strike","Uppercut","Cleave"],"picked":"SKIP","floor":24},{"not_picked":["Berserk","Brutality","Dark Embrace"],"picked":"Limit Break","floor":33},{"not_picked":["Thunderclap+1","Iron Wave+1","Clothesline+1"],"picked":"Heavy Blade+1","floor":35},{"not_picked":["Bloodletting","Iron Wave+1","Dropkick+1"],"picked":"Shrug It Off+1","floor":36},{"not_picked":["Sword Boomerang+1","Armaments","Metallicize","Burning Pact"],"picked":"SKIP","floor":40},{"not_picked":["Infernal Blade","Metallicize","Cleave+1"],"picked":"Ghostly Armor+1","floor":46},{"not_picked":["Sever Soul+1","Body Slam+1","Iron Wave+1","Flex+1"],"picked":"SKIP","floor":48}],"player_experience":813645,"relics_obtained":[{"floor":7,"key":"Pocketwatch"},{"floor":9,"key":"Question Card"},{"floor":10,"key":"Smiling Mask"},{"floor":14,"key":"Potion Belt"},{"floor":19,"key":"Necronomicon"},{"floor":26,"key":"Lantern"},{"floor":36,"key":"StoneCalendar"},{"floor":39,"key":"Letter Opener"},{"floor":43,"key":"Pear"},{"floor":48,"key":"Charon\u0027s Ashes"}],"event_choices":[{"damage_healed":0,"gold_gain":0,"player_choice":"Entered Light","damage_taken":16,"max_hp_gain":0,"max_hp_loss":0,"event_name":"Shining Light","floor":2,"gold_loss":0,"cards_upgraded":["Headbutt","Strike_R"]},{"damage_healed":0,"gold_gain":0,"cards_transformed":["Strike_R"],"player_choice":"Transformed","damage_taken":0,"max_hp_gain":0,"max_hp_loss":0,"event_name":"Transmorgrifier","floor":3,"gold_loss":0,"cards_obtained":["Bloodletting"]},{"damage_healed":0,"gold_gain":0,"player_choice":"Obtained Book","damage_taken":16,"max_hp_gain":0,"max_hp_loss":0,"event_name":"Cursed Tome","floor":19,"gold_loss":0},{"damage_healed":0,"gold_gain":0,"player_choice":"Obtained Relic","damage_taken":0,"relics_obtained":["Blue Candle"],"max_hp_gain":0,"max_hp_loss":0,"event_name":"Addict","floor":21,"gold_loss":85},{"damage_healed":0,"gold_gain":0,"player_choice":"Smashed Altar","damage_taken":0,"max_hp_gain":0,"max_hp_loss":0,"event_name":"Forgotten Altar","floor":29,"gold_loss":0,"cards_obtained":["Decay"]},{"damage_healed":0,"gold_gain":0,"player_choice":"Obtain J.A.X.","damage_taken":0,"max_hp_gain":0,"max_hp_loss":0,"event_name":"Drug Dealer","floor":31,"gold_loss":0,"cards_obtained":["J.A.X."]},{"damage_healed":0,"gold_gain":0,"player_choice":"Fight","damage_taken":0,"max_hp_gain":0,"max_hp_loss":0,"event_name":"Mysterious Sphere","floor":36,"gold_loss":0},{"damage_healed":70,"gold_gain":0,"player_choice":"Heal","damage_taken":0,"max_hp_gain":0,"max_hp_loss":10,"event_name":"The Moai Head","floor":37,"gold_loss":0},{"cards_removed":["Clash"],"damage_healed":0,"gold_gain":0,"player_choice":"Removed Attack","damage_taken":0,"max_hp_gain":0,"max_hp_loss":0,"event_name":"Falling","floor":38,"gold_loss":0},{"damage_healed":0,"gold_gain":0,"player_choice":"Memory 1","damage_taken":0,"max_hp_gain":0,"max_hp_loss":0,"event_name":"SensoryStone","floor":44,"gold_loss":0},{"damage_healed":0,"gold_gain":0,"player_choice":"Max HP","damage_taken":0,"max_hp_gain":0,"max_hp_loss":4,"event_name":"Winding Halls","floor":47,"gold_loss":0}],"is_beta":true,"boss_relics":[{"not_picked":["Runic Pyramid","Philosopher\u0027s Stone"],"picked":"Pandora\u0027s Box"},{"not_picked":["Tiny House","Fusion Hammer"],"picked":"Snecko Eye"}],"items_purged_floors":[28,42],"is_endless":false,"potions_floor_spawned":[4,7,13,14,16,22,35,36,40],"ascension_level":0}