{"path_per_floor":["M","?","M","M","$","R","M","R","T","?","R","?","E","$","R","B",null,"M","T","M","?","?","R","E","R","T","$","R","M","M","M","R","B",null,"M","?","?","T","M","R","M","R","T","M","$","R","?","$","R","B"],"character_chosen":"THE_SILENT","items_purchased":["Madness","Blade Dance","Ornamental Fan","Omamori","Thread and Needle","Swift Strike"],"gold_per_floor":[114,189,204,219,116,116,131,131,206,206,206,206,236,160,160,260,260,275,275,290,290,320,320,350,350,350,30,30,45,60,75,75,175,175,190,190,190,245,260,260,275,275,300,315,1,1,1,1,1,1],"floor_reached":51,"campfire_rested":0,"playtime":2373,"current_hp_per_floor":[70,59,59,59,59,59,59,59,59,59,59,47,54,54,54,54,77,77,77,77,61,64,64,52,52,52,52,52,52,52,52,52,52,77,77,67,67,67,69,77,74,77,77,77,77,77,77,77,77,32],"items_purged":[],"gold":1,"score":961,"play_id":"708e2e9a-05cf-4d99-9350-9f03a7a79d24","local_time":"20180422180357","daily_mods":["Draft","Vintage","Hoarder"],"is_prod":false,"is_daily":true,"chose_seed":false,"is_ascension_mode":false,"campfire_upgraded":12,"timestamp":1524445437,"path_taken":["M","?","M","M","$","R","M","R","T","?","R","?","E","$","R","BOSS","M","?","?","?","?","R","E","R","T","$","R","M","M","?","R","BOSS","M","?","?","?","?","R","M","R","T","M","?","R","?","$","R","BOSS"],"build_version":"2018-04-19","seed_source_timestamp":0,"purchased_purges":0,"victory":true,"master_deck":["Bane","Bane","Bane","Flying Knee","Flying Knee","Flying Knee","Dash","Dash","Dash","Sucker Punch","Sucker Punch+1","Sucker Punch","Bouncing Flask","Bouncing Flask","Bouncing Flask","Backflip+1","Backflip","Backflip","Madness+1","Madness+1","Madness+1","Endless Agony+1","Endless Agony","Endless Agony","Blade Dance+1","Blade Dance+1","Blade Dance+1","Cloak And Dagger+1","Cloak And Dagger+1","Cloak And Dagger+1","Necronomicurse","Necronomicurse","Necronomicurse","Adrenaline","Adrenaline","Adrenaline","Madness","Madness+1","Madness","Madness","Madness","Madness","Cloak And Dagger+1","Cloak And Dagger+1","Cloak And Dagger+1","Infinite Blades","Infinite Blades","Infinite Blades","Swift Strike","Swift Strike","Swift Strike"],"max_hp_per_floor":[70,70,70,70,70,70,70,70,70,70,70,70,77,77,77,77,77,77,77,77,77,77,77,77,77,77,77,77,77,77,77,77,77,77,77,77,77,77,77,77,77,77,77,77,77,77,77,77,77,77],"relics":["Ring of the Snake","Shuriken","Bag of Marbles","Vajra","Bag of Preparation","Smiling Mask","Anchor","Strawberry","Prayer Wheel","White Beast Statue","Calipers","The Courier","Whetstone","Necronomicon","Red Mask","Regal Pillow","Question Card","Ornamental Fan","Omamori","Orichalcum","War Paint","Toolbox","Lantern","Eternal Feather","Blood Vial","Tiny Chest","Art of War","Juzu Bracelet","Oddly Smooth Stone","Singing Bowl","Thread and Needle"],"card_choices":[{"not_picked":["Prepared","Predator"],"picked":"Bane","floor":0},{"not_picked":["Acrobatics","Deadly Poison"],"picked":"Flying Knee","floor":0},{"not_picked":["Outmaneuver","All Out Attack"],"picked":"Dash","floor":0},{"not_picked":["Dagger Throw","Blade Dance"],"picked":"Sucker Punch","floor":0},{"not_picked":["Prepared","Flechettes"],"picked":"Bouncing Flask","floor":0},{"not_picked":["Flying Knee","Deadly Poison"],"picked":"Backflip","floor":0},{"not_picked":["Dodge and Roll","Finisher"],"picked":"Endless Agony","floor":13},{"not_picked":["Underhanded Strike","Dagger Spray"],"picked":"Cloak And Dagger","floor":19},{"not_picked":["Reflex","Sucker Punch"],"picked":"Adrenaline","floor":26},{"not_picked":["PiercingWail","Underhanded Strike","Outmaneuver"],"picked":"Cloak And Dagger","floor":38},{"not_picked":["Poisoned Stab","Backflip","Flechettes"],"picked":"Infinite Blades","floor":43}],"player_experience":459385,"potions_floor_usage":[13,20,22,22,29,30,33,41,50,50,50],"damage_taken":[{"damage":0,"enemies":"Cultist","floor":1,"turns":2},{"damage":0,"enemies":"2 Louse","floor":3,"turns":2},{"damage":0,"enemies":"Jaw Worm","floor":4,"turns":2},{"damage":0,"enemies":"Large Slime","floor":7,"turns":2},{"damage":0,"enemies":"Gremlin Nob","floor":13,"turns":2},{"damage":0,"enemies":"Slime Boss","floor":16,"turns":5},{"damage":0,"enemies":"Shell Parasite","floor":18,"turns":2},{"damage":0,"enemies":"2 Thieves","floor":20,"turns":2},{"damage":0,"enemies":"Masked Bandits","floor":22,"turns":2},{"damage":12,"enemies":"Gremlin Leader","floor":24,"turns":4},{"damage":0,"enemies":"3 Cultists","floor":29,"turns":2},{"damage":0,"enemies":"Cultist and Chosen","floor":30,"turns":3},{"damage":0,"enemies":"Snake Plant","floor":31,"turns":2},{"damage":0,"enemies":"Automaton","floor":33,"turns":6},{"damage":0,"enemies":"3 Darklings","floor":35,"turns":2},{"damage":0,"enemies":"Orb Walker","floor":39,"turns":1},{"damage":3,"enemies":"4 Shapes","floor":41,"turns":3},{"damage":0,"enemies":"3 Darklings","floor":44,"turns":3},{"damage":45,"enemies":"Awakened One","floor":50,"turns":8}],"event_choices":[{"event_name":"World of Goop","player_choice":"Gather Gold","floor":2,"damage_taken":0},{"event_name":"Liars Game","player_choice":"disagreed","floor":10,"damage_taken":0},{"event_name":"Scrap Ooze","player_choice":"success","floor":12,"damage_taken":12},{"event_name":"Cursed Tome","player_choice":"Obtained Book","floor":21,"damage_taken":0},{"event_name":"Masked Bandits","player_choice":"Fought over 290 gold","floor":22,"damage_taken":0},{"event_name":"Winding Halls","player_choice":"Embrace Madness","floor":36,"damage_taken":0},{"event_name":"Mysterious Sphere","player_choice":"Ignore","floor":37,"damage_taken":0},{"event_name":"The Lab","player_choice":"Got Potions","floor":47,"damage_taken":0}],"boss_relics":[{"not_picked":["Calling Bell","Runic Dome"],"picked":"White Beast Statue"},{"not_picked":["Black Star","Tiny House"],"picked":"Eternal Feather"}],"potions_floor_spawned":[3,7,13,16,18,20,22,24,29,30,31,33,35,39,41,44],"seed_played":"2192268310771929411","ascension_level":0,"is_trial":false}