{"gold_per_floor":[114,129,144,144,159,189,219,219,219,249,579,579,579,617,617,742,742,761,780,780,141,141,141],"floor_reached":23,"playtime":1327,"items_purged":[],"score":302,"play_id":"f820c78e-0915-4615-8138-ddc44108027f","local_time":"20190716110741","daily_mods":["SealedDeck","Flight","Elite Swarm"],"is_ascension_mode":false,"campfire_choices":[{"floor":8,"key":"REST"},{"floor":13,"key":"REST"},{"floor":15,"key":"REST"}],"neow_cost":"","seed_source_timestamp":0,"circlet_count":0,"master_deck":["Deadly Poison","Cloak And Dagger","Quick Slash","Dodge and Roll","Acrobatics","Dagger Spray","Noxious Fumes","Skewer","Riddle With Holes","Dodge and Roll","PiercingWail","Escape Plan","A Thousand Cuts","After Image","Venomology","Unload","Venomology","Venomology","Infinite Blades+1","Footwork"],"special_seed":18093,"relics":["Ring of the Snake","Gambling Chip","Dead Branch","Snake Skull","Smiling Mask","Old Coin","Golden Idol","Blue Candle","Black Star","Ninja Scroll","Regal Pillow","PrismaticShard","Gremlin Horn"],"potions_floor_usage":[6,7,11,16,18,18,19,23],"damage_taken":[{"damage":1,"enemies":"2 Louse","floor":1,"turns":2},{"damage":0,"enemies":"Small Slimes","floor":2,"turns":4},{"damage":1,"enemies":"Jaw Worm","floor":3,"turns":3},{"damage":2,"enemies":"Red Slaver","floor":5,"turns":3},{"damage":17,"enemies":"Lagavulin","floor":6,"turns":6},{"damage":20,"enemies":"3 Sentries","floor":7,"turns":6},{"damage":0,"enemies":"Lagavulin","floor":10,"turns":6},{"damage":27,"enemies":"Gremlin Nob","floor":11,"turns":5},{"damage":9,"enemies":"3 Sentries","floor":14,"turns":5},{"damage":0,"enemies":"Slime Boss","floor":16,"turns":7},{"damage":20,"enemies":"2 Thieves","floor":18,"turns":4},{"damage":3,"enemies":"Chosen","floor":19,"turns":5},{"damage":49,"enemies":"Book of Stabbing","floor":23,"turns":4}],"seed_played":"8395703785008640868","potions_obtained":[{"floor":1,"key":"Block Potion"},{"floor":2,"key":"GhostInAJar"},{"floor":7,"key":"Strength Potion"},{"floor":10,"key":"AttackPotion"}],"is_trial":false,"path_per_floor":["M","M","M","$","M","E","E","R","T","E","E","?","R","E","R","B",null,"M","M","?","$","?","E"],"character_chosen":"THE_SILENT","items_purchased":["Ninja Scroll","Regal Pillow","PrismaticShard","Footwork"],"campfire_rested":3,"item_purchase_floors":[21,21,21,21],"current_hp_per_floor":[69,69,68,68,66,49,29,50,50,50,23,23,42,33,52,52,65,45,42,42,42,42,0],"gold":141,"neow_bonus":"","is_prod":false,"is_daily":true,"chose_seed":false,"campfire_upgraded":0,"win_rate":0,"timestamp":1563289661,"path_taken":["M","M","M","$","M","E","E","R","T","E","E","?","R","E","R","BOSS","M","M","?","$","?","E"],"build_version":"2019-07-05","purchased_purges":0,"victory":false,"max_hp_per_floor":[70,70,70,70,70,70,70,70,70,70,70,65,65,65,65,65,65,65,65,65,65,65,65],"card_choices":[{"not_picked":["Expertise","Flying Knee"],"picked":"PiercingWail","floor":1},{"not_picked":["Outmaneuver","Endless Agony"],"picked":"Escape Plan","floor":2},{"not_picked":["Dodge and Roll","Calculated Gamble","Cloak And Dagger"],"picked":"SKIP","floor":3},{"not_picked":["Flechettes","Prepared","Deflect"],"picked":"SKIP","floor":5},{"not_picked":["Phantasmal Killer","Storm of Steel"],"picked":"A Thousand Cuts","floor":6},{"not_picked":["A Thousand Cuts","Burst"],"picked":"After Image","floor":7},{"not_picked":["Wraith Form v2","Unload"],"picked":"Venomology","floor":10},{"not_picked":["Doppelganger","Corpse Explosion"],"picked":"Unload","floor":11},{"not_picked":["Storm of Steel","Malaise"],"picked":"Venomology","floor":14},{"not_picked":["Malaise","Grand Finale"],"picked":"Venomology","floor":16},{"not_picked":["Blur","Poisoned Stab+1"],"picked":"Infinite Blades+1","floor":18},{"not_picked":["Reflex","Calculated Gamble","Outmaneuver"],"picked":"SKIP","floor":19}],"player_experience":164323,"relics_obtained":[{"floor":6,"key":"Gambling Chip"},{"floor":7,"key":"Dead Branch"},{"floor":9,"key":"Snake Skull"},{"floor":10,"key":"Smiling Mask"},{"floor":11,"key":"Old Coin"},{"floor":14,"key":"Blue Candle"}],"event_choices":[{"damage_healed":0,"gold_gain":0,"player_choice":"Lose Max HP","damage_taken":0,"relics_obtained":["Golden Idol"],"max_hp_gain":0,"max_hp_loss":5,"event_name":"Golden Idol","floor":12,"gold_loss":0},{"damage_healed":0,"gold_gain":0,"player_choice":"Ignored","damage_taken":0,"max_hp_gain":0,"max_hp_loss":0,"event_name":"Vampires","floor":20,"gold_loss":0},{"damage_healed":0,"gold_gain":0,"player_choice":"Gave Potion","damage_taken":0,"relics_obtained":["Gremlin Horn"],"max_hp_gain":0,"max_hp_loss":0,"event_name":"WeMeetAgain","floor":22,"gold_loss":0}],"is_beta":false,"boss_relics":[{"not_picked":["Cursed Key","Empty Cage"],"picked":"Black Star"}],"items_purged_floors":[],"is_endless":false,"potions_floor_spawned":[1,2,7,10,16],"killed_by":"Book of Stabbing","ascension_level":0}