{"gold_per_floor":[111,111,131,131,142,142,176,176,176,203,203,217,59,86,86,160,160,180,180,192,203,39,39,58,38,38,38,68,82,102,112,112,112],"floor_reached":33,"playtime":2702,"items_purged":["Strike_R"],"score":554,"play_id":"5af8c801-beaa-4ecf-9344-682bad2ce1f5","local_time":"20190904224527","is_ascension_mode":true,"campfire_choices":[{"data":"Uppercut","floor":6,"key":"SMITH"},{"floor":8,"key":"REST"},{"floor":11,"key":"REST"},{"data":"Armaments","floor":15,"key":"SMITH"},{"floor":23,"key":"REST"},{"data":"Disarm","floor":27,"key":"SMITH"},{"floor":32,"key":"REST"}],"neow_cost":"NONE","seed_source_timestamp":77520118156400,"circlet_count":0,"master_deck":["AscendersBane","Strike_R","Strike_R","Strike_R","Strike_R","Defend_R","Defend_R","Defend_R","Defend_R","Bash","Uppercut+1","Spot Weakness","Battle Trance","Armaments+1","Anger+1","Heavy Blade+1","Disarm+1","Fiend Fire+1","Power Through+1","Inflame","Cleave+1"],"relics":["Burning Blood","Red Skull","Centennial Puzzle","Molten Egg 2","Sundial","Bronze Scales","Odd Mushroom","Cursed Key","Singing Bowl"],"potions_floor_usage":[7,10,28,33,33],"damage_taken":[{"damage":5,"enemies":"2 Louse","floor":1,"turns":4},{"damage":6,"enemies":"Cultist","floor":3,"turns":3},{"damage":14,"enemies":"Small Slimes","floor":5,"turns":4},{"damage":57,"enemies":"3 Sentries","floor":7,"turns":10},{"damage":15,"enemies":"Lagavulin","floor":10,"turns":5},{"damage":9,"enemies":"Blue Slaver","floor":12,"turns":3},{"damage":6,"enemies":"The Mushroom Lair","floor":14,"turns":3},{"damage":4,"enemies":"Hexaghost","floor":16,"turns":8},{"damage":27,"enemies":"2 Thieves","floor":18,"turns":4},{"damage":9,"enemies":"Chosen","floor":20,"turns":3},{"damage":23,"enemies":"Centurion and Healer","floor":21,"turns":4},{"damage":10,"enemies":"Snake Plant","floor":24,"turns":2},{"damage":22,"enemies":"Gremlin Leader","floor":28,"turns":5},{"damage":0,"enemies":"Snecko","floor":29,"turns":2},{"damage":0,"enemies":"3 Cultists","floor":30,"turns":4},{"damage":8,"enemies":"Chosen and Byrds","floor":31,"turns":4},{"damage":78,"enemies":"Automaton","floor":33,"turns":8}],"seed_played":"-6360431011121354546","potions_obtained":[{"floor":1,"key":"Swift Potion"},{"floor":3,"key":"GamblersBrew"},{"floor":4,"key":"PowerPotion"},{"floor":4,"key":"Strength Potion"},{"floor":12,"key":"PowerPotion"},{"floor":14,"key":"Swift Potion"},{"floor":21,"key":"Explosive Potion"},{"floor":25,"key":"Strength Potion"},{"floor":29,"key":"Poison Potion"},{"floor":31,"key":"Block Potion"}],"is_trial":false,"path_per_floor":["M","?","M","?","M","R","E","R","T","E","R","M","$","?","R","B",null,"M","?","M","M","$","R","M","?","T","R","E","M","M","M","R","B"],"character_chosen":"IRONCLAD","items_purchased":["Bronze Scales","Inflame"],"campfire_rested":4,"item_purchase_floors":[13,22],"current_hp_per_floor":[69,69,69,69,61,61,10,32,32,23,45,42,42,42,42,44,67,46,39,36,19,19,41,37,37,37,37,21,29,37,37,61,0],"gold":112,"neow_bonus":"RANDOM_COMMON_RELIC","is_prod":false,"is_daily":false,"chose_seed":false,"campfire_upgraded":3,"win_rate":0,"timestamp":1567604727,"path_taken":["M","?","M","?","?","R","E","R","T","E","R","M","?","?","R","BOSS","M","?","M","M","?","R","?","?","T","R","E","?","M","M","R","BOSS"],"build_version":"2019-07-17","purchased_purges":1,"victory":false,"max_hp_per_floor":[75,75,75,75,75,75,75,75,75,75,75,75,75,75,75,75,75,75,75,75,75,75,75,75,75,75,75,75,77,79,81,81,81],"card_choices":[{"not_picked":["Armaments","Shrug It Off"],"picked":"Uppercut","floor":1},{"not_picked":["Dual Wield","Warcry"],"picked":"Spot Weakness","floor":3},{"not_picked":["Dropkick","Whirlwind"],"picked":"Battle Trance","floor":5},{"not_picked":["Wild Strike","Power Through"],"picked":"Armaments","floor":7},{"not_picked":["Corruption","Uppercut+1"],"picked":"Anger+1","floor":10},{"not_picked":["Body Slam+1","Bloodletting"],"picked":"Heavy Blade+1","floor":12},{"not_picked":["Flex","Clothesline+1"],"picked":"Disarm","floor":14},{"not_picked":["Impervious","Limit Break"],"picked":"Fiend Fire+1","floor":16},{"not_picked":["True Grit","Iron Wave+1","Flex"],"picked":"SKIP","floor":18},{"not_picked":["Flex","Shrug It Off"],"picked":"Power Through+1","floor":20},{"not_picked":["Perfected Strike+1","Pommel Strike+1","Battle Trance"],"picked":"SKIP","floor":21},{"not_picked":["Battle Trance","Perfected Strike+1","Power Through"],"picked":"SKIP","floor":24},{"not_picked":["Iron Wave+1","Sword Boomerang+1"],"picked":"Cleave+1","floor":28},{"not_picked":["Clash+1","Warcry","Bludgeon+1"],"picked":"Singing Bowl","floor":29},{"not_picked":["Intimidate","Combust","Clash+1"],"picked":"Singing Bowl","floor":30},{"not_picked":["Thunderclap+1","Iron Wave+1","Armaments"],"picked":"Singing Bowl","floor":31}],"player_experience":623233,"relics_obtained":[{"floor":7,"key":"Centennial Puzzle"},{"floor":9,"key":"Molten Egg 2"},{"floor":10,"key":"Sundial"},{"floor":14,"key":"Odd Mushroom"},{"floor":28,"key":"Singing Bowl"}],"event_choices":[{"damage_healed":0,"gold_gain":0,"player_choice":"Ignored","damage_taken":0,"max_hp_gain":0,"max_hp_loss":0,"event_name":"Liars Game","floor":2,"gold_loss":0},{"damage_healed":0,"gold_gain":0,"player_choice":"Got Potions","damage_taken":0,"max_hp_gain":0,"max_hp_loss":0,"event_name":"Lab","floor":4,"gold_loss":0},{"damage_healed":0,"gold_gain":0,"player_choice":"Fought Mushrooms","damage_taken":0,"max_hp_gain":0,"max_hp_loss":0,"event_name":"Mushrooms","floor":14,"gold_loss":0},{"damage_healed":0,"gold_gain":0,"player_choice":"","damage_taken":7,"max_hp_gain":0,"max_hp_loss":0,"event_name":"Knowing Skull","floor":19,"potions_obtained":[],"gold_loss":0,"cards_obtained":[]},{"damage_healed":0,"gold_gain":0,"player_choice":"Bought 1 Potion","damage_taken":0,"max_hp_gain":0,"max_hp_loss":0,"event_name":"The Woman in Blue","floor":25,"gold_loss":0}],"is_beta":false,"boss_relics":[{"not_picked":["Empty Cage","Black Star"],"picked":"Cursed Key"}],"items_purged_floors":[22],"is_endless":false,"potions_floor_spawned":[1,3,12,14,16,18,21,24,29,31],"killed_by":"Automaton","ascension_level":20}