{"gold_per_floor":[114,129,129,144,159,189,204,234,234,234,34,49,64,79,79,179,179,194,194,209,224,239,269,284,314,389,389,89,104,104,119,119,219,219,234,334,349,0,0,0],"floor_reached":40,"playtime":3160,"items_purged":[],"score":569,"play_id":"6bffa04e-f28a-40c0-857d-67088ac89b5a","local_time":"20190320102324","daily_mods":["Insanity","Diverse","Night Terrors"],"is_ascension_mode":false,"campfire_choices":[{"floor":15,"key":"REST"},{"data":"Inflame","floor":27,"key":"SMITH"},{"floor":32,"key":"REST"}],"neow_cost":"","seed_source_timestamp":0,"circlet_count":0,"master_deck":["Dual Wield","Leap","Slice","Blade Dance","Body Slam","Quick Slash","Catalyst","Hologram+1","Crippling Poison","Tempest","Stack","Streamline","Clash","Deflect","Conserve Battery","Poisoned Stab","Terror","Body Slam","Clash","Pommel Strike","Beam Cell","Hologram","Deadly Poison","Dagger Spray","Acrobatics","Infinite Blades","Chaos","Flechettes","Dash","Glacier","Compile Driver","Havoc","Backflip","Anger","Corruption","Compile Driver","Heel Hook","Auto Shields","Conserve Battery","Conserve Battery+1","Cold Snap","Hologram","Warcry","Flex","Body Slam","Perfected Strike","Clothesline","Blade Dance","Slice","Auto Shields","Flying Knee","Thunderclap","Bouncing Flask","Whirlwind","Exhume","Prepared+1","Bandage Up","Conserve Battery","PiercingWail+1","Doom and Gloom","Shockwave","Inflame+1","Dagger Spray+1","Infernal Blade","Bullet Time","Adrenaline","Sentinel+1","Hologram+1","BootSequence"],"special_seed":17975,"relics":["Ring of the Snake","Du-Vu Doll","Smiling Mask","War Paint","Ornamental Fan","Medical Kit","Philosopher\u0027s Stone","Potion Belt","Art of War","Bottled Tornado","The Specimen","Eternal Feather","Prayer Wheel","Red Mask"],"potions_floor_usage":[8,23,33,33,33,36],"damage_taken":[{"damage":0,"enemies":"2 Louse","floor":1,"turns":2},{"damage":7,"enemies":"Jaw Worm","floor":2,"turns":2},{"damage":0,"enemies":"Cultist","floor":4,"turns":3},{"damage":0,"enemies":"Exordium Thugs","floor":5,"turns":4},{"damage":12,"enemies":"3 Sentries","floor":6,"turns":7},{"damage":0,"enemies":"Large Slime","floor":7,"turns":4},{"damage":11,"enemies":"Lagavulin","floor":8,"turns":7},{"damage":5,"enemies":"Exordium Wildlife","floor":12,"turns":5},{"damage":0,"enemies":"Looter","floor":13,"turns":3},{"damage":13,"enemies":"3 Louse","floor":14,"turns":3},{"damage":16,"enemies":"Slime Boss","floor":16,"turns":10},{"damage":14,"enemies":"Spheric Guardian","floor":18,"turns":5},{"damage":0,"enemies":"Shell Parasite","floor":20,"turns":4},{"damage":0,"enemies":"Snecko","floor":21,"turns":4},{"damage":0,"enemies":"Chosen and Byrds","floor":22,"turns":5},{"damage":0,"enemies":"Gremlin Leader","floor":23,"turns":5},{"damage":12,"enemies":"Centurion and Healer","floor":24,"turns":6},{"damage":13,"enemies":"Book of Stabbing","floor":25,"turns":7},{"damage":19,"enemies":"Shelled Parasite and Fungi","floor":29,"turns":5},{"damage":6,"enemies":"3 Cultists","floor":31,"turns":4},{"damage":37,"enemies":"Champ","floor":33,"turns":10},{"damage":20,"enemies":"3 Darklings","floor":35,"turns":4},{"damage":6,"enemies":"Mind Bloom Boss Battle","floor":36,"turns":6},{"damage":1,"enemies":"3 Shapes","floor":37,"turns":4},{"damage":56,"enemies":"Giant Head","floor":40,"turns":8}],"seed_played":"2839819356392919944","potions_obtained":[{"floor":1,"key":"Block Potion"},{"floor":6,"key":"SpeedPotion"},{"floor":8,"key":"GamblersBrew"},{"floor":12,"key":"FearPotion"},{"floor":20,"key":"AttackPotion"},{"floor":21,"key":"Energy Potion"},{"floor":25,"key":"Swift Potion"},{"floor":29,"key":"Strength Potion"},{"floor":31,"key":"Regen Potion"},{"floor":35,"key":"Explosive Potion"},{"floor":36,"key":"Explosive Potion"}],"is_trial":false,"path_per_floor":["M","M","?","M","M","E","M","E","T","?","$","M","M","M","R","B",null,"M","?","M","M","M","E","M","E","T","R","$","M","$","M","R","B",null,"M","?","M","?","?","E"],"character_chosen":"THE_SILENT","items_purchased":["Medical Kit","The Specimen"],"campfire_rested":2,"item_purchase_floors":[11,28],"current_hp_per_floor":[70,63,63,63,63,51,51,40,40,40,40,35,35,22,65,49,65,51,51,55,55,55,59,51,42,42,42,42,27,27,21,60,42,60,40,42,41,41,41,0],"gold":0,"neow_bonus":"","is_prod":false,"is_daily":true,"chose_seed":false,"campfire_upgraded":1,"win_rate":0,"timestamp":1553091804,"path_taken":["M","M","?","M","M","E","M","E","T","?","?","M","M","M","R","BOSS","M","?","M","M","M","E","M","E","T","R","$","M","?","M","R","BOSS","M","?","M","?","?","E"],"build_version":"2019-01-23","purchased_purges":0,"victory":false,"max_hp_per_floor":[70,70,70,70,70,70,70,70,70,70,70,70,70,70,65,65,65,65,65,65,65,65,65,65,65,65,65,65,65,65,65,60,60,60,60,60,60,60,60,60],"card_choices":[{"not_picked":["Redo","True Grit","Perfected Strike"],"picked":"SKIP","floor":1},{"not_picked":["Expertise","Slice","Sweeping Beam"],"picked":"SKIP","floor":2},{"not_picked":["Hologram","Clothesline","Shrug It Off"],"picked":"SKIP","floor":4},{"not_picked":["Auto Shields","Cleave","Deadly Poison"],"picked":"SKIP","floor":5},{"not_picked":["Gash","Second Wind"],"picked":"Flying Knee","floor":6},{"not_picked":["Acrobatics","Dagger Spray"],"picked":"Thunderclap","floor":7},{"not_picked":["Carnage","Flex"],"picked":"Bouncing Flask","floor":8},{"not_picked":["Cleave","Gash"],"picked":"Whirlwind","floor":12},{"not_picked":["Recycle","Accuracy"],"picked":"Exhume","floor":13},{"not_picked":["Stack","Heatsinks","Hemokinesis"],"picked":"SKIP","floor":14},{"not_picked":["Envenom","Immolate"],"picked":"Creative AI","floor":16},{"not_picked":["Turbo","Second Wind+1"],"picked":"Prepared+1","floor":18},{"not_picked":["Backflip+1","Dropkick"],"picked":"PiercingWail+1","floor":20},{"not_picked":["Conserve Battery","Streamline","Coolheaded"],"picked":"SKIP","floor":21},{"not_picked":["Wild Strike","Turbo"],"picked":"Doom and Gloom","floor":22},{"not_picked":["Chill+1","Redo"],"picked":"Shockwave","floor":23},{"not_picked":["Clothesline","Flying Knee+1"],"picked":"Inflame","floor":24},{"not_picked":["Outmaneuver","Scrape"],"picked":"Dagger Spray+1","floor":25},{"not_picked":["Dash","Blade Dance"],"picked":"Infernal Blade","floor":29},{"not_picked":["Rebound+1","Outmaneuver+1"],"picked":"Bullet Time","floor":31},{"not_picked":["Venomology","Berserk"],"picked":"Adrenaline","floor":33},{"not_picked":["Ball Lightning","Reflex"],"picked":"Sentinel+1","floor":35},{"not_picked":["Deadly Poison+1","Headbutt"],"picked":"Hologram+1","floor":37},{"not_picked":["Conserve Battery","Prepared+1"],"picked":"BootSequence","floor":37}],"player_experience":97953,"relics_obtained":[{"floor":6,"key":"Du-Vu Doll"},{"floor":8,"key":"Smiling Mask"},{"floor":9,"key":"War Paint"},{"floor":23,"key":"Potion Belt"},{"floor":25,"key":"Art of War"},{"floor":26,"key":"Bottled Tornado"},{"floor":36,"key":"Prayer Wheel"}],"event_choices":[{"damage_healed":0,"gold_gain":0,"player_choice":"Leave","damage_taken":0,"max_hp_gain":0,"max_hp_loss":0,"event_name":"The Cleric","floor":3,"gold_loss":0},{"damage_healed":0,"gold_gain":0,"player_choice":"Searched \u00272\u0027 times","damage_taken":0,"relics_obtained":["Ornamental Fan"],"max_hp_gain":0,"max_hp_loss":0,"event_name":"Dead Adventurer","floor":10,"gold_loss":0},{"damage_healed":0,"gold_gain":0,"player_choice":"2 cards matched","damage_taken":0,"max_hp_gain":0,"max_hp_loss":0,"event_name":"Match and Keep!","floor":19,"gold_loss":0,"cards_obtained":["Bandage Up","Conserve Battery"]},{"damage_healed":0,"gold_gain":0,"player_choice":"Fight","damage_taken":0,"max_hp_gain":0,"max_hp_loss":0,"event_name":"MindBloom","floor":36,"gold_loss":0},{"damage_healed":0,"gold_gain":0,"player_choice":"Paid","damage_taken":0,"relics_obtained":["Red Mask"],"max_hp_gain":0,"max_hp_loss":0,"event_name":"Tomb of Lord Red Mask","floor":38,"gold_loss":349},{"cards_removed":["Creative AI"],"damage_healed":0,"gold_gain":0,"player_choice":"Removed Power","damage_taken":0,"max_hp_gain":0,"max_hp_loss":0,"event_name":"Falling","floor":39,"gold_loss":0}],"is_beta":false,"boss_relics":[{"not_picked":["Velvet Choker","Runic Pyramid"],"picked":"Philosopher\u0027s Stone"},{"not_picked":["WristBlade","Sozu"],"picked":"Eternal Feather"}],"items_purged_floors":[],"is_endless":false,"potions_floor_spawned":[1,6,8,12,20,21,25,29,31,35,36],"killed_by":"Giant Head","ascension_level":0}