{"gold_per_floor":[365,104,124,156,188,188,276,294,294,304,320,352,352,379,379,452,452,471,471,51,69,69,69,121,121,198,228,228,228,243,276,276,354,354,373,409,309,309,38,86,86,97,97,97,26,26,60,90,90,90],"floor_reached":50,"playtime":4327,"items_purged":["Writhe","Strike_R","Writhe"],"score":1028,"play_id":"bd283907-1600-4151-b48a-a8ea69589b33","local_time":"20190901010506","is_ascension_mode":true,"campfire_choices":[{"data":"Bash","floor":6,"key":"SMITH"},{"data":"Uppercut","floor":13,"key":"SMITH"},{"data":"Hemokinesis","floor":15,"key":"SMITH"},{"floor":23,"key":"REST"},{"data":"Cleave","floor":25,"key":"SMITH"},{"data":"Juggernaut","floor":32,"key":"SMITH"},{"data":"Double Tap","floor":41,"key":"SMITH"},{"data":"Blind","floor":44,"key":"SMITH"},{"floor":49,"key":"REST"}],"neow_cost":"CURSE","seed_source_timestamp":206451276140100,"circlet_count":0,"master_deck":["AscendersBane","Strike_R","Strike_R","Strike_R","Defend_R","Defend_R","Defend_R","Defend_R","Bash+1","Second Wind","HandOfGreed","Evolve","Hemokinesis+1","Shrug It Off","Pommel Strike","Reckless Charge","Battle Trance","Uppercut+1","Offering","Shrug It Off","Shrug It Off","Purity","Cleave+1","Juggernaut+1","Dark Embrace","Shockwave","Double Tap+1","Blind+1","Ghostly Armor","Inflame","Metallicize"],"relics":["Burning Blood","Bronze Scales","Paper Frog","Orichalcum","Mark of Pain","Enchiridion","Pen Nib","PreservedInsect","The Courier","Thread and Needle","Ice Cream","Runic Cube","Lantern","Shuriken","Question Card","Mango","Potion Belt"],"potions_floor_usage":[7,14,18,27,27,50,50],"damage_taken":[{"damage":11,"enemies":"Cultist","floor":1,"turns":4},{"damage":12,"enemies":"Jaw Worm","floor":3,"turns":2},{"damage":1,"enemies":"2 Louse","floor":4,"turns":3},{"damage":10,"enemies":"2 Fungi Beasts","floor":5,"turns":4},{"damage":20,"enemies":"3 Sentries","floor":7,"turns":12},{"damage":12,"enemies":"Exordium Thugs","floor":8,"turns":4},{"damage":3,"enemies":"Exordium Wildlife","floor":10,"turns":3},{"damage":8,"enemies":"Red Slaver","floor":11,"turns":3},{"damage":4,"enemies":"2 Fungi Beasts","floor":12,"turns":3},{"damage":3,"enemies":"Gremlin Nob","floor":14,"turns":2},{"damage":31,"enemies":"Hexaghost","floor":16,"turns":8},{"damage":8,"enemies":"3 Byrds","floor":18,"turns":3},{"damage":18,"enemies":"2 Thieves","floor":21,"turns":4},{"damage":11,"enemies":"Slavers","floor":27,"turns":3},{"damage":0,"enemies":"Snake Plant","floor":30,"turns":3},{"damage":2,"enemies":"Centurion and Healer","floor":31,"turns":4},{"damage":46,"enemies":"Champ","floor":33,"turns":11},{"damage":8,"enemies":"Orb Walker","floor":35,"turns":2},{"damage":2,"enemies":"3 Shapes","floor":36,"turns":5},{"damage":5,"enemies":"Nemesis","floor":40,"turns":5},{"damage":5,"enemies":"Maw","floor":42,"turns":6},{"damage":19,"enemies":"4 Shapes","floor":47,"turns":4},{"damage":23,"enemies":"Giant Head","floor":48,"turns":7},{"damage":85,"enemies":"Awakened One","floor":50,"turns":10}],"seed_played":"-3178679566350644467","potions_obtained":[{"floor":1,"key":"LiquidBronze"},{"floor":5,"key":"Block Potion"},{"floor":10,"key":"FearPotion"},{"floor":12,"key":"SteroidPotion"},{"floor":14,"key":"Fire Potion"},{"floor":18,"key":"Dexterity Potion"},{"floor":21,"key":"Explosive Potion"},{"floor":33,"key":"Block Potion"},{"floor":36,"key":"Block Potion"},{"floor":40,"key":"GamblersBrew"}],"is_trial":false,"path_per_floor":["M","$","M","M","M","R","E","M","T","M","M","M","R","E","R","B",null,"M","?","$","M","?","R","T","R","T","E","?","?","M","M","R","B",null,"M","M","$","?","$","E","R","M","T","R","$","T","M","E","R","B"],"character_chosen":"IRONCLAD","items_purchased":["HandOfGreed","Pen Nib","Shrug It Off","Purity","Blind","Ghostly Armor","Lantern","Inflame"],"campfire_rested":2,"item_purchase_floors":[2,20,20,20,39,39,39,45],"current_hp_per_floor":[63,63,57,62,58,58,44,38,38,41,39,41,41,44,44,19,61,59,38,38,26,26,48,48,48,48,43,43,43,49,53,53,13,60,58,62,62,62,62,63,63,64,64,64,64,78,65,48,74,0],"gold":90,"neow_bonus":"TWO_FIFTY_GOLD","is_prod":false,"is_daily":false,"chose_seed":false,"campfire_upgraded":7,"win_rate":0,"timestamp":1567267506,"path_taken":["M","$","M","M","M","R","E","M","T","M","?","M","R","E","R","BOSS","M","?","$","M","?","R","?","R","T","E","?","?","M","M","R","BOSS","M","M","$","?","$","E","R","M","T","R","$","?","M","E","R","BOSS"],"build_version":"2019-07-17","purchased_purges":3,"victory":false,"max_hp_per_floor":[75,75,75,75,75,75,75,75,75,75,75,75,75,75,75,75,75,75,75,75,75,75,75,75,75,75,75,75,75,75,75,75,75,75,75,75,75,75,75,75,75,75,75,75,75,89,89,89,89,89],"card_choices":[{"not_picked":["Perfected Strike","Flex"],"picked":"Second Wind","floor":1},{"not_picked":["Cleave","Wild Strike"],"picked":"Evolve","floor":3},{"not_picked":["Warcry","Uppercut"],"picked":"Hemokinesis","floor":4},{"not_picked":["Heavy Blade","Perfected Strike"],"picked":"Shrug It Off","floor":5},{"not_picked":["Sword Boomerang","Infernal Blade"],"picked":"Pommel Strike","floor":7},{"not_picked":["Ghostly Armor","Twin Strike"],"picked":"Reckless Charge","floor":8},{"not_picked":["Dark Embrace","Body Slam"],"picked":"Battle Trance","floor":10},{"not_picked":["Twin Strike","Warcry"],"picked":"Uppercut","floor":11},{"not_picked":["Clothesline","Perfected Strike","Feel No Pain"],"picked":"SKIP","floor":12},{"not_picked":["Clothesline","Perfected Strike","Feel No Pain"],"picked":"SKIP","floor":12},{"not_picked":["Seeing Red","Warcry","Flex"],"picked":"SKIP","floor":14},{"not_picked":["Bludgeon","Barricade"],"picked":"Offering","floor":16},{"not_picked":["Clothesline","Sword Boomerang"],"picked":"Shrug It Off","floor":18},{"not_picked":["Havoc","Evolve"],"picked":"Cleave","floor":21},{"not_picked":["Havoc","Flex"],"picked":"Juggernaut","floor":27},{"not_picked":["Disarm","Fire Breathing"],"picked":"Shockwave","floor":30},{"not_picked":["Heavy Blade","True Grit","Perfected Strike"],"picked":"SKIP","floor":31},{"not_picked":["Dark Embrace","Berserk"],"picked":"Double Tap","floor":33},{"not_picked":["Carnage","Warcry","Clash"],"picked":"SKIP","floor":35},{"not_picked":["Twin Strike","Havoc","Fire Breathing"],"picked":"SKIP","floor":36},{"not_picked":["Clothesline","Twin Strike","Flex"],"picked":"SKIP","floor":40},{"not_picked":["Anger","Iron Wave","Rage"],"picked":"SKIP","floor":42},{"not_picked":["Anger","True Grit","Twin Strike","Inflame"],"picked":"SKIP","floor":47},{"not_picked":["Second Wind","Exhume","Twin Strike"],"picked":"Metallicize","floor":48}],"player_experience":533859,"relics_obtained":[{"floor":7,"key":"Bronze Scales"},{"floor":9,"key":"Paper Frog"},{"floor":14,"key":"Orichalcum"},{"floor":19,"key":"Enchiridion"},{"floor":24,"key":"PreservedInsect"},{"floor":26,"key":"The Courier"},{"floor":27,"key":"Thread and Needle"},{"floor":40,"key":"Shuriken"},{"floor":43,"key":"Question Card"},{"floor":46,"key":"Mango"},{"floor":48,"key":"Potion Belt"}],"event_choices":[{"damage_healed":0,"gold_gain":0,"player_choice":"Obtained Book","damage_taken":21,"max_hp_gain":0,"max_hp_loss":0,"event_name":"Cursed Tome","floor":19,"gold_loss":0},{"damage_healed":0,"gold_gain":0,"player_choice":"Smashed Altar","damage_taken":0,"max_hp_gain":0,"max_hp_loss":0,"event_name":"Forgotten Altar","floor":22,"gold_loss":0,"cards_obtained":["Decay"]},{"damage_healed":0,"gold_gain":0,"player_choice":"Opened","damage_taken":0,"relics_obtained":["Ice Cream"],"max_hp_gain":0,"max_hp_loss":0,"event_name":"The Mausoleum","floor":28,"gold_loss":0,"cards_obtained":["Writhe"]},{"damage_healed":0,"gold_gain":0,"cards_transformed":["Strike_R"],"player_choice":"Transformed","damage_taken":0,"max_hp_gain":0,"max_hp_loss":0,"event_name":"Transmorgrifier","floor":29,"gold_loss":0,"cards_obtained":["Dark Embrace"]},{"cards_removed":["Decay"],"damage_healed":0,"gold_gain":0,"player_choice":"Removed Curses","damage_taken":0,"max_hp_gain":0,"max_hp_loss":0,"event_name":"Fountain of Cleansing","floor":38,"gold_loss":0}],"is_beta":false,"boss_relics":[{"not_picked":["Lizard Tail","Snecko Eye"],"picked":"Mark of Pain"},{"not_picked":["Orrery","Coffee Dripper"],"picked":"Runic Cube"}],"items_purged_floors":[2,20,37],"is_endless":false,"potions_floor_spawned":[1,5,10,12,14,18,21,33,36,40,42,47],"killed_by":"Awakened One","ascension_level":16}