{"gold_per_floor":[114,39,59,59,77,77,92,124,124,143,143,155,199,111,111,209,209,228,244,244,244,294,294,308,319,319,319,319],"floor_reached":28,"playtime":996,"items_purged":["Defend_G","Regret"],"score":239,"play_id":"46f254f8-0f77-4851-a781-9c83fa662f44","local_time":"20190822144733","is_ascension_mode":true,"campfire_choices":[{"data":"All Out Attack","floor":6.0,"key":"SMITH"},{"data":"Neutralize","floor":15.0,"key":"SMITH"},{"data":"Well Laid Plans","floor":23,"key":"SMITH"},{"floor":27,"key":"REST"}],"neow_cost":"NONE","seed_source_timestamp":1909257037237618,"circlet_count":0,"master_deck":["Strike_G","Strike_G","Strike_G","Strike_G+1","Strike_G+1","Defend_G","Defend_G","Defend_G","Defend_G+1","Survivor+1","Neutralize+1","All Out Attack+1","Dagger Throw","Well Laid Plans+1","Predator+1","Grand Finale+1","Pain","Doubt","Pain","Concentrate+1","Footwork","Decay","Well Laid Plans"],"special_seed":0,"relics":["Ring of the Snake","NeowsBlessing","Pear","MawBank","War Paint","Molten Egg 2","Calling Bell","Orichalcum","Kunai","Ice Cream","MutagenicStrength","Shuriken"],"potions_floor_usage":[28,28],"damage_taken":[{"damage":0.0,"enemies":"Jaw Worm","floor":1.0,"turns":1.0},{"damage":0.0,"enemies":"Small Slimes","floor":3.0,"turns":1.0},{"damage":0.0,"enemies":"2 Louse","floor":5.0,"turns":1.0},{"damage":4.0,"enemies":"Exordium Wildlife","floor":7.0,"turns":4.0},{"damage":6.0,"enemies":"Gremlin Nob","floor":8.0,"turns":3.0},{"damage":0.0,"enemies":"Looter","floor":10.0,"turns":3.0},{"damage":17.0,"enemies":"3 Sentries","floor":13.0,"turns":5.0},{"damage":13.0,"enemies":"The Guardian","floor":16.0,"turns":14.0},{"damage":6,"enemies":"Chosen","floor":18,"turns":6},{"damage":26,"enemies":"Spheric Guardian","floor":19,"turns":6},{"damage":24,"enemies":"Snecko","floor":24,"turns":6},{"damage":23,"enemies":"Shelled Parasite and Fungi","floor":25,"turns":4},{"damage":25,"enemies":"Book of Stabbing","floor":28,"turns":5}],"seed_played":"6754651113757257223","potions_obtained":[{"floor":1.0,"key":"SkillPotion"},{"floor":10.0,"key":"GamblersBrew"},{"floor":13.0,"key":"LiquidBronze"},{"floor":19,"key":"Dexterity Potion"}],"is_trial":false,"path_per_floor":["M","$","M","?","M","R","M","E","T","M","?","?","E","$","R","B",null,"M","M","?","?","?","R","M","M","T","R","E"],"character_chosen":"THE_SILENT","items_purchased":[],"campfire_rested":1,"item_purchase_floors":[],"current_hp_per_floor":[70,70,70,56,56,56,52,46,56,56,49,49,32,32,32,19,80,74,48,48,48,48,48,24,1,1,25,0],"gold":319,"neow_bonus":"THREE_ENEMY_KILL","is_prod":false,"is_daily":false,"chose_seed":false,"campfire_upgraded":3,"win_rate":0,"timestamp":1566463653,"path_taken":["M","$","M","?","M","R","M","E","T","M","?","?","E","$","R","BOSS","M","M","?","?","?","R","?","M","T","R","E"],"build_version":"2019-07-17","purchased_purges":2,"victory":false,"max_hp_per_floor":[70,70,70,70,70,70,70,70,80,80,80,80,80,80,80,80,80,80,80,80,80,80,80,80,80,80,80,80],"card_choices":[{"not_picked":["Predator","Quick Slash"],"picked":"All Out Attack","floor":1.0},{"not_picked":["Slice","Leg Sweep"],"picked":"Dagger Throw","floor":3.0},{"not_picked":["Dash","Expertise","Deflect"],"picked":"SKIP","floor":5.0},{"not_picked":["Blur","Finisher","Deadly Poison"],"picked":"SKIP","floor":7.0},{"not_picked":["Eviscerate","Envenom","Outmaneuver"],"picked":"SKIP","floor":8.0},{"not_picked":["Calculated Gamble","Blade Dance"],"picked":"Well Laid Plans","floor":10.0},{"not_picked":["Tactician","Quick Slash"],"picked":"Predator","floor":13.0},{"not_picked":["Venomology","Storm of Steel"],"picked":"Grand Finale+1","floor":16.0},{"not_picked":["Dodge and Roll+1","Dagger Throw+1"],"picked":"Concentrate+1","floor":18},{"not_picked":["Dagger Spray+1","Cloak And Dagger"],"picked":"Footwork","floor":19},{"not_picked":["Quick Slash+1","Poisoned Stab+1","Outmaneuver"],"picked":"SKIP","floor":24},{"not_picked":["Cloak And Dagger","Sucker Punch+1"],"picked":"Well Laid Plans","floor":25}],"player_experience":1669177,"relics_obtained":[{"floor":9.0,"key":"Pear"},{"floor":13.0,"key":"Molten Egg 2"},{"floor":17,"key":"Orichalcum"},{"floor":17,"key":"Kunai"},{"floor":17,"key":"Ice Cream"},{"floor":26,"key":"Shuriken"}],"event_choices":[{"damage_healed":0.0,"max_hp_gain":0.0,"max_hp_loss":0.0,"gold_gain":0.0,"event_name":"Shining Light","player_choice":"Entered Light","floor":4.0,"gold_loss":0.0,"damage_taken":14.0,"cards_upgraded":["Strike_G","Strike_G"]},{"damage_healed":0.0,"max_hp_gain":0.0,"max_hp_loss":0.0,"gold_gain":0.0,"event_name":"Scrap Ooze","player_choice":"Success","floor":11.0,"gold_loss":0.0,"damage_taken":7.0,"relics_obtained":["MawBank"]},{"damage_healed":0.0,"max_hp_gain":0.0,"max_hp_loss":0.0,"gold_gain":0.0,"event_name":"Big Fish","player_choice":"Box","floor":12.0,"gold_loss":0.0,"damage_taken":0.0,"relics_obtained":["War Paint"],"cards_obtained":["Regret"]},{"damage_healed":0,"gold_gain":0,"player_choice":"Inject Mutagens","damage_taken":0,"relics_obtained":["MutagenicStrength"],"max_hp_gain":0,"max_hp_loss":0,"event_name":"Drug Dealer","floor":20,"gold_loss":0},{"damage_healed":0,"gold_gain":0,"player_choice":"Smashed Altar","damage_taken":0,"max_hp_gain":0,"max_hp_loss":0,"event_name":"Forgotten Altar","floor":21,"gold_loss":0,"cards_obtained":["Decay"]},{"damage_healed":0,"gold_gain":100,"player_choice":"Bet on Murderer","damage_taken":0,"max_hp_gain":0,"max_hp_loss":0,"event_name":"The Joust","floor":22,"gold_loss":50}],"is_beta":false,"boss_relics":[{"not_picked":["HoveringKite","Runic Dome"],"picked":"Calling Bell"}],"items_purged_floors":[2,14],"is_endless":false,"potions_floor_spawned":[1,10,13,19],"killed_by":"Book of Stabbing","ascension_level":1}