{"gold_per_floor":[114,114,129,144,159,174,24,24,49,64,64,94,94,109,109,209,209,224,239,254,269,269,269,269,284,309,59,74,74,74,104,104,204,204,219,269,284,284,9,9,24,39,64,79,109,34,49,64,64,64],"floor_reached":50,"playtime":3972,"items_purged":["Strike_B"],"score":550,"play_id":"8e5da2e5-eea9-4097-a237-58aa0d423040","local_time":"20190831223040","daily_mods":["Chimera","Uncertain Future","Binary"],"is_ascension_mode":false,"campfire_choices":[{"data":"Storm","floor":8.0,"key":"SMITH"},{"floor":11.0,"key":"REST"},{"floor":15.0,"key":"REST"},{"floor":24,"key":"REST"},{"floor":29,"key":"REST"},{"floor":32,"key":"REST"},{"data":"Echo Form","floor":40,"key":"SMITH"},{"floor":49,"key":"REST"}],"neow_cost":"","seed_source_timestamp":0,"circlet_count":0,"master_deck":["Bash","Survivor","Zap","Defend_R","Defend_B","Fusion","White Noise","Storm+1","White Noise","Go for the Eyes","All For One+1","Rainbow","Coolheaded+1","Force Field+1","FTL+1","Leap+1","Rip and Tear+1","Stack+1","FTL","Echo Form+1","Beam Cell+1","Defragment","Force Field","Fission","Beam Cell+1","Lockon+1","Hologram+1","Parasite"],"special_seed":18140,"relics":["Cracked Core","FaceOfCleric","PreservedInsect","Bag of Marbles","Dream Catcher","Astrolabe","Lantern","Molten Egg 2","Anchor","Eternal Feather","Pen Nib","Toy Ornithopter","Bag of Preparation","Whetstone"],"potions_floor_usage":[21,28,41,42,44,50,50,50],"damage_taken":[{"damage":11.0,"enemies":"Jaw Worm","floor":1.0,"turns":3.0},{"damage":4.0,"enemies":"Cultist","floor":3.0,"turns":4.0},{"damage":0.0,"enemies":"Small Slimes","floor":4.0,"turns":4.0},{"damage":6.0,"enemies":"2 Fungi Beasts","floor":5.0,"turns":4.0},{"damage":10.0,"enemies":"Red Slaver","floor":6.0,"turns":6.0},{"damage":5.0,"enemies":"Looter","floor":10.0,"turns":3.0},{"damage":14.0,"enemies":"Gremlin Nob","floor":12.0,"turns":3.0},{"damage":18.0,"enemies":"Exordium Wildlife","floor":14.0,"turns":4.0},{"damage":24.0,"enemies":"Hexaghost","floor":16.0,"turns":8.0},{"damage":6,"enemies":"Shell Parasite","floor":18,"turns":8},{"damage":10,"enemies":"3 Byrds","floor":19,"turns":6},{"damage":3,"enemies":"Snake Plant","floor":20,"turns":5},{"damage":16,"enemies":"Shelled Parasite and Fungi","floor":21,"turns":6},{"damage":24,"enemies":"Centurion and Healer","floor":25,"turns":15},{"damage":14,"enemies":"Snake Plant","floor":28,"turns":4},{"damage":36,"enemies":"Gremlin Leader","floor":31,"turns":5},{"damage":37,"enemies":"Champ","floor":33,"turns":11},{"damage":10,"enemies":"3 Shapes","floor":35,"turns":5},{"damage":16,"enemies":"Orb Walker","floor":37,"turns":5},{"damage":18,"enemies":"Writhing Mass","floor":41,"turns":5},{"damage":3,"enemies":"Maw","floor":42,"turns":7},{"damage":23,"enemies":"Jaw Worm Horde","floor":44,"turns":5},{"damage":8,"enemies":"Reptomancer","floor":45,"turns":4},{"damage":21,"enemies":"Sphere and 2 Shapes","floor":47,"turns":4},{"damage":14,"enemies":"Writhing Mass","floor":48,"turns":5},{"damage":115,"enemies":"Awakened One","floor":50,"turns":15}],"seed_played":"4875208666320762230","potions_obtained":[{"floor":1.0,"key":"SteroidPotion"},{"floor":3.0,"key":"GamblersBrew"},{"floor":5.0,"key":"GamblersBrew"},{"floor":6.0,"key":"Weak Potion"},{"floor":19,"key":"Weak Potion"},{"floor":20,"key":"Poison Potion"},{"floor":25,"key":"Swift Potion"},{"floor":35,"key":"Explosive Potion"},{"floor":37,"key":"Regen Potion"},{"floor":41,"key":"Weak Potion"},{"floor":45,"key":"EssenceOfSteel"}],"is_trial":false,"path_per_floor":["M","?","M","M","M","M","$","R","T","M","R","E","$","M","R","B",null,"M","M","M","M","?","?","R","M","T","$","M","R","?","E","R","B",null,"M","T","M","?","$","R","M","M","T","M","E","$","M","M","R","B"],"character_chosen":"DEFECT","items_purchased":["PreservedInsect","Molten Egg 2","Toy Ornithopter","LiquidBronze"],"campfire_rested":6,"item_purchase_floors":[7,27,39,46],"current_hp_per_floor":[64,64,61,62,57,48,48,48,48,44,68,55,55,38,62,39,83,78,69,67,52,35,35,62,39,39,39,26,54,104,69,100,64,106,97,97,82,82,82,97,85,88,88,85,78,78,58,45,94,0],"gold":64,"neow_bonus":"","is_prod":false,"is_daily":true,"chose_seed":false,"campfire_upgraded":2,"win_rate":0,"timestamp":1567305040,"path_taken":["M","?","M","M","M","M","?","R","T","?","R","E","$","M","R","BOSS","M","M","M","M","?","?","R","M","T","$","M","R","?","E","R","BOSS","M","?","M","?","?","R","M","M","T","M","E","$","M","M","R","BOSS"],"build_version":"2019-07-17","purchased_purges":1,"victory":false,"max_hp_per_floor":[75,75,76,77,78,79,79,79,79,80,80,81,81,82,82,83,83,84,85,86,87,92,92,92,93,93,93,94,94,104,105,105,106,106,107,107,108,108,108,108,109,110,110,111,112,112,113,114,114,114],"card_choices":[{"not_picked":["Blizzard"],"picked":"Aggregate","floor":1.0},{"not_picked":["Stack"],"picked":"Fusion","floor":3.0},{"not_picked":["Hologram"],"picked":"White Noise","floor":4.0},{"not_picked":["Stack"],"picked":"Storm","floor":5.0},{"not_picked":["Go for the Eyes"],"picked":"White Noise","floor":6.0},{"not_picked":["Rebound"],"picked":"Go for the Eyes","floor":10.0},{"not_picked":["Gash","Compile Driver"],"picked":"SKIP","floor":12.0},{"not_picked":["Reprogram"],"picked":"All For One","floor":14.0},{"not_picked":["Meteor Strike"],"picked":"Rainbow","floor":16.0},{"not_picked":["Rebound+1"],"picked":"FTL+1","floor":18},{"not_picked":["Reprogram"],"picked":"Leap+1","floor":19},{"not_picked":["Ball Lightning"],"picked":"Rip and Tear","floor":20},{"not_picked":["Darkness+1"],"picked":"Stack+1","floor":21},{"not_picked":["Rebound"],"picked":"FTL","floor":24},{"not_picked":["Coolheaded"],"picked":"Echo Form","floor":25},{"not_picked":["Cold Snap+1"],"picked":"Beam Cell+1","floor":28},{"not_picked":["Genetic Algorithm+1"],"picked":"Defragment","floor":31},{"not_picked":["Cold Snap+1"],"picked":"Force Field","floor":32},{"not_picked":["Hyperbeam+1"],"picked":"Fission","floor":33},{"not_picked":["Consume"],"picked":"Beam Cell+1","floor":35},{"not_picked":["Coolheaded"],"picked":"Lockon+1","floor":37},{"not_picked":["BootSequence+1"],"picked":"Hologram+1","floor":41},{"not_picked":["Hologram","Streamline+1"],"picked":"SKIP","floor":42},{"not_picked":["Beam Cell+1","Leap+1"],"picked":"SKIP","floor":44},{"not_picked":["Steam","Conserve Battery"],"picked":"SKIP","floor":45},{"not_picked":["Stack","Coolheaded"],"picked":"SKIP","floor":47},{"not_picked":["Compile Driver+1","Ball Lightning+1"],"picked":"SKIP","floor":48}],"player_experience":176723,"relics_obtained":[{"floor":9.0,"key":"Bag of Marbles"},{"floor":12.0,"key":"Dream Catcher"},{"floor":26,"key":"Lantern"},{"floor":31,"key":"Anchor"},{"floor":36,"key":"Pen Nib"},{"floor":43,"key":"Bag of Preparation"},{"floor":45,"key":"Whetstone"}],"event_choices":[{"damage_healed":0.0,"max_hp_gain":0.0,"max_hp_loss":0.0,"gold_gain":0.0,"event_name":"FaceTrader","player_choice":"Trade","floor":2.0,"gold_loss":0.0,"damage_taken":0.0,"relics_obtained":["FaceOfCleric"]},{"damage_healed":0,"gold_gain":0,"player_choice":"Shed Blood","damage_taken":22,"max_hp_gain":5,"max_hp_loss":0,"event_name":"Forgotten Altar","floor":22,"gold_loss":0},{"damage_healed":0,"gold_gain":0,"player_choice":"Ignored","damage_taken":0,"max_hp_gain":0,"max_hp_loss":0,"event_name":"Ghosts","floor":23,"gold_loss":0},{"cards_removed":["Meteor Strike"],"damage_healed":40,"gold_gain":0,"player_choice":"Offered Rare","damage_taken":0,"max_hp_gain":10,"max_hp_loss":0,"event_name":"Bonfire Elementals","floor":30,"gold_loss":0},{"cards_removed":["Defend_G"],"damage_healed":0,"gold_gain":0,"player_choice":"Removed Skill","damage_taken":0,"max_hp_gain":0,"max_hp_loss":0,"event_name":"Falling","floor":38,"gold_loss":0}],"is_beta":false,"boss_relics":[{"not_picked":["Orrery","Calling Bell"],"picked":"Astrolabe"},{"not_picked":["Sozu","Busted Crown"],"picked":"Eternal Feather"}],"items_purged_floors":[39],"is_endless":false,"potions_floor_spawned":[1,3,5,6,19,20,25,35,37,41,45],"killed_by":"Awakened One","ascension_level":0}