{"path_per_floor":["M","M","$","M","?","R","?","?","T","M","?","?","T","M","R","B",null,"M","$","?","M","$","M","M","E","T","E","R","M","M","$","R"],"character_chosen":"IRONCLAD","items_purchased":["Flex","Inflame","Metallicize","Infinite Blades","Deflect","Ancient Potion"],"gold_per_floor":[114,129,81,96,96,96,76,76,131,146,96,96,121,140,140,265,265,284,212,212,201,89,108,127,165,215,253,253,272,291,17,17,17],"floor_reached":33,"campfire_rested":1,"playtime":1865,"current_hp_per_floor":[80,76,76,80,80,80,80,80,80,80,80,60,60,64,64,55,80,78,78,78,67,67,40,34,28,28,11,75,73,57,57,57,0],"items_purged":["Writhe","Defend_R"],"gold":17,"score":277,"play_id":"79009cfd-a65a-4f8a-9121-647e48c3a6f1","local_time":"20180405174328","daily_mods":["Diverse","Binary","Night Terrors"],"is_prod":false,"is_daily":true,"is_ascension_mode":false,"campfire_upgraded":3,"timestamp":1522975408,"path_taken":["M","M","$","M","?","R","?","?","T","?","?","?","?","?","R","BOSS","M","$","?","?","$","M","M","E","T","E","R","M","M","?","R","BOSS"],"build_version":"2018-04-05","purchased_purges":2,"victory":false,"master_deck":["Strike_R","Strike_R","Strike_R","Strike_R","Defend_R","Bash","PiercingWail","Flex","Iron Wave+1","Blur","Pommel Strike+1","Perfected Strike","Inflame","Metallicize+1","Noxious Fumes+1","Slice+1","Pummel","Infinite Blades","Deflect"],"max_hp_per_floor":[80,80,80,80,80,80,80,80,80,80,80,80,80,80,80,80,80,80,80,80,80,80,80,80,80,80,80,75,75,75,75,75,75],"relics":["Burning Blood","Tiny Chest","Golden Idol","Orichalcum","Lizard Tail","Pen Nib","Happy Flower","Oddly Smooth Stone","Art of War"],"card_choices":[{"not_picked":["Heavy Blade"],"picked":"PiercingWail","floor":1},{"not_picked":["Thunderclap"],"picked":"Iron Wave","floor":4},{"not_picked":["Heavy Blade"],"picked":"Blur","floor":10},{"not_picked":["Leg Sweep"],"picked":"Pommel Strike","floor":14},{"not_picked":["Poisoned Stab"],"picked":"Perfected Strike","floor":18},{"not_picked":["Backflip"],"picked":"Noxious Fumes","floor":24},{"not_picked":["Bludgeon"],"picked":"Slice","floor":27},{"not_picked":["Sever Soul"],"picked":"Pummel","floor":29}],"player_experience":421189,"potions_floor_usage":[10,10,16,18,23,24,27,33],"damage_taken":[{"damage":6,"enemies":"Jaw Worm","floor":1,"turns":3},{"damage":10,"enemies":"Cultist","floor":2,"turns":4},{"damage":0,"enemies":"Small Slimes","floor":4,"turns":3},{"damage":1,"enemies":"3 Louse","floor":10,"turns":2},{"damage":2,"enemies":"Exordium Wildlife","floor":14,"turns":4},{"damage":30,"enemies":"The Guardian","floor":16,"turns":14},{"damage":8,"enemies":"Chosen","floor":18,"turns":5},{"damage":17,"enemies":"2 Thieves","floor":21,"turns":4},{"damage":33,"enemies":"Chosen and Byrds","floor":23,"turns":8},{"damage":12,"enemies":"Snake Plant","floor":24,"turns":5},{"damage":53,"enemies":"Book of Stabbing","floor":25,"turns":7},{"damage":23,"enemies":"Gremlin Leader","floor":27,"turns":8},{"damage":8,"enemies":"Centurion and Healer","floor":29,"turns":5},{"damage":22,"enemies":"3 Cultists","floor":30,"turns":6},{"damage":63,"enemies":"Automaton","floor":33,"turns":8}],"event_choices":[{"event_name":"Bonfire Elementals","player_choice":"BASIC","floor":5,"damage_taken":0},{"event_name":"The Woman in Blue","player_choice":"Bought 1 Potion","floor":7,"damage_taken":0},{"event_name":"Living Wall","player_choice":"Forget","floor":8,"damage_taken":0},{"event_name":"The Cleric","player_choice":"Card Removal","floor":11,"damage_taken":0},{"event_name":"Golden Idol","player_choice":"Take Damage","floor":12,"damage_taken":0},{"event_name":"The Mausoleum","player_choice":"Yes","floor":20,"damage_taken":0}],"boss_relics":[{"not_picked":["Calling Bell","Runic Pyramid"],"picked":"Lizard Tail"}],"potions_floor_spawned":[2,4,16,21,23,25],"seed_played":"-7248569299204843606","killed_by":"Automaton","ascension_level":0,"is_trial":false}