{"gold_per_floor":[114,189,204,219,234,234,264,294,294,469,484,484,24,39,39,139,139,154,154,169,169],"floor_reached":21,"playtime":1049,"items_purged":["Doubt"],"score":241,"play_id":"3a6c8ccd-369b-4851-aba0-705e36e639bb","local_time":"20190710210702","daily_mods":["Chimera","Blue Cards","DeadlyEvents"],"is_ascension_mode":false,"campfire_choices":[{"data":"Intimidate","floor":6,"key":"SMITH"},{"floor":12,"key":"REST"},{"data":"1","floor":15,"key":"LIFT"}],"neow_cost":"","seed_source_timestamp":0,"circlet_count":0,"master_deck":["Bash","Survivor","Zap","Strike_R","Strike_G","Strike_B","Defend_R","Defend_G","Defend_B","Intimidate+1","Undo","Beam Cell","Cleave","White Noise+1","Rip and Tear","Dropkick","Shame","Normality","Normality"],"special_seed":18088,"relics":["Burning Blood","Girya","Matryoshka","Bag of Marbles","The Courier","Vajra","Red Skull","OrangePellets","Calling Bell","Blood Vial","Paper Frog","Shovel"],"potions_floor_usage":[8,11,16,21],"damage_taken":[{"damage":7,"enemies":"Jaw Worm","floor":1,"turns":4},{"damage":4,"enemies":"Cultist","floor":3,"turns":4},{"damage":0,"enemies":"Small Slimes","floor":4,"turns":3},{"damage":8,"enemies":"Blue Slaver","floor":5,"turns":5},{"damage":35,"enemies":"Lagavulin","floor":7,"turns":8},{"damage":37,"enemies":"3 Sentries","floor":8,"turns":11},{"damage":3,"enemies":"Red Slaver","floor":11,"turns":4},{"damage":5,"enemies":"Looter","floor":14,"turns":2},{"damage":0,"enemies":"Slime Boss","floor":16,"turns":5},{"damage":33,"enemies":"3 Byrds","floor":18,"turns":7},{"damage":16,"enemies":"2 Thieves","floor":20,"turns":4},{"damage":50,"enemies":"Slavers","floor":21,"turns":3}],"seed_played":"5538255350721722411","potions_obtained":[{"floor":4,"key":"SpeedPotion"},{"floor":8,"key":"Block Potion"},{"floor":11,"key":"SkillPotion"},{"floor":18,"key":"SkillPotion"}],"is_trial":false,"path_per_floor":["M","?","M","M","M","R","E","E","T","?","M","R","$","M","R","B",null,"M","?","M","E"],"character_chosen":"IRONCLAD","items_purchased":["Vajra","Red Skull","OrangePellets"],"campfire_rested":1,"item_purchase_floors":[13,13,13],"current_hp_per_floor":[79,71,73,79,77,77,48,17,17,17,20,44,44,45,45,51,80,53,53,45,0],"gold":169,"neow_bonus":"","is_prod":false,"is_daily":true,"chose_seed":false,"campfire_upgraded":1,"win_rate":0,"timestamp":1562807222,"path_taken":["M","?","M","?","M","R","?","E","T","?","M","R","$","?","R","BOSS","M","?","M","?"],"build_version":"2019-07-05","purchased_purges":1,"victory":false,"max_hp_per_floor":[80,80,80,80,80,80,80,80,80,80,80,80,80,80,80,80,80,80,80,80,80],"card_choices":[{"not_picked":["Wild Strike","Defragment"],"picked":"Intimidate","floor":1},{"not_picked":["Loop","Shrug It Off"],"picked":"Undo","floor":3},{"not_picked":["Stack","Flex"],"picked":"Beam Cell","floor":4},{"not_picked":["Undo","True Grit"],"picked":"Cleave","floor":5},{"not_picked":["Steam","Streamline"],"picked":"White Noise","floor":7},{"not_picked":["Streamline","Carnage"],"picked":"Rip and Tear","floor":8},{"not_picked":["Clothesline","Lockon","Thunderclap"],"picked":"SKIP","floor":11},{"not_picked":["Body Slam","Warcry"],"picked":"Dropkick","floor":14},{"not_picked":["Sweeping Beam","Steam Power","Cold Snap"],"picked":"SKIP","floor":18},{"not_picked":["Redo","Rebound","Hologram"],"picked":"SKIP","floor":20}],"player_experience":151308,"relics_obtained":[{"floor":7,"key":"Girya"},{"floor":8,"key":"Matryoshka"},{"floor":9,"key":"Bag of Marbles"},{"floor":9,"key":"The Courier"},{"floor":17,"key":"Blood Vial"},{"floor":17,"key":"Paper Frog"},{"floor":17,"key":"Shovel"}],"event_choices":[{"damage_healed":0,"gold_gain":75,"player_choice":"Touch","damage_taken":8,"max_hp_gain":0,"max_hp_loss":0,"event_name":"FaceTrader","floor":2,"gold_loss":0},{"damage_healed":0,"gold_gain":175,"player_choice":"AGREE","damage_taken":0,"max_hp_gain":0,"max_hp_loss":0,"event_name":"Liars Game","floor":10,"gold_loss":0,"cards_obtained":["Doubt"]},{"damage_healed":0,"gold_gain":0,"player_choice":"Upgraded","damage_taken":0,"max_hp_gain":0,"max_hp_loss":0,"event_name":"Upgrade Shrine","floor":19,"gold_loss":0,"cards_upgraded":["White Noise"]}],"is_beta":false,"boss_relics":[{"not_picked":["Pandora\u0027s Box","Runic Cube"],"picked":"Calling Bell"}],"items_purged_floors":[13],"is_endless":false,"potions_floor_spawned":[4,8,11,18],"killed_by":"Slavers","ascension_level":0}