{"path_per_floor":["M","T","M","T","?","R","?","E","T","M","M","M","R","M","R","B",null,"M","M","?","?","M","R","M","M","T","E","$","?","?","M","R","B",null,"M","M","?","M","?","R","M","E","T","$","?","R","?","M","R","B"],"character_chosen":"DEFECT","items_purchased":["Gash","Matryoshka","Gash","Bandage Up","Strength Potion","Capacitor"],"gold_per_floor":[114,114,129,129,129,129,129,159,159,174,189,204,204,219,219,319,319,334,349,349,349,364,364,379,394,444,474,80,180,180,195,195,295,325,340,355,355,370,370,370,385,415,415,44,44,44,0,15,15,15],"floor_reached":51,"campfire_rested":4,"playtime":2816,"current_hp_per_floor":[75,81,78,84,84,84,84,66,72,72,64,57,57,57,84,76,99,95,70,76,76,67,98,92,47,53,48,48,48,48,33,66,31,122,112,100,100,92,92,92,101,90,96,96,86,124,124,108,108,82],"items_purged":["Regret","Strike_B"],"gold":15,"score":899,"play_id":"c9eacee8-089c-4527-a181-482822580949","local_time":"20180504194611","daily_mods":["Heirloom","Cursed Run","Elite Swarm"],"is_prod":false,"is_daily":true,"chose_seed":false,"is_ascension_mode":false,"campfire_upgraded":2,"timestamp":1525488371,"path_taken":["M","?","M","?","?","R","?","E","T","?","M","?","R","?","R","BOSS","M","M","?","?","M","R","M","M","T","E","$","?","?","M","R","BOSS","M","M","?","M","?","R","M","E","T","$","?","R","?","M","R","BOSS"],"build_version":"2018-05-03","seed_source_timestamp":0,"purchased_purges":2,"victory":true,"master_deck":["Strike_B+1","Strike_B+1","Strike_B+1","Defend_B+1","Defend_B+1","Defend_B+1","Zap+1","Capacitor+1","Writhe","FTL","Clumsy","Reboot","Skim","Streamline","Leap","Recycle","Axe Kick","Writhe","Sweeping Beam","Axe Kick","Beam Cell","Parasite","Prime+1","Gash+1","Self Repair+1","Machine Learning+1","Static Discharge+1","Ball Lightning+1","Cold Snap+1","Gash","Echo Form+1","Writhe","Gash","Bandage Up","Capacitor+1","Flash of Steel","Dark Shackles","Dramatic Entrance","Sweeping Beam+1","Injury"],"max_hp_per_floor":[75,81,81,87,87,87,87,87,93,93,93,93,93,93,93,99,99,99,99,105,105,105,105,105,105,111,111,111,111,111,111,111,117,122,122,122,122,122,122,122,122,122,128,128,128,128,128,128,128,134],"relics":["Cursed Key","Darkstone Periapt","Du-Vu Doll","Emotion Chip","Kunai","Dodecahedron","Sundial","Peace Pipe","Lizard Tail","Frozen Egg 2","Happy Flower","Juzu Bracelet","Matryoshka","Tiny House","Ice Cream","Blood Vial","Meat on the Bone","Red Mask"],"card_choices":[{"not_picked":["Barrage","Coolheaded"],"picked":"Capacitor","floor":1},{"not_picked":["Reinforced Body","Hologram"],"picked":"FTL","floor":3},{"not_picked":["Meteor Strike","Biased Cognition"],"picked":"Reboot","floor":8},{"not_picked":["Storm","Impulse"],"picked":"Skim","floor":10},{"not_picked":["Scrape","Hello World"],"picked":"Streamline","floor":11},{"not_picked":["Ball Lightning","Scrape"],"picked":"Leap","floor":12},{"not_picked":["Barrage","White Noise"],"picked":"Glacier","floor":14},{"not_picked":["Blizzard","Double Energy"],"picked":"Recycle","floor":18},{"not_picked":["Ball Lightning","Turbo"],"picked":"Axe Kick","floor":19},{"not_picked":["White Noise","Rip and Tear"],"picked":"Sweeping Beam","floor":22},{"not_picked":["Skim","Hologram"],"picked":"Axe Kick","floor":24},{"not_picked":["Stack","Barrage"],"picked":"Beam Cell","floor":25},{"not_picked":["Seek","Amplify"],"picked":"Prime","floor":27},{"not_picked":["Leap","Axe Kick"],"picked":"Self Repair","floor":31},{"not_picked":["Thunder Strike","Seek"],"picked":"Machine Learning","floor":33},{"not_picked":["White Noise","BootSequence"],"picked":"Static Discharge","floor":34},{"not_picked":["Go for the Eyes","Barrage"],"picked":"Ball Lightning","floor":35},{"not_picked":["Genetic Algorithm","Streamline"],"picked":"Cold Snap","floor":36},{"not_picked":["Turbo","Hologram"],"picked":"Gash","floor":38},{"not_picked":["Nova","Prime"],"picked":"Echo Form","floor":42},{"not_picked":["Madness","Blind"],"picked":"Flash of Steel","floor":45},{"not_picked":["Blind","Swift Strike"],"picked":"Dark Shackles","floor":45},{"not_picked":["Jack Of All Trades","Madness"],"picked":"Dramatic Entrance","floor":45},{"not_picked":["Axe Kick","Cold Snap"],"picked":"Sweeping Beam","floor":48}],"player_experience":491735,"potions_floor_usage":[14,16,18,19,24,31,42,50,50,50],"damage_taken":[{"damage":0,"enemies":"Cultist","floor":1,"turns":3},{"damage":3,"enemies":"Jaw Worm","floor":3,"turns":3},{"damage":18,"enemies":"Lagavulin","floor":8,"turns":6},{"damage":0,"enemies":"Small Slimes","floor":10,"turns":2},{"damage":8,"enemies":"Exordium Thugs","floor":11,"turns":3},{"damage":7,"enemies":"Looter","floor":12,"turns":2},{"damage":0,"enemies":"Gremlin Gang","floor":14,"turns":1},{"damage":29,"enemies":"Hexaghost","floor":16,"turns":10},{"damage":4,"enemies":"3 Byrds","floor":18,"turns":4},{"damage":25,"enemies":"2 Thieves","floor":19,"turns":3},{"damage":9,"enemies":"Snake Plant","floor":22,"turns":4},{"damage":6,"enemies":"Snecko","floor":24,"turns":4},{"damage":45,"enemies":"Chosen and Byrds","floor":25,"turns":7},{"damage":5,"enemies":"Gremlin Leader","floor":27,"turns":6},{"damage":15,"enemies":"Snake Plant","floor":31,"turns":4},{"damage":51,"enemies":"Automaton","floor":33,"turns":10},{"damage":20,"enemies":"Orb Walker","floor":35,"turns":3},{"damage":22,"enemies":"Flame Bruiser 1 Orb","floor":36,"turns":4},{"damage":18,"enemies":"Sphere and 2 Shapes","floor":38,"turns":3},{"damage":1,"enemies":"Maw","floor":41,"turns":6},{"damage":33,"enemies":"Nemesis","floor":42,"turns":5},{"damage":32,"enemies":"Flame Bruiser 2 Orb","floor":48,"turns":5},{"damage":70,"enemies":"Time Eater","floor":50,"turns":7}],"event_choices":[{"event_name":"Living Wall","player_choice":"Forget","floor":5,"damage_taken":0},{"event_name":"Bonfire Elementals","player_choice":"BASIC","floor":7,"damage_taken":0},{"event_name":"The Mausoleum","player_choice":"Yes","floor":20,"damage_taken":0},{"event_name":"Drug Dealer","player_choice":"Ignored","floor":21,"damage_taken":0},{"event_name":"Golden Shrine","player_choice":"Pray","floor":29,"damage_taken":0},{"event_name":"Back to Basics","player_choice":"Simplicity","floor":30,"damage_taken":0},{"event_name":"Mysterious Sphere","player_choice":"Ignore","floor":37,"damage_taken":0},{"event_name":"SensoryStone","player_choice":"Memory 3","floor":45,"damage_taken":0},{"event_name":"Tomb of Lord Red Mask","player_choice":"Paid","floor":47,"damage_taken":0}],"boss_relics":[{"not_picked":["White Beast Statue","Snecko Eye"],"picked":"Lizard Tail"},{"not_picked":["Velvet Choker","Pandora\u0027s Box"],"picked":"Tiny House"}],"potions_floor_spawned":[8,12,16,18,19,27,33,35,38],"seed_played":"-736207879741980722","ascension_level":0,"is_trial":false}