{"gold_per_floor":[109,121,296,311,330,330,363,363,363,363,397,409,374,149,149,251,251,263,13,13,26,38,38,38,50,50,64,93,109,109,140,140,239,239,259,115,128,3,3,3,17,17],"floor_reached":42,"playtime":2343,"items_purged":["Doubt","Strike_R","Defend_R"],"score":453,"play_id":"49e0ba34-1a01-4388-89ea-2b0c408fe45c","local_time":"20190914130503","is_ascension_mode":false,"campfire_choices":[{"data":"Uppercut","floor":6,"key":"SMITH"},{"floor":8,"key":"REST"},{"data":"Bash","floor":10,"key":"SMITH"},{"floor":15,"key":"REST"},{"floor":23,"key":"REST"},{"floor":30,"key":"REST"},{"floor":32,"key":"REST"},{"data":"Rampage","floor":40,"key":"SMITH"}],"neow_cost":"","seed_source_timestamp":235852670009019,"circlet_count":0,"master_deck":["Strike_R","Strike_R","Defend_R","Defend_R","Defend_R","Bash+1","Rampage+1","Uppercut+1","Dropkick","Ghostly Armor","Demon Form","Metallicize+1","Metallicize","Inflame+1","Metallicize","Battle Trance","Inflame+1","Metallicize+1"],"relics":["Black Blood","Question Card","Shuriken","Paper Frog","Anchor","TheAbacus","Torii","Red Mask","Toxic Egg 2","SlaversCollar","Pen Nib"],"potions_floor_usage":[7,11,16,16,22,28,31,42,42,42],"damage_taken":[{"damage":5,"enemies":"Small Slimes","floor":1,"turns":4},{"damage":7,"enemies":"2 Louse","floor":2,"turns":3},{"damage":22,"enemies":"Cultist","floor":4,"turns":5},{"damage":10,"enemies":"Looter","floor":5,"turns":4},{"damage":36,"enemies":"Lagavulin","floor":7,"turns":6},{"damage":49,"enemies":"3 Sentries","floor":11,"turns":10},{"damage":0,"enemies":"Blue Slaver","floor":12,"turns":4},{"damage":33,"enemies":"The Guardian","floor":16,"turns":9},{"damage":44,"enemies":"Spheric Guardian","floor":18,"turns":7},{"damage":2,"enemies":"Shell Parasite","floor":21,"turns":5},{"damage":30,"enemies":"Centurion and Healer","floor":22,"turns":6},{"damage":11,"enemies":"Cultist and Chosen","floor":25,"turns":8},{"damage":11,"enemies":"Shelled Parasite and Fungi","floor":27,"turns":6},{"damage":60,"enemies":"Masked Bandits","floor":28,"turns":8},{"damage":1,"enemies":"Snecko","floor":29,"turns":5},{"damage":27,"enemies":"Slavers","floor":31,"turns":10},{"damage":33,"enemies":"Champ","floor":33,"turns":10},{"damage":2,"enemies":"Orb Walker","floor":35,"turns":5},{"damage":33,"enemies":"3 Darklings","floor":37,"turns":9},{"damage":12,"enemies":"4 Shapes","floor":41,"turns":10},{"damage":66,"enemies":"Reptomancer","floor":42,"turns":4}],"seed_played":"-7639001586153878792","potions_obtained":[{"floor":1,"key":"SteroidPotion"},{"floor":2,"key":"EssenceOfSteel"},{"floor":7,"key":"Swift Potion"},{"floor":12,"key":"AttackPotion"},{"floor":21,"key":"Poison Potion"},{"floor":25,"key":"Strength Potion"},{"floor":29,"key":"AttackPotion"},{"floor":31,"key":"SteroidPotion"},{"floor":33,"key":"SneckoOil"},{"floor":37,"key":"FearPotion"}],"is_trial":false,"path_per_floor":["M","M","?","M","M","R","E","R","T","R","E","M","?","$","R","B",null,"M","$","?","M","M","R","?","M","T","M","?","M","R","E","R","B",null,"M","$","M","$","?","R","M","E"],"character_chosen":"IRONCLAD","items_purchased":["Anchor","TheAbacus","Pen Nib"],"campfire_rested":5,"item_purchase_floors":[14,19,36],"current_hp_per_floor":[80,79,79,63,59,59,29,53,53,53,10,16,36,36,60,33,80,48,48,48,58,40,64,64,65,65,66,18,29,53,38,62,41,80,80,80,59,59,59,59,59,0],"gold":17,"neow_bonus":"","is_prod":false,"is_daily":false,"chose_seed":false,"campfire_upgraded":3,"win_rate":0.0,"timestamp":1568480703,"path_taken":["M","M","?","M","M","R","E","R","T","R","E","M","?","$","R","BOSS","M","$","?","M","M","R","?","M","T","M","?","M","R","E","R","BOSS","M","$","M","$","?","R","M","E"],"build_version":"2019-09-12","purchased_purges":3,"victory":false,"max_hp_per_floor":[80,80,80,80,80,80,80,80,80,80,80,80,80,80,80,80,80,80,80,80,80,80,80,80,80,80,80,80,80,80,80,80,80,80,80,80,80,80,80,80,80,80],"card_choices":[{"not_picked":["Warcry","Armaments"],"picked":"Rampage","floor":1},{"not_picked":["Body Slam","Dual Wield","Flex"],"picked":"SKIP","floor":2},{"not_picked":["Sever Soul","True Grit","Cleave"],"picked":"SKIP","floor":4},{"not_picked":["Pommel Strike","Combust"],"picked":"Uppercut","floor":5},{"not_picked":["True Grit","Body Slam"],"picked":"Dropkick","floor":7},{"not_picked":["Searing Blow","Warcry","Clothesline"],"picked":"Ghostly Armor","floor":11},{"not_picked":["Searing Blow","Second Wind","Anger","Flex"],"picked":"SKIP","floor":12},{"not_picked":["Double Tap","Juggernaut","Offering"],"picked":"Demon Form","floor":16},{"not_picked":["Clothesline","Flex+1","Uppercut"],"picked":"Metallicize+1","floor":18},{"not_picked":["Anger","True Grit+1","Sword Boomerang"],"picked":"Inflame+1","floor":21},{"not_picked":["Warcry","Flex","Feel No Pain","Burning Pact"],"picked":"SKIP","floor":22},{"not_picked":["Fire Breathing+1","Battle Trance","Dropkick"],"picked":"Metallicize","floor":25},{"not_picked":["True Grit","Dual Wield","Clothesline"],"picked":"Battle Trance","floor":27},{"not_picked":["Feel No Pain","Rage","True Grit","Anger+1"],"picked":"SKIP","floor":29},{"not_picked":["Carnage","Sever Soul","Impervious","Battle Trance"],"picked":"SKIP","floor":31},{"not_picked":["Perfected Strike+1","Warcry+1","Clothesline+1"],"picked":"Inflame+1","floor":35},{"not_picked":["Body Slam","Armaments+1","Rampage+1"],"picked":"Metallicize+1","floor":37},{"not_picked":["Reckless Charge","Uppercut+1","Flex+1","True Grit+1"],"picked":"SKIP","floor":41}],"player_experience":0,"relics_obtained":[{"floor":7,"key":"Question Card"},{"floor":9,"key":"Shuriken"},{"floor":11,"key":"Paper Frog"},{"floor":26,"key":"Torii"},{"floor":28,"key":"Red Mask"},{"floor":31,"key":"Toxic Egg 2"}],"event_choices":[{"damage_healed":0,"gold_gain":175,"player_choice":"AGREE","damage_taken":0,"max_hp_gain":0,"max_hp_loss":0,"event_name":"Liars Game","floor":3,"gold_loss":0,"cards_obtained":["Doubt"]},{"damage_healed":20,"gold_gain":0,"player_choice":"Healed","damage_taken":0,"max_hp_gain":0,"max_hp_loss":0,"event_name":"The Cleric","floor":13,"gold_loss":35},{"damage_healed":0,"gold_gain":0,"player_choice":"Read","damage_taken":0,"max_hp_gain":0,"max_hp_loss":0,"event_name":"The Library","floor":20,"gold_loss":0,"cards_obtained":["Metallicize"]},{"cards_removed":["Strike_R"],"damage_healed":0,"gold_gain":0,"player_choice":"Elegance","damage_taken":0,"max_hp_gain":0,"max_hp_loss":0,"event_name":"Back to Basics","floor":24,"gold_loss":0},{"damage_healed":0,"gold_gain":0,"player_choice":"Fought Bandits","damage_taken":0,"max_hp_gain":0,"max_hp_loss":0,"event_name":"Masked Bandits","floor":28,"gold_loss":0},{"cards_removed":["Strike_R"],"damage_healed":0,"gold_gain":0,"player_choice":"Removed Attack","damage_taken":0,"max_hp_gain":0,"max_hp_loss":0,"event_name":"Falling","floor":39,"gold_loss":0}],"is_beta":true,"boss_relics":[{"not_picked":["Empty Cage","Cursed Key"],"picked":"Black Blood"},{"not_picked":["Black Star","Philosopher\u0027s Stone"],"picked":"SlaversCollar"}],"items_purged_floors":[14,19,38],"is_endless":false,"potions_floor_spawned":[1,2,7,12,21,25,29,31,33,37],"killed_by":"Reptomancer","ascension_level":0}