{"gold_per_floor":[110,122,122,137,154,186,186,148,148,158,89,116,116,116,116,221,221,204,221,221,221,231,231],"floor_reached":23,"playtime":1086,"items_purged":[],"score":236,"play_id":"f4acab02-f984-428f-9c29-eb2795cf306b","local_time":"20190319110331","is_ascension_mode":true,"campfire_choices":[{"data":"Calculated Gamble","floor":7,"key":"SMITH"},{"floor":13,"key":"REST"},{"floor":15,"key":"REST"}],"neow_cost":"NONE","seed_source_timestamp":85348815704893,"circlet_count":0,"master_deck":["Defend_G","Defend_G","Defend_G","Defend_G","Defend_G","Survivor","Neutralize+1","Infinite Blades+1","Backstab","Endless Agony","Caltrops","Calculated Gamble+1","Well Laid Plans","Bouncing Flask","Noxious Fumes","Expertise","Glass Knife","Bite","Bite","Bite","Bite","Bite","Backflip"],"relics":["Ring of the Snake","Peace Pipe","Blue Candle","Busted Crown","MutagenicStrength"],"potions_floor_usage":[2,10,12,16,19,23],"damage_taken":[{"damage":0,"enemies":"Small Slimes","floor":1,"turns":3},{"damage":1,"enemies":"Cultist","floor":2,"turns":4},{"damage":0,"enemies":"Jaw Worm","floor":4,"turns":3},{"damage":0,"enemies":"Looter","floor":5,"turns":3},{"damage":20,"enemies":"Gremlin Nob","floor":6,"turns":5},{"damage":0,"enemies":"Blue Slaver","floor":10,"turns":1},{"damage":26,"enemies":"3 Sentries","floor":12,"turns":6},{"damage":23,"enemies":"Hexaghost","floor":16,"turns":10},{"damage":14,"enemies":"2 Thieves","floor":18,"turns":4},{"damage":7,"enemies":"3 Byrds","floor":19,"turns":3},{"damage":35,"enemies":"Snecko","floor":22,"turns":5},{"damage":43,"enemies":"Gremlin Leader","floor":23,"turns":5}],"seed_played":"-6511456511246545813","potions_obtained":[{"floor":0,"key":"Dexterity Potion"},{"floor":0,"key":"SteroidPotion"},{"floor":0,"key":"GhostInAJar"},{"floor":5,"key":"Fire Potion"},{"floor":10,"key":"PowerPotion"},{"floor":16,"key":"LiquidBronze"},{"floor":18,"key":"Swift Potion"}],"is_trial":false,"path_per_floor":["M","M","?","M","M","E","R","$","T","M","$","E","R","?","R","B",null,"M","M","?","?","M","E"],"character_chosen":"THE_SILENT","items_purchased":["Well Laid Plans","Noxious Fumes"],"campfire_rested":2,"item_purchase_floors":[8,11],"current_hp_per_floor":[70,69,69,69,69,49,49,49,49,49,49,23,44,44,65,42,70,56,49,49,49,22,0],"gold":231,"neow_bonus":"THREE_SMALL_POTIONS","is_prod":false,"is_daily":false,"chose_seed":false,"campfire_upgraded":1,"win_rate":0,"timestamp":1553007811,"path_taken":["M","M","?","?","M","E","R","?","T","M","$","E","R","?","R","BOSS","M","M","?","?","M","E"],"build_version":"2019-01-23","purchased_purges":0,"victory":false,"max_hp_per_floor":[70,70,70,70,70,70,70,70,70,70,70,70,70,70,70,70,70,70,70,70,49,49,49],"card_choices":[{"not_picked":["PiercingWail","Sucker Punch"],"picked":"Infinite Blades","floor":1},{"not_picked":["Underhanded Strike","Predator"],"picked":"Backstab","floor":2},{"not_picked":["Corpse Explosion","Dagger Throw"],"picked":"Endless Agony","floor":4},{"not_picked":["Cloak And Dagger","Reflex"],"picked":"Caltrops","floor":5},{"not_picked":["Finisher","Slice"],"picked":"Calculated Gamble","floor":6},{"not_picked":["Dagger Spray","Calculated Gamble"],"picked":"Bouncing Flask","floor":10},{"not_picked":["Calculated Gamble","Leg Sweep"],"picked":"Expertise","floor":12},{"not_picked":["Malaise","Unload"],"picked":"Glass Knife","floor":16},{"not_picked":["Riddle With Holes"],"picked":"SKIP","floor":18},{"not_picked":["Prepared"],"picked":"SKIP","floor":19},{"not_picked":[],"picked":"Backflip","floor":22}],"player_experience":93905,"relics_obtained":[{"floor":6,"key":"Peace Pipe"},{"floor":12,"key":"Blue Candle"}],"event_choices":[{"damage_healed":0,"gold_gain":0,"player_choice":"Forge","damage_taken":0,"max_hp_gain":0,"max_hp_loss":0,"event_name":"Accursed Blacksmith","floor":3,"gold_loss":0,"cards_upgraded":["Infinite Blades"]},{"damage_healed":0,"gold_gain":0,"player_choice":"Grow","damage_taken":0,"max_hp_gain":0,"max_hp_loss":0,"event_name":"Living Wall","floor":14,"gold_loss":0,"cards_upgraded":["Neutralize"]},{"damage_healed":0,"gold_gain":0,"player_choice":"Inject Mutagens","damage_taken":0,"relics_obtained":["MutagenicStrength"],"max_hp_gain":0,"max_hp_loss":0,"event_name":"Drug Dealer","floor":20,"gold_loss":0},{"damage_healed":0,"gold_gain":0,"player_choice":"Became a vampire","damage_taken":0,"max_hp_gain":0,"max_hp_loss":21,"event_name":"Vampires","floor":21,"gold_loss":0,"cards_obtained":["Bite","Bite","Bite","Bite","Bite"]}],"is_beta":false,"boss_relics":[{"not_picked":["Velvet Choker","HoveringKite"],"picked":"Busted Crown"}],"items_purged_floors":[],"is_endless":false,"potions_floor_spawned":[5,10,16,18],"killed_by":"Gremlin Leader","ascension_level":1}