{"gold_per_floor":[159,174,174,124,199,226,226,240,264,264,19,19,19,50,50,174,174,193,193,218,65,35,35,50,50,74,144,44,169,169],"floor_reached":30,"playtime":1833,"items_purged":["Strike_B","Strike_B"],"score":317,"play_id":"a8b6150f-7afb-46b6-a4f2-e6f5c99eb360","local_time":"20190930105254","is_ascension_mode":true,"campfire_choices":[{"data":"Zap","floor":7,"key":"SMITH"},{"data":"Hologram","floor":10,"key":"SMITH"},{"data":"Capacitor","floor":13,"key":"SMITH"},{"floor":15,"key":"REST"},{"data":"Electrodynamics","floor":23,"key":"SMITH"},{"data":"Defragment","floor":25,"key":"SMITH"}],"neow_cost":"NONE","seed_source_timestamp":63391899498000,"circlet_count":0,"master_deck":["Strike_B","Strike_B+1","Defend_B","Defend_B","Defend_B","Zap+1","Dualcast","Streamline","Turbo","Hologram+1","Cold Snap","Ball Lightning","Glacier","Capacitor+1","Electrodynamics+1","Barrage+1","Consume","Auto Shields","Defragment+1","Leap+1"],"relics":["Tiny House","Akabeko","Boot","Golden Idol","Art of War","Inserter","Happy Flower","Ancient Tea Set","Tiny Chest","Calipers","Meat on the Bone"],"potions_floor_usage":[6,16,16,16,29,29,30],"damage_taken":[{"damage":0,"enemies":"Cultist","floor":1,"turns":3},{"damage":7,"enemies":"Small Slimes","floor":2,"turns":4},{"damage":18,"enemies":"3 Sentries","floor":6,"turns":7},{"damage":0,"enemies":"2 Louse","floor":8,"turns":2},{"damage":22,"enemies":"Lagavulin","floor":14,"turns":7},{"damage":0,"enemies":"Slime Boss","floor":16,"turns":3},{"damage":5,"enemies":"Shell Parasite","floor":18,"turns":8},{"damage":15,"enemies":"3 Byrds","floor":20,"turns":4},{"damage":5,"enemies":"Centurion and Healer","floor":24,"turns":5},{"damage":23,"enemies":"Book of Stabbing","floor":27,"turns":5},{"damage":7,"enemies":"Colosseum Slavers","floor":29,"turns":4},{"damage":16,"enemies":"Colosseum Nobs","floor":29,"turns":4},{"damage":14,"enemies":"3 Cultists","floor":30,"turns":3}],"seed_played":"-5153694638481249684","potions_obtained":[{"floor":0,"key":"Fire Potion"},{"floor":2,"key":"GamblersBrew"},{"floor":6,"key":"PowerPotion"},{"floor":14,"key":"Swift Potion"},{"floor":18,"key":"Fire Potion"},{"floor":22,"key":"SpeedPotion"},{"floor":22,"key":"FearPotion"},{"floor":27,"key":"PowerPotion"}],"is_trial":false,"path_per_floor":["M","M","?","?","?","E","R","M","T","R","$","?","R","E","R","B",null,"M","?","M","$","?","R","M","R","T","E","$","?","M"],"character_chosen":"DEFECT","items_purchased":["Ball Lightning","Glacier","Capacitor","Happy Flower"],"campfire_rested":1,"item_purchase_floors":[11,11,11,21],"current_hp_per_floor":[80,73,78,78,67,49,49,49,49,49,49,49,49,27,50,50,79,74,74,59,59,59,59,54,54,54,31,31,8,0],"gold":169,"neow_bonus":"BOSS_RELIC","is_prod":false,"is_daily":false,"chose_seed":false,"campfire_upgraded":5,"win_rate":0,"timestamp":1569865974,"path_taken":["M","M","?","?","?","E","R","M","T","R","$","?","R","E","R","BOSS","M","?","M","$","?","R","?","R","T","E","?","?","M"],"build_version":"2019-09-27","purchased_purges":2,"victory":false,"max_hp_per_floor":[80,80,85,85,85,85,85,85,85,85,85,79,79,79,79,79,79,79,79,79,79,79,79,79,79,79,79,79,79,79],"card_choices":[{"not_picked":["Compile Driver","Heatsinks"],"picked":"Streamline","floor":0},{"not_picked":["Hologram","Barrage"],"picked":"Turbo","floor":1},{"not_picked":["Force Field","Streamline"],"picked":"Hologram","floor":2},{"not_picked":["Rebound","Double Energy","Amplify"],"picked":"SKIP","floor":6},{"not_picked":["Hologram","FTL"],"picked":"Cold Snap","floor":8},{"not_picked":["Barrage","FTL","Redo"],"picked":"SKIP","floor":14},{"not_picked":["Rainbow","Machine Learning"],"picked":"Electrodynamics","floor":16},{"not_picked":["Conserve Battery","Turbo"],"picked":"Barrage+1","floor":18},{"not_picked":["Beam Cell","Capacitor"],"picked":"Auto Shields","floor":20},{"not_picked":["Steam","Double Energy"],"picked":"Defragment","floor":24},{"not_picked":["Consume","Steam+1","Hologram"],"picked":"SKIP","floor":27},{"not_picked":["Beam Cell","Hyperbeam"],"picked":"Leap+1","floor":29}],"player_experience":784922,"relics_obtained":[{"floor":6,"key":"Akabeko"},{"floor":9,"key":"Boot"},{"floor":14,"key":"Art of War"},{"floor":26,"key":"Ancient Tea Set"},{"floor":27,"key":"Tiny Chest"},{"floor":29,"key":"Calipers"},{"floor":29,"key":"Meat on the Bone"}],"event_choices":[{"damage_healed":0,"gold_gain":0,"player_choice":"Donut","damage_taken":0,"max_hp_gain":5,"max_hp_loss":0,"event_name":"Big Fish","floor":3,"gold_loss":0},{"cards_removed":["Defend_B"],"damage_healed":0,"gold_gain":0,"player_choice":"Card Removal","damage_taken":0,"max_hp_gain":0,"max_hp_loss":0,"event_name":"The Cleric","floor":4,"gold_loss":50},{"damage_healed":0,"gold_gain":75,"player_choice":"Gather Gold","damage_taken":11,"max_hp_gain":0,"max_hp_loss":0,"event_name":"World of Goop","floor":5,"gold_loss":0},{"damage_healed":0,"gold_gain":0,"player_choice":"Lose Max HP","damage_taken":0,"relics_obtained":["Golden Idol"],"max_hp_gain":0,"max_hp_loss":6,"event_name":"Golden Idol","floor":12,"gold_loss":0},{"damage_healed":0,"gold_gain":0,"player_choice":"Read","damage_taken":0,"max_hp_gain":0,"max_hp_loss":0,"event_name":"The Library","floor":19,"gold_loss":0,"cards_obtained":["Consume"]},{"damage_healed":0,"gold_gain":0,"player_choice":"Bought 2 Potions","damage_taken":0,"max_hp_gain":0,"max_hp_loss":0,"event_name":"The Woman in Blue","floor":22,"gold_loss":0},{"damage_healed":0,"gold_gain":0,"player_choice":"Fight","damage_taken":0,"max_hp_gain":0,"max_hp_loss":0,"event_name":"Colosseum","floor":29,"gold_loss":0},{"damage_healed":0,"gold_gain":0,"player_choice":"Fought Nobs","damage_taken":0,"max_hp_gain":0,"max_hp_loss":0,"event_name":"Colosseum","floor":29,"gold_loss":0}],"is_beta":true,"boss_relics":[{"not_picked":["Calling Bell","Pandora\u0027s Box"],"picked":"Inserter"}],"items_purged_floors":[11,28],"is_endless":false,"potions_floor_spawned":[2,6,14,18,27,29],"killed_by":"3 Cultists","ascension_level":1}