{"gold_per_floor":[112,112,127,147,147,147,167,205,228,241,241,272,237,257,257,355,355,378,378,378,303,393,393,412,447,447,472,209,209,242,266,266,356,356,379,3,28,93,112,112,145,163,163,163,163,198,217,217,217,217,217,217,217,65,100,100],"floor_reached":57,"playtime":7690,"items_purged":["Strike_R+1","Strike_R+1","Strike_R+1"],"score":2670,"play_id":"f1ad7fe4-b046-4398-9b7a-5c3a2714c214","local_time":"20190905225913","is_ascension_mode":true,"campfire_choices":[{"data":"Bash","floor":6,"key":"SMITH"},{"data":"Demon Form","floor":11,"key":"SMITH"},{"data":"Sword Boomerang","floor":15,"key":"SMITH"},{"data":"Berserk","floor":23,"key":"SMITH"},{"data":"True Grit","floor":29,"key":"SMITH"},{"data":"Strike_R+1","floor":32,"key":"PURGE"},{"data":"Feed","floor":40,"key":"SMITH"},{"floor":44,"key":"RECALL"},{"data":"Feel No Pain","floor":49,"key":"SMITH"},{"data":"Strike_R+1","floor":53,"key":"PURGE"}],"neow_cost":"NONE","seed_source_timestamp":159731103679100,"circlet_count":0,"master_deck":["AscendersBane","Defend_R+1","Defend_R+1","Defend_R+1","Defend_R+1","Bash+1","Finesse","True Grit+1","Whirlwind","Clothesline","Demon Form+1","Headbutt","Sword Boomerang+1","Reaper","Berserk+1","Clothesline","Corruption","Feed+1","Impervious","Feel No Pain+1","Limit Break","Intimidate","Burning Pact","Sever Soul+1","Warcry","Havoc","Madness","Madness","Exhume"],"relics":["Burning Blood","Dream Catcher","Golden Idol","Oddly Smooth Stone","Lantern","Dead Branch","Snecko Eye","Bag of Preparation","Orichalcum","Happy Flower","Peace Pipe","Orrery","PreservedInsect","Torii","Letter Opener","Bottled Flame","Bird Faced Urn"],"potions_floor_usage":[8,12,18,41,56],"damage_taken":[{"damage":4,"enemies":"Small Slimes","floor":1,"turns":4},{"damage":13,"enemies":"Jaw Worm","floor":3,"turns":6},{"damage":1,"enemies":"2 Louse","floor":4,"turns":2},{"damage":0,"enemies":"Lots of Slimes","floor":7,"turns":1},{"damage":15,"enemies":"3 Sentries","floor":8,"turns":4},{"damage":1,"enemies":"Blue Slaver","floor":10,"turns":4},{"damage":34,"enemies":"Gremlin Nob","floor":12,"turns":5},{"damage":8,"enemies":"Exordium Wildlife","floor":14,"turns":3},{"damage":26,"enemies":"Hexaghost","floor":16,"turns":7},{"damage":9,"enemies":"3 Byrds","floor":18,"turns":5},{"damage":4,"enemies":"Chosen","floor":24,"turns":5},{"damage":1,"enemies":"Gremlin Leader","floor":25,"turns":3},{"damage":9,"enemies":"Snake Plant","floor":27,"turns":4},{"damage":1,"enemies":"Slavers","floor":30,"turns":4},{"damage":0,"enemies":"Chosen and Byrds","floor":31,"turns":4},{"damage":60,"enemies":"Champ","floor":33,"turns":11},{"damage":10,"enemies":"Orb Walker","floor":35,"turns":4},{"damage":6,"enemies":"3 Shapes","floor":37,"turns":7},{"damage":19,"enemies":"2 Orb Walkers","floor":38,"turns":4},{"damage":10,"enemies":"Writhing Mass","floor":39,"turns":6},{"damage":68,"enemies":"Nemesis","floor":41,"turns":11},{"damage":0,"enemies":"3 Darklings","floor":42,"turns":4},{"damage":21,"enemies":"Reptomancer","floor":46,"turns":4},{"damage":20,"enemies":"Sphere and 2 Shapes","floor":47,"turns":6},{"damage":3,"enemies":"Donu and Deca","floor":50,"turns":7},{"damage":33,"enemies":"Awakened One","floor":51,"turns":7},{"damage":30,"enemies":"Shield and Spear","floor":55,"turns":7},{"damage":76,"enemies":"The Heart","floor":56,"turns":10}],"seed_played":"8786686190851118095","potions_obtained":[{"floor":1,"key":"BloodPotion"},{"floor":4,"key":"SteroidPotion"},{"floor":12,"key":"SkillPotion"},{"floor":14,"key":"AttackPotion"},{"floor":18,"key":"PowerPotion"},{"floor":38,"key":"SkillPotion"},{"floor":41,"key":"SteroidPotion"},{"floor":55,"key":"Swift Potion"}],"is_trial":false,"path_per_floor":["M","?","M","M","?","R","M","E","T","M","R","E","?","M","R","B",null,"M","?","?","$","?","R","M","E","T","M","$","R","E","M","R","B",null,"M","$","M","?","M","R","E","M","T","R","?","E","M","?","R","B","B",null,"R","$","E","B",null],"character_chosen":"IRONCLAD","items_purchased":["Happy Flower","PreservedInsect","Limit Break","Exhume"],"campfire_rested":0,"item_purchase_floors":[28,36,36,54],"current_hp_per_floor":[70,59,52,57,31,31,37,28,28,33,33,23,41,47,47,55,70,75,75,75,75,61,61,75,75,75,75,75,75,75,75,75,36,65,71,71,71,65,78,78,26,84,84,84,84,86,90,74,74,90,78,87,87,87,90,83],"gold":100,"neow_bonus":"RANDOM_COLORLESS","is_prod":false,"is_daily":false,"chose_seed":false,"campfire_upgraded":7,"win_rate":0,"timestamp":1567691953,"path_taken":["M","?","M","M","?","R","M","E","T","M","R","E","?","M","R","BOSS","M","?","?","?","?","R","?","E","T","M","$","R","E","M","R","BOSS","M","$","M","?","M","R","E","M","T","R","?","E","?","?","R","BOSS","BOSS","R","$","E","BOSS"],"build_version":"2019-07-17","purchased_purges":3,"victory":true,"max_hp_per_floor":[75,75,75,75,75,75,75,75,75,75,75,75,75,75,75,75,75,75,75,75,75,75,75,75,75,75,75,75,75,75,75,75,75,75,75,75,75,78,78,78,82,86,86,86,86,86,90,90,90,90,90,90,90,90,90,90],"card_choices":[{"not_picked":["Havoc","Rupture"],"picked":"True Grit","floor":1},{"not_picked":["Clash","Heavy Blade"],"picked":"Whirlwind","floor":3},{"not_picked":["Shrug It Off","Flex"],"picked":"Clothesline","floor":4},{"not_picked":["Heavy Blade","Infernal Blade"],"picked":"Demon Form","floor":7},{"not_picked":["Wild Strike","Body Slam"],"picked":"Headbutt","floor":8},{"not_picked":["Ghostly Armor","True Grit"],"picked":"Sword Boomerang","floor":10},{"not_picked":["Sever Soul","Exhume"],"picked":"Reaper","floor":12},{"not_picked":["True Grit","Pommel Strike","Infernal Blade"],"picked":"SKIP","floor":14},{"not_picked":["Reaper","Brutality"],"picked":"Berserk","floor":16},{"not_picked":["Anger","Headbutt"],"picked":"Clothesline","floor":18},{"not_picked":["Reckless Charge","Carnage"],"picked":"Corruption","floor":24},{"not_picked":["Body Slam+1","Flex+1","Anger"],"picked":"SKIP","floor":25},{"not_picked":["Dual Wield","Heavy Blade","Warcry"],"picked":"SKIP","floor":27},{"not_picked":["Dual Wield","Rampage","Combust"],"picked":"SKIP","floor":30},{"not_picked":["Heavy Blade","Inflame","Demon Form"],"picked":"SKIP","floor":31},{"not_picked":["Demon Form","Limit Break"],"picked":"Feed","floor":33},{"not_picked":["Body Slam","Intimidate"],"picked":"Impervious","floor":34},{"not_picked":["Dropkick","Seeing Red"],"picked":"Feel No Pain","floor":34},{"not_picked":["Heavy Blade","Wild Strike","Rage+1"],"picked":"SKIP","floor":35},{"not_picked":["Perfected Strike+1","Headbutt","Sword Boomerang"],"picked":"SKIP","floor":37},{"not_picked":["Warcry","Armaments"],"picked":"Intimidate","floor":38},{"not_picked":["True Grit","Hemokinesis"],"picked":"Burning Pact","floor":39},{"not_picked":["Dropkick+1","Warcry"],"picked":"Sever Soul+1","floor":41},{"not_picked":["Rupture","Headbutt"],"picked":"Warcry","floor":42},{"not_picked":["Cleave+1","Flex"],"picked":"Havoc","floor":46},{"not_picked":["Headbutt","Twin Strike","Sever Soul"],"picked":"SKIP","floor":47},{"not_picked":["Headbutt","Clothesline","Wild Strike+1"],"picked":"SKIP","floor":55}],"player_experience":628083,"relics_obtained":[{"floor":8,"key":"Oddly Smooth Stone"},{"floor":9,"key":"Lantern"},{"floor":12,"key":"Dead Branch"},{"floor":25,"key":"Bag of Preparation"},{"floor":26,"key":"Orichalcum"},{"floor":30,"key":"Peace Pipe"},{"floor":38,"key":"Torii"},{"floor":41,"key":"Letter Opener"},{"floor":46,"key":"Bottled Flame"},{"floor":55,"key":"Bird Faced Urn"}],"event_choices":[{"damage_healed":0,"gold_gain":0,"player_choice":"Success","damage_taken":11,"relics_obtained":["Dream Catcher"],"max_hp_gain":0,"max_hp_loss":0,"event_name":"Scrap Ooze","floor":2,"gold_loss":0},{"damage_healed":0,"gold_gain":0,"player_choice":"Take Damage","damage_taken":26,"relics_obtained":["Golden Idol"],"max_hp_gain":0,"max_hp_loss":0,"event_name":"Golden Idol","floor":5,"gold_loss":0},{"damage_healed":18,"gold_gain":0,"player_choice":"Healed","damage_taken":0,"max_hp_gain":0,"max_hp_loss":0,"event_name":"The Cleric","floor":13,"gold_loss":35},{"damage_healed":0,"gold_gain":0,"player_choice":"Ignored","damage_taken":0,"max_hp_gain":0,"max_hp_loss":0,"event_name":"Ghosts","floor":19,"gold_loss":0},{"damage_healed":0,"gold_gain":0,"player_choice":"Simplicity","damage_taken":0,"max_hp_gain":0,"max_hp_loss":0,"event_name":"Back to Basics","floor":20,"gold_loss":0,"cards_upgraded":["Strike_R","Strike_R","Strike_R","Strike_R","Strike_R","Defend_R","Defend_R","Defend_R","Defend_R"]},{"damage_healed":0,"gold_gain":90,"player_choice":"GOLD ","damage_taken":14,"max_hp_gain":0,"max_hp_loss":0,"event_name":"Knowing Skull","floor":22,"potions_obtained":[],"gold_loss":0,"cards_obtained":[]},{"damage_healed":0,"gold_gain":0,"player_choice":"Fight","damage_taken":0,"max_hp_gain":0,"max_hp_loss":0,"event_name":"Mysterious Sphere","floor":38,"gold_loss":0},{"damage_healed":0,"gold_gain":0,"player_choice":"Ignored","damage_taken":0,"max_hp_gain":0,"max_hp_loss":0,"event_name":"SecretPortal","floor":45,"gold_loss":0},{"damage_healed":0,"gold_gain":0,"player_choice":"Embrace Madness","damage_taken":16,"max_hp_gain":0,"max_hp_loss":0,"event_name":"Winding Halls","floor":48,"gold_loss":0,"cards_obtained":["Madness","Madness"]}],"is_beta":false,"boss_relics":[{"not_picked":["Runic Pyramid","Busted Crown"],"picked":"Snecko Eye"},{"not_picked":["Calling Bell","Tiny House"],"picked":"Orrery"}],"items_purged_floors":[21,28,36],"is_endless":false,"potions_floor_spawned":[1,4,12,14,18,25,31,38,39,41,55],"ascension_level":20}