{"gold_per_floor":[13,27,46,60,60,60,93,93,169,169,187,218,218,241,241,332,332,352,402,441,71,151,151,200,243,294,317,351,351,364,384,384,477,477,495,511,534,756,238,238,254,254,254,254,254,281,281,281,281,281,281],"floor_reached":51,"playtime":4096,"items_purged":[],"score":1311,"play_id":"7c32ec67-7f65-4df8-90d5-190b04268975","local_time":"20190802160836","is_ascension_mode":true,"campfire_choices":[{"data":"Corpse Explosion","floor":6.0,"key":"SMITH"},{"data":"Neutralize","floor":8.0,"key":"SMITH"},{"floor":15.0,"key":"REST"},{"data":"Panache","floor":23.0,"key":"SMITH"},{"floor":29.0,"key":"REST"},{"floor":32.0,"key":"REST"},{"data":"After Image","floor":40.0,"key":"SMITH"},{"data":"Burst","floor":42.0,"key":"SMITH"},{"data":"Calculated Gamble","floor":44.0,"key":"SMITH"},{"data":"Bouncing Flask","floor":49.0,"key":"SMITH"}],"neow_cost":"NO_GOLD","seed_source_timestamp":180979885677857,"circlet_count":0,"master_deck":["AscendersBane","Survivor","Neutralize+1","Corpse Explosion+1","Endless Agony","Well Laid Plans","Predator","PiercingWail","Prepared","Malaise","Heel Hook","Bullet Time","Venomology","Glass Knife","Burst+1","Infinite Blades","Skewer","Die Die Die","Predator","Bouncing Flask+1","Escape Plan","Panache+1","Finesse","Well Laid Plans","Backflip","Prepared","After Image+1","Backflip+1","PiercingWail","Prepared","Parasite","Calculated Gamble+1","Madness","Madness"],"special_seed":0,"relics":["Ring of the Snake","Golden Idol","Prayer Wheel","Mummified Hand","Orichalcum","Ancient Tea Set","CultistMask","Pandora\u0027s Box","Red Mask","Tiny Chest","Art of War","Matryoshka","Vajra","Centennial Puzzle","Happy Flower","Eternal Feather","Blue Candle","Oddly Smooth Stone","Juzu Bracelet","Paper Crane","Bag of Marbles","Frozen Egg 2"],"potions_floor_usage":[],"damage_taken":[{"damage":4.0,"enemies":"Small Slimes","floor":1.0,"turns":4.0},{"damage":0.0,"enemies":"Cultist","floor":2.0,"turns":4.0},{"damage":0.0,"enemies":"Jaw Worm","floor":3.0,"turns":4.0},{"damage":11.0,"enemies":"Exordium Wildlife","floor":4.0,"turns":4.0},{"damage":17.0,"enemies":"3 Sentries","floor":7.0,"turns":4.0},{"damage":3.0,"enemies":"Looter","floor":11.0,"turns":3.0},{"damage":13.0,"enemies":"Lagavulin","floor":12.0,"turns":5.0},{"damage":7.0,"enemies":"Large Slime","floor":14.0,"turns":4.0},{"damage":9.0,"enemies":"Hexaghost","floor":16.0,"turns":9.0},{"damage":4.0,"enemies":"2 Thieves","floor":18.0,"turns":3.0},{"damage":6.0,"enemies":"Masked Bandits","floor":20.0,"turns":3.0},{"damage":4.0,"enemies":"Book of Stabbing","floor":25.0,"turns":4.0},{"damage":1.0,"enemies":"Spheric Guardian","floor":27.0,"turns":3.0},{"damage":25.0,"enemies":"Gremlin Leader","floor":28.0,"turns":3.0},{"damage":0.0,"enemies":"Chosen and Byrds","floor":30.0,"turns":3.0},{"damage":16.0,"enemies":"Snake Plant","floor":31.0,"turns":3.0},{"damage":26.0,"enemies":"Automaton","floor":33.0,"turns":7.0},{"damage":2.0,"enemies":"Orb Walker","floor":35.0,"turns":2.0},{"damage":0.0,"enemies":"3 Shapes","floor":36.0,"turns":3.0},{"damage":0.0,"enemies":"3 Darklings","floor":37.0,"turns":2.0},{"damage":4.0,"enemies":"Writhing Mass","floor":41.0,"turns":5.0},{"damage":13.0,"enemies":"Awakened One","floor":50.0,"turns":9.0},{"damage":49,"enemies":"Time Eater","floor":51,"turns":12}],"seed_played":"8280991762746168708","potions_obtained":[{"floor":2.0,"key":"Regen Potion"},{"floor":3.0,"key":"Strength Potion"},{"floor":4.0,"key":"SteroidPotion"},{"floor":11.0,"key":"SpeedPotion"},{"floor":14.0,"key":"Swift Potion"},{"floor":18.0,"key":"GamblersBrew"},{"floor":25.0,"key":"Explosive Potion"},{"floor":28.0,"key":"Energy Potion"}],"is_trial":false,"path_per_floor":["M","M","M","M","?","R","E","R","T","?","M","E","?","M","R","B",null,"M","?","?","$","T","R","T","E","T","M","E","R","M","M","R","B",null,"M","M","M","?","$","R","M","R","T","R","?","T","?","T","R","B","B"],"character_chosen":"THE_SILENT","items_purchased":["GhostInAJar","Panache","Finesse","Blue Candle","Oddly Smooth Stone","Prepared"],"campfire_rested":3,"item_purchase_floors":[21,21,21,39,39,39],"current_hp_per_floor":[55,55,55,44,44,44,41,41,41,30,27,14,14,7,25,16,49,45,45,39,39,39,39,39,35,35,34,9,27,27,23,41,15,49,47,47,47,47,47,60,56,60,60,60,60,60,49,49,60,47,0],"gold":281,"neow_bonus":"THREE_RARE_CARDS","is_prod":false,"is_daily":false,"chose_seed":false,"campfire_upgraded":7,"win_rate":0,"timestamp":1564740516,"path_taken":["M","M","M","M","?","R","E","R","T","?","M","E","?","?","R","BOSS","M","?","?","$","?","R","?","E","T","M","E","R","M","M","R","BOSS","M","M","M","?","$","R","M","R","T","R","?","?","?","?","R","BOSS","BOSS"],"build_version":"2019-07-17","purchased_purges":0,"victory":false,"max_hp_per_floor":[66,66,66,66,60,60,60,60,60,60,60,60,60,60,60,60,60,60,60,60,60,60,60,60,60,60,60,60,60,60,60,60,60,60,60,60,60,60,60,60,60,60,60,60,60,60,60,60,60,60,60],"card_choices":[{"not_picked":["Adrenaline","After Image"],"picked":"Corpse Explosion","floor":0.0},{"not_picked":["Underhanded Strike","Deflect","Expertise"],"picked":"SKIP","floor":1.0},{"not_picked":["Blade Dance","Reflex"],"picked":"Endless Agony","floor":2.0},{"not_picked":["Slice","Backflip"],"picked":"Well Laid Plans","floor":3.0},{"not_picked":["Infinite Blades","Bane"],"picked":"Predator","floor":4.0},{"not_picked":["Acrobatics","Dagger Throw"],"picked":"PiercingWail","floor":7.0},{"not_picked":["Slice","Sucker Punch","PiercingWail"],"picked":"SKIP","floor":11.0},{"not_picked":["Acrobatics","Outmaneuver","All Out Attack"],"picked":"SKIP","floor":11.0},{"not_picked":["Slice","Sucker Punch","PiercingWail"],"picked":"SKIP","floor":11.0},{"not_picked":["Acrobatics","Outmaneuver","All Out Attack"],"picked":"SKIP","floor":11.0},{"not_picked":["Eviscerate","Predator","Endless Agony"],"picked":"SKIP","floor":12.0},{"not_picked":["Eviscerate","Predator","Endless Agony"],"picked":"SKIP","floor":12.0},{"not_picked":["Accuracy","Sucker Punch"],"picked":"Prepared","floor":14.0},{"not_picked":["Tools of the Trade","Quick Slash","Poisoned Stab"],"picked":"SKIP","floor":14.0},{"not_picked":["Tools of the Trade","Unload"],"picked":"Malaise","floor":16.0},{"not_picked":["Finisher","Bane+1"],"picked":"Bouncing Flask","floor":18.0},{"not_picked":["Flying Knee","Deflect"],"picked":"Escape Plan","floor":18.0},{"not_picked":["Quick Slash","Accuracy","Bane"],"picked":"SKIP","floor":25.0},{"not_picked":["Eviscerate","Slice","Flying Knee"],"picked":"SKIP","floor":27.0},{"not_picked":["Deflect","Flying Knee","Slice+1"],"picked":"SKIP","floor":27.0},{"not_picked":["Reflex","Finisher"],"picked":"Well Laid Plans","floor":28.0},{"not_picked":["Finisher","Slice"],"picked":"Backflip","floor":30.0},{"not_picked":["Deadly Poison","Poisoned Stab","Glass Knife"],"picked":"SKIP","floor":30.0},{"not_picked":["Acrobatics","Outmaneuver"],"picked":"Prepared","floor":31.0},{"not_picked":["Blade Dance","Terror","Slice"],"picked":"SKIP","floor":31.0},{"not_picked":["Grand Finale","Glass Knife"],"picked":"After Image","floor":33.0},{"not_picked":["Underhanded Strike","Deadly Poison"],"picked":"Backflip+1","floor":35.0},{"not_picked":["Bouncing Flask","Dagger Spray","Blade Dance"],"picked":"SKIP","floor":35.0},{"not_picked":["Expertise+1","Deflect"],"picked":"PiercingWail","floor":36.0},{"not_picked":["Endless Agony","Corpse Explosion","Underhanded Strike"],"picked":"SKIP","floor":36.0},{"not_picked":["Predator","Masterful Stab","Blade Dance"],"picked":"SKIP","floor":37.0},{"not_picked":["Choke","Distraction","Riddle With Holes+1"],"picked":"SKIP","floor":37.0},{"not_picked":["Masterful Stab","Flechettes"],"picked":"Calculated Gamble","floor":41.0},{"not_picked":["Underhanded Strike","Flying Knee","Prepared"],"picked":"SKIP","floor":41.0},{"not_picked":["Underhanded Strike","Flying Knee","Prepared"],"picked":"SKIP","floor":41.0}],"player_experience":1621495,"relics_obtained":[{"floor":7.0,"key":"Prayer Wheel"},{"floor":9.0,"key":"Mummified Hand"},{"floor":12.0,"key":"Ancient Tea Set"},{"floor":20.0,"key":"Red Mask"},{"floor":22.0,"key":"Tiny Chest"},{"floor":24.0,"key":"Art of War"},{"floor":25.0,"key":"Matryoshka"},{"floor":26.0,"key":"Vajra"},{"floor":26.0,"key":"Centennial Puzzle"},{"floor":28.0,"key":"Happy Flower"},{"floor":43.0,"key":"Juzu Bracelet"},{"floor":43.0,"key":"Paper Crane"},{"floor":46.0,"key":"Bag of Marbles"},{"floor":48.0,"key":"Frozen Egg 2"}],"event_choices":[{"damage_healed":0.0,"max_hp_gain":0.0,"max_hp_loss":6.0,"gold_gain":0.0,"event_name":"Golden Idol","player_choice":"Lose Max HP","floor":5.0,"gold_loss":0.0,"damage_taken":0.0,"relics_obtained":["Golden Idol"]},{"damage_healed":0.0,"max_hp_gain":0.0,"max_hp_loss":0.0,"gold_gain":0.0,"event_name":"Scrap Ooze","player_choice":"Success","floor":10.0,"gold_loss":0.0,"damage_taken":11.0,"relics_obtained":["Orichalcum"]},{"damage_healed":0.0,"max_hp_gain":0.0,"max_hp_loss":0.0,"gold_gain":0.0,"event_name":"FaceTrader","player_choice":"Trade","floor":13.0,"gold_loss":0.0,"damage_taken":0.0,"relics_obtained":["CultistMask"]},{"damage_healed":0.0,"max_hp_gain":0.0,"max_hp_loss":0.0,"gold_gain":50.0,"event_name":"Nest","player_choice":"Stole From Cult","floor":19.0,"gold_loss":0.0,"damage_taken":0.0},{"damage_healed":0.0,"max_hp_gain":0.0,"max_hp_loss":0.0,"gold_gain":0.0,"event_name":"Masked Bandits","player_choice":"Fought Bandits","floor":20.0,"gold_loss":0.0,"damage_taken":0.0},{"damage_healed":0.0,"max_hp_gain":0.0,"max_hp_loss":0.0,"gold_gain":222.0,"event_name":"Tomb of Lord Red Mask","player_choice":"Wore Mask","floor":38.0,"gold_loss":0.0,"damage_taken":0.0},{"cards_removed":["Dodge and Roll"],"damage_healed":0.0,"max_hp_gain":0.0,"max_hp_loss":0.0,"gold_gain":0.0,"event_name":"Falling","player_choice":"Removed Skill","floor":45.0,"gold_loss":0.0,"damage_taken":0.0},{"damage_healed":0.0,"max_hp_gain":0.0,"max_hp_loss":0.0,"gold_gain":0.0,"event_name":"Winding Halls","player_choice":"Embrace Madness","floor":47.0,"gold_loss":0.0,"damage_taken":11.0,"cards_obtained":["Madness","Madness"]}],"is_beta":false,"boss_relics":[{"not_picked":["Calling Bell","Velvet Choker"],"picked":"Pandora\u0027s Box"},{"not_picked":["Snecko Eye","Lizard Tail"],"picked":"Eternal Feather"}],"items_purged_floors":[],"is_endless":false,"potions_floor_spawned":[2,3,4,11,14,18,25,27,28,37],"killed_by":"Time Eater","ascension_level":20}