{"gold_per_floor":[110,123,48,48,48,48,81,101,101,120,120,62,73,89,89,160,160,174,99,99,99,119,119,8,8,33,53,69,69,69],"floor_reached":30,"playtime":1091,"items_purged":["Strike_G"],"score":510,"play_id":"1e64b1e0-0af1-48dc-b10e-ab478971ed43","local_time":"20190919174859","is_ascension_mode":true,"campfire_choices":[{"data":"Glass Knife","floor":6,"key":"SMITH"},{"data":"Dash","floor":11,"key":"SMITH"},{"data":"Bouncing Flask","floor":15,"key":"SMITH"},{"floor":23,"key":"REST"},{"data":"Well Laid Plans","floor":25,"key":"SMITH"},{"floor":29,"key":"REST"}],"neow_cost":"NONE","seed_source_timestamp":289576294670004,"circlet_count":0,"master_deck":["AscendersBane","Strike_G","Strike_G+1","Defend_G","Defend_G","Defend_G","Defend_G","Defend_G","Survivor","Neutralize+1","Quick Slash","Glass Knife+1","Deadly Poison","Dash+1","Deadly Poison","Bouncing Flask+1","Well Laid Plans+1","Burst","Backflip","Leg Sweep"],"relics":["Ring of the Snake","NeowsBlessing","Paper Crane","Dead Branch","Black Star","Unceasing Top","Pen Nib"],"potions_floor_usage":[30,30],"damage_taken":[{"damage":0,"enemies":"2 Louse","floor":1,"turns":1},{"damage":0,"enemies":"Small Slimes","floor":2,"turns":1},{"damage":0,"enemies":"Gremlin Nob","floor":7,"turns":1},{"damage":2,"enemies":"Jaw Worm","floor":8,"turns":2},{"damage":9,"enemies":"2 Fungi Beasts","floor":10,"turns":3},{"damage":0,"enemies":"Exordium Thugs","floor":13,"turns":4},{"damage":9,"enemies":"Lots of Slimes","floor":14,"turns":5},{"damage":6,"enemies":"Hexaghost","floor":16,"turns":8},{"damage":23,"enemies":"2 Thieves","floor":18,"turns":4},{"damage":16,"enemies":"Shell Parasite","floor":22,"turns":5},{"damage":22,"enemies":"Centurion and Healer","floor":27,"turns":11},{"damage":7,"enemies":"Sentry and Sphere","floor":28,"turns":5},{"damage":41,"enemies":"Slavers","floor":30,"turns":5}],"seed_played":"-7698201191588002245","potions_obtained":[{"floor":7,"key":"Fire Potion"},{"floor":16,"key":"SpeedPotion"}],"is_trial":false,"path_per_floor":["M","M","?","?","?","R","E","M","T","M","R","$","M","M","R","B",null,"M","?","?","?","M","R","$","R","T","M","M","R","E"],"character_chosen":"THE_SILENT","items_purchased":["Deadly Poison","Leg Sweep"],"campfire_rested":2,"item_purchase_floors":[12,24],"current_hp_per_floor":[59,59,59,39,44,44,44,42,42,33,33,33,33,24,24,18,58,35,35,35,35,19,40,40,40,40,18,11,32,0],"gold":69,"neow_bonus":"THREE_ENEMY_KILL","is_prod":false,"is_daily":false,"chose_seed":false,"campfire_upgraded":4,"win_rate":0,"timestamp":1568893739,"path_taken":["M","M","?","?","?","R","E","M","T","M","R","$","M","M","R","BOSS","M","?","?","?","M","R","$","R","T","M","?","R","E"],"build_version":"2019-07-17","purchased_purges":1,"victory":false,"max_hp_per_floor":[66,66,66,66,71,71,71,71,71,71,71,71,71,71,71,71,71,71,71,71,71,71,71,71,71,71,71,71,71,71],"card_choices":[{"not_picked":["Deflect","Outmaneuver"],"picked":"Quick Slash","floor":1},{"not_picked":["Terror","Outmaneuver"],"picked":"Glass Knife","floor":2},{"not_picked":["Masterful Stab","Calculated Gamble"],"picked":"Deadly Poison","floor":7},{"not_picked":["Reflex","Accuracy","Dagger Throw"],"picked":"SKIP","floor":8},{"not_picked":["Bane","Deflect"],"picked":"Dash","floor":10},{"not_picked":["Infinite Blades","PiercingWail"],"picked":"Bouncing Flask","floor":13},{"not_picked":["Deadly Poison","Infinite Blades"],"picked":"Well Laid Plans","floor":14},{"not_picked":["Storm of Steel","A Thousand Cuts"],"picked":"Burst","floor":16},{"not_picked":["Dagger Spray","Slice","Skewer+1"],"picked":"SKIP","floor":18},{"not_picked":["Calculated Gamble","Blade Dance"],"picked":"Backflip","floor":22},{"not_picked":["Cloak And Dagger","Blade Dance+1","Dagger Spray"],"picked":"SKIP","floor":27},{"not_picked":["Dagger Throw+1","Caltrops","Backstab"],"picked":"SKIP","floor":28}],"player_experience":1740314,"relics_obtained":[{"floor":7,"key":"Paper Crane"},{"floor":9,"key":"Dead Branch"},{"floor":26,"key":"Pen Nib"}],"event_choices":[{"cards_removed":["Strike_G"],"damage_healed":0,"gold_gain":0,"player_choice":"Card Removal","damage_taken":0,"max_hp_gain":0,"max_hp_loss":0,"event_name":"The Cleric","floor":3,"gold_loss":75},{"damage_healed":0,"gold_gain":0,"player_choice":"Entered Light","damage_taken":20,"max_hp_gain":0,"max_hp_loss":0,"event_name":"Shining Light","floor":4,"gold_loss":0,"cards_upgraded":["Neutralize","Strike_G"]},{"damage_healed":0,"gold_gain":0,"player_choice":"Donut","damage_taken":0,"max_hp_gain":5,"max_hp_loss":0,"event_name":"Big Fish","floor":5,"gold_loss":0},{"cards_removed":["Strike_G"],"damage_healed":0,"gold_gain":0,"player_choice":"Gave Gold","damage_taken":0,"max_hp_gain":0,"max_hp_loss":0,"event_name":"Beggar","floor":19,"gold_loss":75},{"damage_healed":0,"gold_gain":0,"player_choice":"Opened","damage_taken":0,"relics_obtained":["Unceasing Top"],"max_hp_gain":0,"max_hp_loss":0,"event_name":"The Mausoleum","floor":20,"gold_loss":0,"cards_obtained":["Writhe"]},{"cards_removed":["Writhe"],"damage_healed":0,"gold_gain":0,"player_choice":"Removed Curses","damage_taken":0,"max_hp_gain":0,"max_hp_loss":0,"event_name":"Fountain of Cleansing","floor":21,"gold_loss":0}],"is_beta":false,"boss_relics":[{"not_picked":["Eternal Feather","Tiny House"],"picked":"Black Star"}],"items_purged_floors":[24],"is_endless":false,"potions_floor_spawned":[7,16,28],"killed_by":"Slavers","ascension_level":20}