{"gold_per_floor":[114,189,204,204,223,223,242,261,311,330,330,349,349,368,368,493,493,512,531,550,588,213,213,251,251,251,270,270,308,327,346,346,471,534,553,3,3,22,41,41,60,60,60,98,98,117,136,136,136,136],"floor_reached":51,"playtime":3721,"items_purged":["Aggregate","Injury"],"score":837,"play_id":"cb1e733e-8a54-42f4-abc6-e848cc078a20","local_time":"20190706223314","daily_mods":["Heirloom","Blue Cards","DeadlyEvents"],"is_ascension_mode":false,"campfire_choices":[{"data":"1","floor":6,"key":"LIFT"},{"data":"2","floor":11,"key":"LIFT"},{"data":"3","floor":15,"key":"LIFT"},{"floor":23,"key":"REST"},{"data":"Venomology","floor":25,"key":"SMITH"},{"data":"Adrenaline","floor":32,"key":"SMITH"},{"data":"Envenom","floor":40,"key":"SMITH"},{"floor":45,"key":"REST"},{"floor":49,"key":"REST"}],"neow_cost":"","seed_source_timestamp":0,"circlet_count":0,"master_deck":["Survivor","Neutralize","Poisoned Stab+1","Bouncing Flask","Quick Slash","Corpse Explosion","Coolheaded","Backstab","Well Laid Plans","Venomology+1","Outmaneuver","Setup","Heatsinks","Adrenaline+1","Sweeping Beam","Loop","Malaise","FTL","Reinforced Body","Cloak And Dagger+1","PiercingWail","Escape Plan+1","Hello World","Distraction","Envenom+1","Violence","Deadly Poison+1","Parasite"],"special_seed":18084,"relics":["Ring of the Snake","Girya","Golden Idol","Potion Belt","Pandora\u0027s Box","Dodecahedron","Ice Cream","Tough Bandages","Pantograph","Paper Crane","Sundial","Tiny House","Toy Ornithopter","Ornamental Fan","Gremlin Horn","Calipers"],"potions_floor_usage":[16,16,16,19,20,21,21,21,21,24,24,29,30,31,33,33,35,38,39,39,44,44,46,46,47,48,50,50,50,50,50,50,50,50,50,50],"damage_taken":[{"damage":0,"enemies":"Small Slimes","floor":1,"turns":4},{"damage":1,"enemies":"Cultist","floor":3,"turns":4},{"damage":2,"enemies":"2 Louse","floor":5,"turns":2},{"damage":0,"enemies":"2 Fungi Beasts","floor":7,"turns":2},{"damage":2,"enemies":"Blue Slaver","floor":8,"turns":3},{"damage":8,"enemies":"Gremlin Gang","floor":10,"turns":2},{"damage":1,"enemies":"Red Slaver","floor":12,"turns":5},{"damage":0,"enemies":"Blue Slaver","floor":14,"turns":4},{"damage":17,"enemies":"The Guardian","floor":16,"turns":9},{"damage":10,"enemies":"Spheric Guardian","floor":18,"turns":4},{"damage":2,"enemies":"Chosen","floor":19,"turns":5},{"damage":20,"enemies":"Sentry and Sphere","floor":20,"turns":4},{"damage":3,"enemies":"Gremlin Leader","floor":21,"turns":4},{"damage":7,"enemies":"Slavers","floor":24,"turns":3},{"damage":0,"enemies":"Snake Plant","floor":27,"turns":4},{"damage":0,"enemies":"Book of Stabbing","floor":29,"turns":7},{"damage":4,"enemies":"Chosen and Byrds","floor":30,"turns":5},{"damage":9,"enemies":"Snecko","floor":31,"turns":5},{"damage":24,"enemies":"Automaton","floor":33,"turns":10},{"damage":5,"enemies":"Orb Walker","floor":35,"turns":5},{"damage":8,"enemies":"3 Shapes","floor":38,"turns":4},{"damage":0,"enemies":"3 Darklings","floor":39,"turns":4},{"damage":19,"enemies":"4 Shapes","floor":41,"turns":2},{"damage":69,"enemies":"Nemesis","floor":44,"turns":9},{"damage":28,"enemies":"Spire Growth","floor":46,"turns":5},{"damage":2,"enemies":"Writhing Mass","floor":47,"turns":8},{"damage":0,"enemies":"3 Darklings","floor":48,"turns":1},{"damage":69,"enemies":"Donu and Deca","floor":50,"turns":8}],"seed_played":"-6942843224144824641","potions_obtained":[{"floor":3,"key":"EssenceOfSteel"},{"floor":10,"key":"AttackPotion"},{"floor":12,"key":"Strength Potion"},{"floor":18,"key":"Weak Potion"},{"floor":20,"key":"Dexterity Potion"},{"floor":27,"key":"Energy Potion"},{"floor":33,"key":"Dexterity Potion"},{"floor":34,"key":"EntropicBrew"},{"floor":38,"key":"Regen Potion"},{"floor":46,"key":"SpeedPotion"},{"floor":47,"key":"Dexterity Potion"}],"is_trial":false,"path_per_floor":["M","?","M","?","M","R","M","M","T","M","R","M","?","M","R","B",null,"M","M","M","E","$","R","E","R","T","M","?","E","M","M","R","B",null,"M","$","?","M","M","R","M","$","T","E","R","M","M","M","R","B",null],"character_chosen":"THE_SILENT","items_purchased":["Ice Cream","Toy Ornithopter","Ornamental Fan"],"campfire_rested":3,"item_purchase_floors":[22,36,36],"current_hp_per_floor":[70,59,58,58,56,56,56,54,54,46,46,45,45,45,45,28,70,60,58,38,49,49,70,63,63,63,63,63,63,59,50,50,46,75,70,70,70,67,75,75,56,56,56,9,31,13,16,21,43,54],"gold":136,"neow_bonus":"","is_prod":false,"is_daily":true,"chose_seed":false,"campfire_upgraded":3,"win_rate":0,"timestamp":1562466794,"path_taken":["M","?","M","?","M","R","M","M","T","M","R","M","?","M","R","BOSS","M","?","M","?","$","R","E","R","T","M","?","E","M","M","R","BOSS","M","$","?","M","M","R","M","?","T","E","R","M","M","M","R","BOSS"],"build_version":"2019-07-05","purchased_purges":2,"victory":true,"max_hp_per_floor":[70,70,70,70,70,70,70,70,70,70,70,70,70,70,70,70,70,70,70,70,70,70,70,70,70,70,70,70,70,70,70,70,70,75,75,75,75,75,75,75,75,75,75,75,75,75,75,75,75,75],"card_choices":[{"not_picked":["Sucker Punch","Steam"],"picked":"Poisoned Stab","floor":1},{"not_picked":["Redo","Reinforced Body"],"picked":"Bouncing Flask","floor":3},{"not_picked":["Cold Snap","Prepared"],"picked":"Quick Slash","floor":5},{"not_picked":["Compile Driver","Streamline","Sunder"],"picked":"SKIP","floor":7},{"not_picked":["Hello World","Self Repair"],"picked":"Corpse Explosion","floor":8},{"not_picked":["Melter","Choke"],"picked":"Coolheaded","floor":10},{"not_picked":["Leap","Slice"],"picked":"Flying Knee","floor":12},{"not_picked":["Deflect","Concentrate"],"picked":"Well Laid Plans","floor":14},{"not_picked":["Wraith Form v2","Hyperbeam"],"picked":"Venomology","floor":16},{"not_picked":["Terror","Barrage"],"picked":"Cloak And Dagger+1","floor":18},{"not_picked":["Crippling Poison","Eviscerate+1"],"picked":"PiercingWail","floor":19},{"not_picked":["Choke","Expertise","PiercingWail"],"picked":"SKIP","floor":20},{"not_picked":["Terror+1","Blade Dance"],"picked":"Escape Plan+1","floor":21},{"not_picked":["Finisher","Stack"],"picked":"Hello World","floor":24},{"not_picked":["Compile Driver","Turbo"],"picked":"Distraction","floor":27},{"not_picked":["Backflip","Eviscerate","Compile Driver"],"picked":"SKIP","floor":29},{"not_picked":["Auto Shields","Barrage","Calculated Gamble+1"],"picked":"SKIP","floor":30},{"not_picked":["Calculated Gamble","Prepared","Double Energy"],"picked":"SKIP","floor":31},{"not_picked":["Storm of Steel","Fission"],"picked":"Envenom","floor":33},{"not_picked":["Go for the Eyes+1","Recycle+1","Acrobatics"],"picked":"SKIP","floor":35},{"not_picked":["Chrysalis","Impatience"],"picked":"Violence","floor":37},{"not_picked":["Deflect+1","BootSequence","Quick Slash+1"],"picked":"SKIP","floor":38},{"not_picked":["Quick Slash+1","Backflip+1"],"picked":"Deadly Poison+1","floor":39},{"not_picked":["Reinforced Body","Corpse Explosion","Sweeping Beam"],"picked":"SKIP","floor":41},{"not_picked":["Barrage","Flechettes+1","Cold Snap"],"picked":"SKIP","floor":44},{"not_picked":["Gash+1","Hologram","Poisoned Stab"],"picked":"SKIP","floor":46},{"not_picked":["Dagger Spray","Blade Dance","Dodge and Roll"],"picked":"SKIP","floor":47}],"player_experience":143145,"relics_obtained":[{"floor":9,"key":"Potion Belt"},{"floor":21,"key":"Dodecahedron"},{"floor":24,"key":"Tough Bandages"},{"floor":26,"key":"Pantograph"},{"floor":29,"key":"Sundial"},{"floor":43,"key":"Gremlin Horn"},{"floor":44,"key":"Calipers"}],"event_choices":[{"damage_healed":0,"gold_gain":75,"player_choice":"Gather Gold","damage_taken":11,"max_hp_gain":0,"max_hp_loss":0,"event_name":"World of Goop","floor":2,"gold_loss":0},{"damage_healed":0,"gold_gain":0,"player_choice":"Take Wound","damage_taken":0,"relics_obtained":["Golden Idol"],"max_hp_gain":0,"max_hp_loss":0,"event_name":"Golden Idol","floor":4,"gold_loss":0,"cards_obtained":["Injury"]},{"damage_healed":0,"gold_gain":0,"cards_transformed":["Flying Knee"],"player_choice":"Transformed","damage_taken":0,"max_hp_gain":0,"max_hp_loss":0,"event_name":"Transmorgrifier","floor":13,"gold_loss":0,"cards_obtained":["Backstab"]},{"damage_healed":0,"gold_gain":0,"player_choice":"Opened","damage_taken":0,"relics_obtained":["Paper Crane"],"max_hp_gain":0,"max_hp_loss":0,"event_name":"The Mausoleum","floor":28,"gold_loss":0},{"damage_healed":0,"gold_gain":0,"player_choice":"Memory 1","damage_taken":0,"max_hp_gain":0,"max_hp_loss":0,"event_name":"SensoryStone","floor":37,"gold_loss":0}],"is_beta":false,"boss_relics":[{"not_picked":["Coffee Dripper","Empty Cage"],"picked":"Pandora\u0027s Box"},{"not_picked":["WristBlade","Eternal Feather"],"picked":"Tiny House"}],"items_purged_floors":[22,36],"is_endless":false,"potions_floor_spawned":[3,10,12,18,20,21,27,33,38,41,46,47,48],"ascension_level":0}