{"gold_per_floor":[210,230,118,118,13,13,31,57,57,57,57,57,82,95,95,199,199,212,37,37,56,69,69,81,81,81,111,123,155,155,155,155,254,254,266,266,314,117,117,152,152,179,179,199,215,215,225,242,242,242],"floor_reached":51,"playtime":6134,"items_purged":["Strike_G","Strike_G","Strike_G+1"],"score":1310,"play_id":"4b9b853a-fbb9-4f08-8435-74ca5b69544d","local_time":"20190903171411","is_ascension_mode":true,"campfire_choices":[{"data":"Predator","floor":6,"key":"SMITH"},{"data":"Noxious Fumes","floor":10,"key":"SMITH"},{"data":"Leg Sweep","floor":15,"key":"SMITH"},{"data":"Burst","floor":23,"key":"SMITH"},{"data":"Neutralize","floor":25,"key":"SMITH"},{"data":"Bouncing Flask","floor":30,"key":"SMITH"},{"data":"PiercingWail","floor":32,"key":"SMITH"},{"data":"Malaise","floor":41,"key":"SMITH"},{"floor":46,"key":"REST"},{"floor":49,"key":"REST"}],"neow_cost":"NONE","seed_source_timestamp":435585411047200,"circlet_count":0,"master_deck":["AscendersBane","Strike_G+1","Defend_G","Defend_G+1","Defend_G","Defend_G","Defend_G","Survivor","Neutralize+1","Sucker Punch","Poisoned Stab","Predator+1","Leg Sweep+1","Bouncing Flask+1","Noxious Fumes+1","Well Laid Plans+1","Crippling Poison","Burst+1","Acrobatics","PiercingWail+1","Malaise+1","Backflip","Acrobatics+1","Backflip","PiercingWail","PiercingWail+1","Doppelganger","PiercingWail","Night Terror"],"relics":["Ring of the Snake","Thread and Needle","Pantograph","Paper Crane","Frozen Egg 2","Cursed Key","Blue Candle","Omamori","Mummified Hand","Lizard Tail","FossilizedHelix","War Paint","Sundial","Smiling Mask"],"potions_floor_usage":[16,37,48],"damage_taken":[{"damage":0,"enemies":"Jaw Worm","floor":1,"turns":4},{"damage":0,"enemies":"Cultist","floor":2,"turns":3},{"damage":0,"enemies":"2 Louse","floor":7,"turns":3},{"damage":13,"enemies":"Lagavulin","floor":8,"turns":8},{"damage":18,"enemies":"Gremlin Nob","floor":13,"turns":5},{"damage":0,"enemies":"Looter","floor":14,"turns":3},{"damage":0,"enemies":"The Guardian","floor":16,"turns":9},{"damage":0,"enemies":"3 Byrds","floor":18,"turns":6},{"damage":0,"enemies":"Chosen","floor":21,"turns":5},{"damage":0,"enemies":"Centurion and Healer","floor":22,"turns":7},{"damage":10,"enemies":"3 Cultists","floor":24,"turns":8},{"damage":0,"enemies":"Book of Stabbing","floor":27,"turns":8},{"damage":0,"enemies":"Snake Plant","floor":28,"turns":4},{"damage":4,"enemies":"Gremlin Leader","floor":29,"turns":6},{"damage":3,"enemies":"Automaton","floor":33,"turns":9},{"damage":4,"enemies":"3 Darklings","floor":35,"turns":10},{"damage":18,"enemies":"2 Orb Walkers","floor":37,"turns":6},{"damage":11,"enemies":"Nemesis","floor":40,"turns":13},{"damage":0,"enemies":"Reptomancer","floor":42,"turns":12},{"damage":0,"enemies":"Orb Walker","floor":44,"turns":4},{"damage":0,"enemies":"Sphere and 2 Shapes","floor":45,"turns":6},{"damage":0,"enemies":"3 Darklings","floor":47,"turns":8},{"damage":16,"enemies":"4 Shapes","floor":48,"turns":7},{"damage":9,"enemies":"Awakened One","floor":50,"turns":22}],"seed_played":"-8765552825062867245","potions_obtained":[{"floor":2,"key":"FairyPotion"},{"floor":7,"key":"Ancient Potion"},{"floor":8,"key":"PowerPotion"},{"floor":16,"key":"Weak Potion"},{"floor":21,"key":"PowerPotion"},{"floor":44,"key":"FearPotion"},{"floor":47,"key":"Swift Potion"}],"is_trial":false,"path_per_floor":["M","M","$","?","$","R","M","E","T","R","?","T","E","M","R","B",null,"M","$","?","M","M","R","M","R","T","E","M","E","R","?","R","B",null,"M","?","?","$","$","E","R","E","T","M","M","R","M","M","R","B",null],"character_chosen":"THE_SILENT","items_purchased":["Predator","Leg Sweep","Bouncing Flask","Acrobatics","Fire Potion","Backflip","PiercingWail"],"campfire_rested":2,"item_purchase_floors":[3,5,5,19,19,38,38],"current_hp_per_floor":[63,63,63,63,63,63,63,50,50,50,36,36,18,18,18,43,63,63,63,54,54,54,54,44,44,44,44,44,40,40,40,40,62,68,64,64,46,46,46,35,35,35,35,35,35,56,56,40,61,61],"gold":242,"neow_bonus":"HUNDRED_GOLD","is_prod":false,"is_daily":false,"chose_seed":false,"campfire_upgraded":8,"win_rate":0,"timestamp":1567498451,"path_taken":["M","M","$","?","?","R","M","E","T","R","?","?","E","?","R","BOSS","M","$","?","M","M","R","M","R","T","E","M","E","R","?","R","BOSS","M","?","?","?","$","E","R","E","T","M","M","R","M","?","R","BOSS"],"build_version":"2019-07-17","purchased_purges":3,"victory":true,"max_hp_per_floor":[70,70,70,70,70,70,70,70,70,70,70,70,70,70,70,70,70,70,70,70,70,70,70,70,70,70,70,70,70,70,70,70,70,70,70,70,70,70,70,70,70,70,70,70,70,70,70,70,70,70],"card_choices":[{"not_picked":["Acrobatics","Blur"],"picked":"Sucker Punch","floor":1},{"not_picked":["Dodge and Roll","Underhanded Strike"],"picked":"Poisoned Stab","floor":2},{"not_picked":["Blade Dance","Riddle With Holes","Leg Sweep"],"picked":"SKIP","floor":7},{"not_picked":["Blade Dance","Expertise"],"picked":"Noxious Fumes","floor":8},{"not_picked":["Quick Slash","Outmaneuver"],"picked":"Well Laid Plans","floor":13},{"not_picked":["Eviscerate","All Out Attack"],"picked":"Crippling Poison","floor":14},{"not_picked":["Grand Finale","Phantasmal Killer"],"picked":"Burst","floor":16},{"not_picked":["Accuracy+1","Outmaneuver","Bouncing Flask"],"picked":"SKIP","floor":18},{"not_picked":["Eviscerate","Sucker Punch","Well Laid Plans+1"],"picked":"SKIP","floor":21},{"not_picked":["Deflect+1","Acrobatics"],"picked":"PiercingWail","floor":22},{"not_picked":["Blade Dance","Well Laid Plans+1","Reflex+1"],"picked":"SKIP","floor":24},{"not_picked":["Envenom+1","Infinite Blades+1","Masterful Stab"],"picked":"SKIP","floor":27},{"not_picked":["Acrobatics","Crippling Poison","Terror"],"picked":"SKIP","floor":28},{"not_picked":["Flechettes","Distraction","Dagger Throw"],"picked":"SKIP","floor":29},{"not_picked":["Glass Knife","Unload"],"picked":"Malaise","floor":33},{"not_picked":["Flying Knee","Deadly Poison"],"picked":"Backflip","floor":35},{"not_picked":["Slice+1","Deadly Poison"],"picked":"Acrobatics","floor":37},{"not_picked":["Poisoned Stab","Dagger Spray"],"picked":"PiercingWail+1","floor":40},{"not_picked":["Flying Knee","Dagger Throw","Endless Agony"],"picked":"SKIP","floor":42},{"not_picked":["Deflect","Setup"],"picked":"Doppelganger","floor":44},{"not_picked":["PiercingWail","Caltrops+1","Sucker Punch+1"],"picked":"SKIP","floor":45},{"not_picked":["Caltrops+1","Sucker Punch+1"],"picked":"PiercingWail","floor":45},{"not_picked":["Slice","PiercingWail","Finisher"],"picked":"SKIP","floor":47},{"not_picked":["Dagger Throw","Blade Dance+1"],"picked":"Night Terror","floor":48}],"player_experience":588964,"relics_obtained":[{"floor":8,"key":"Thread and Needle"},{"floor":9,"key":"Pantograph"},{"floor":12,"key":"Paper Crane"},{"floor":13,"key":"Frozen Egg 2"},{"floor":27,"key":"Blue Candle"},{"floor":29,"key":"Omamori"},{"floor":37,"key":"FossilizedHelix"},{"floor":40,"key":"War Paint"},{"floor":42,"key":"Sundial"},{"floor":43,"key":"Smiling Mask"}],"event_choices":[{"cards_removed":["Strike_G"],"damage_healed":0,"gold_gain":0,"player_choice":"Offered Basic","damage_taken":0,"max_hp_gain":0,"max_hp_loss":0,"event_name":"Bonfire Elementals","floor":4,"gold_loss":0},{"damage_healed":0,"gold_gain":0,"player_choice":"Entered Light","damage_taken":14,"max_hp_gain":0,"max_hp_loss":0,"event_name":"Shining Light","floor":11,"gold_loss":0,"cards_upgraded":["Strike_G","Strike_G"]},{"damage_healed":0,"gold_gain":0,"player_choice":"Stopped","damage_taken":9,"max_hp_gain":0,"max_hp_loss":0,"event_name":"Cursed Tome","floor":20,"gold_loss":0},{"damage_healed":0,"gold_gain":0,"player_choice":"Opened","damage_taken":0,"relics_obtained":["Mummified Hand"],"max_hp_gain":0,"max_hp_loss":0,"event_name":"The Mausoleum","floor":31,"gold_loss":0},{"damage_healed":0,"gold_gain":0,"player_choice":"Ignored","damage_taken":0,"max_hp_gain":0,"max_hp_loss":0,"event_name":"Tomb of Lord Red Mask","floor":36,"gold_loss":0},{"damage_healed":0,"gold_gain":0,"player_choice":"Fight","damage_taken":0,"max_hp_gain":0,"max_hp_loss":0,"event_name":"Mysterious Sphere","floor":37,"gold_loss":0}],"is_beta":false,"boss_relics":[{"not_picked":["Fusion Hammer","Runic Dome"],"picked":"Cursed Key"},{"not_picked":["Busted Crown","Philosopher\u0027s Stone"],"picked":"Lizard Tail"}],"items_purged_floors":[3,19,38],"is_endless":false,"potions_floor_spawned":[2,7,8,16,21,27,33,35,44,47],"ascension_level":12}