{"gold_per_floor":[114,189,209,222,6,36,36,48,73,73,104,104,132,152,152,152],"floor_reached":16,"playtime":904,"items_purged":[],"score":240,"play_id":"bfbec05b-cee3-4f8f-9362-021436ca4ca2","local_time":"20190915192932","is_ascension_mode":true,"campfire_choices":[{"data":"Carnage","floor":7,"key":"SMITH"},{"floor":10,"key":"REST"},{"data":"Bash","floor":15,"key":"SMITH"}],"neow_cost":"NONE","seed_source_timestamp":156803391372800,"circlet_count":0,"master_deck":["AscendersBane","Strike_R","Strike_R","Strike_R","Strike_R","Strike_R","Defend_R","Defend_R","Defend_R","Defend_R","Bash+1","Fiend Fire","Feel No Pain","Fire Breathing","Pommel Strike","Carnage+1","Cleave","Feed"],"relics":["Burning Blood","Bag of Preparation","Lantern","Art of War","Dream Catcher","Bottled Tornado","Ancient Tea Set"],"potions_floor_usage":[8,16],"damage_taken":[{"damage":7,"enemies":"2 Louse","floor":1,"turns":4},{"damage":2,"enemies":"Jaw Worm","floor":3,"turns":3},{"damage":11,"enemies":"Small Slimes","floor":4,"turns":3},{"damage":22,"enemies":"3 Sentries","floor":6,"turns":5},{"damage":12,"enemies":"Gremlin Gang","floor":8,"turns":7},{"damage":5,"enemies":"Gremlin Nob","floor":11,"turns":3},{"damage":27,"enemies":"Lagavulin","floor":13,"turns":5},{"damage":7,"enemies":"Looter","floor":14,"turns":4},{"damage":34,"enemies":"The Guardian","floor":16,"turns":8}],"seed_played":"-1615494683668272019","potions_obtained":[{"floor":1,"key":"PowerPotion"},{"floor":6,"key":"SteroidPotion"},{"floor":13,"key":"Block Potion"}],"is_trial":false,"path_per_floor":["M","?","M","M","$","E","R","M","T","R","E","T","E","M","R","B"],"character_chosen":"IRONCLAD","items_purchased":["Carnage","Bag of Preparation"],"campfire_rested":1,"item_purchase_floors":[5,5],"current_hp_per_floor":[67,56,60,55,55,39,39,33,33,55,56,56,35,34,34,0],"gold":152,"neow_bonus":"ONE_RANDOM_RARE_CARD","is_prod":false,"is_daily":false,"chose_seed":false,"campfire_upgraded":2,"win_rate":0,"timestamp":1568543372,"path_taken":["M","?","M","M","$","E","R","M","T","R","E","?","E","M","R","BOSS"],"build_version":"2019-09-12","purchased_purges":0,"victory":false,"max_hp_per_floor":[75,75,75,75,75,75,75,75,75,75,75,75,75,75,75,75],"card_choices":[{"not_picked":["Perfected Strike","Heavy Blade"],"picked":"Feel No Pain","floor":1},{"not_picked":["Anger","Inflame"],"picked":"Fire Breathing","floor":3},{"not_picked":["Armaments","Twin Strike"],"picked":"Pommel Strike","floor":4},{"not_picked":["Iron Wave","Havoc"],"picked":"Cleave","floor":6},{"not_picked":["Burning Pact","Barricade","Perfected Strike"],"picked":"SKIP","floor":8},{"not_picked":["Pommel Strike","Sentinel","Rampage"],"picked":"SKIP","floor":11},{"not_picked":["Shrug It Off","Blood for Blood"],"picked":"Feed","floor":13},{"not_picked":["Clash","Headbutt","Flex"],"picked":"SKIP","floor":14}],"player_experience":749355,"relics_obtained":[{"floor":6,"key":"Lantern"},{"floor":9,"key":"Art of War"},{"floor":11,"key":"Dream Catcher"},{"floor":12,"key":"Bottled Tornado"},{"floor":13,"key":"Ancient Tea Set"}],"event_choices":[{"damage_healed":0,"gold_gain":75,"player_choice":"Gather Gold","damage_taken":11,"max_hp_gain":0,"max_hp_loss":0,"event_name":"World of Goop","floor":2,"gold_loss":0}],"is_beta":true,"boss_relics":[],"items_purged_floors":[],"is_endless":false,"potions_floor_spawned":[1,6,13,14],"killed_by":"The Guardian","ascension_level":20}