{"gold_per_floor":[111,121,137,62,62,97,97,22,47,67,81,136,155,205,205,205],"floor_reached":16,"playtime":410,"items_purged":["Strike_G"],"score":204,"play_id":"86c34359-432c-42c6-84cb-493abc281820","local_time":"20190816170717","is_ascension_mode":true,"campfire_choices":[{"floor":7,"key":"REST"},{"data":"Neutralize","floor":15,"key":"SMITH"}],"neow_cost":"NONE","seed_source_timestamp":1399846370448275,"circlet_count":0,"master_deck":["AscendersBane","Strike_G+1","Strike_G","Strike_G","Strike_G","Defend_G","Defend_G","Defend_G","Survivor","Neutralize+1","Skewer+1"],"relics":["Ring of the Snake","NeowsBlessing","Whetstone","Blood Vial","Tiny Chest"],"potions_floor_usage":[6,11,16],"damage_taken":[{"damage":0,"enemies":"Cultist","floor":1,"turns":1},{"damage":0,"enemies":"Small Slimes","floor":2,"turns":1},{"damage":0,"enemies":"2 Louse","floor":3,"turns":1},{"damage":39,"enemies":"Lagavulin","floor":6,"turns":7},{"damage":9,"enemies":"Blue Slaver","floor":10,"turns":4},{"damage":0,"enemies":"Large Slime","floor":11,"turns":4},{"damage":6,"enemies":"Exordium Thugs","floor":13,"turns":4},{"damage":26,"enemies":"The Guardian","floor":16,"turns":10}],"seed_played":"5518448802820990597","potions_obtained":[{"floor":1,"key":"Fire Potion"},{"floor":3,"key":"PowerPotion"},{"floor":11,"key":"Poison Potion"}],"is_trial":false,"path_per_floor":["M","M","M","?","?","E","R","$","T","M","M","T","M","?","R","B"],"character_chosen":"THE_SILENT","items_purchased":[],"campfire_rested":1,"item_purchase_floors":[],"current_hp_per_floor":[59,59,59,59,52,13,32,32,32,25,27,27,23,23,23,0],"gold":205,"neow_bonus":"THREE_ENEMY_KILL","is_prod":false,"is_daily":false,"chose_seed":false,"campfire_upgraded":1,"win_rate":0,"timestamp":1565953637,"path_taken":["M","?","M","?","?","E","R","$","T","M","M","?","M","?","R","BOSS"],"build_version":"2019-07-17","purchased_purges":1,"victory":false,"max_hp_per_floor":[66,66,66,66,66,66,66,66,66,66,66,66,66,66,66,66],"card_choices":[{"not_picked":["Riddle With Holes","Endless Agony"],"picked":"Skewer","floor":1},{"not_picked":["Noxious Fumes","All Out Attack","Outmaneuver"],"picked":"SKIP","floor":2},{"not_picked":["Caltrops","Sucker Punch","Underhanded Strike"],"picked":"SKIP","floor":3},{"not_picked":["Catalyst","Flechettes","Deadly Poison"],"picked":"SKIP","floor":6},{"not_picked":["Riddle With Holes","Deadly Poison","Skewer"],"picked":"SKIP","floor":10},{"not_picked":["Cloak And Dagger","Expertise","Slice"],"picked":"SKIP","floor":11},{"not_picked":["Dagger Throw","Deflect","Flying Knee"],"picked":"SKIP","floor":13}],"player_experience":1651801,"relics_obtained":[{"floor":6,"key":"Whetstone"},{"floor":9,"key":"Blood Vial"},{"floor":12,"key":"Tiny Chest"}],"event_choices":[{"cards_removed":["Defend_G"],"damage_healed":0,"gold_gain":0,"player_choice":"Card Removal","damage_taken":0,"max_hp_gain":0,"max_hp_loss":0,"event_name":"The Cleric","floor":4,"gold_loss":75},{"cards_removed":["Defend_G"],"damage_healed":0,"gold_gain":0,"player_choice":"Card Removal","damage_taken":7,"max_hp_gain":0,"max_hp_loss":0,"event_name":"Golden Wing","floor":5,"gold_loss":0},{"damage_healed":0,"gold_gain":50,"player_choice":"Pray","damage_taken":0,"max_hp_gain":0,"max_hp_loss":0,"event_name":"Golden Shrine","floor":14,"gold_loss":0}],"is_beta":false,"boss_relics":[],"items_purged_floors":[8],"is_endless":false,"potions_floor_spawned":[1,3,11],"killed_by":"The Guardian","ascension_level":20}