{"gold_per_floor":[110,123,123,141,16,48,62,93,93,109,109,109,109,34,34,132,132,132,32,0,0,0,0,0,0,0,0,0,0,0,0,0,0,0,0,0,0,0,0,0,0,0,0,0,0,0,0,0,0,0],"floor_reached":51,"playtime":4041,"items_purged":["Strike_B","Strike_B"],"score":663,"play_id":"2819d43b-d26d-4452-a1e5-c1213e5c4a73","local_time":"20190908210826","is_ascension_mode":false,"campfire_choices":[{"data":"Static Discharge","floor":11,"key":"SMITH"},{"floor":15,"key":"REST"},{"data":"Zap","floor":23,"key":"SMITH"},{"data":"Coolheaded","floor":25,"key":"SMITH"},{"data":"Seek","floor":32,"key":"SMITH"},{"data":"Loop","floor":40,"key":"SMITH"},{"data":"Machine Learning","floor":42,"key":"SMITH"},{"floor":44,"key":"REST"},{"data":"Hologram","floor":49,"key":"SMITH"}],"neow_cost":"NONE","seed_source_timestamp":140325260088100,"circlet_count":0,"master_deck":["Strike_B","Strike_B","Defend_B+1","Defend_B","Defend_B","Defend_B","Zap+1","Dualcast","White Noise","Compile Driver","Static Discharge+1","Melter","Coolheaded+1","Sweeping Beam","Go for the Eyes+1","Seek+1","Electrodynamics","Conserve Battery","Cold Snap+1","Self Repair","Ball Lightning+1","Coolheaded","Go for the Eyes+1","Amplify","Machine Learning+1","Hologram+1","Madness","Madness","Loop+1","Creative AI","Doubt"],"relics":["Cracked Core","Bottled Tornado","Molten Egg 2","Dodecahedron","Bag of Marbles","Ectoplasm","Mercury Hourglass","Ice Cream","Inserter","Question Card","Shuriken","Red Mask"],"potions_floor_usage":[8,33,41],"damage_taken":[{"damage":0,"enemies":"Small Slimes","floor":1,"turns":3},{"damage":1,"enemies":"2 Louse","floor":2,"turns":2},{"damage":1,"enemies":"Cultist","floor":4,"turns":4},{"damage":27,"enemies":"3 Sentries","floor":6,"turns":7},{"damage":14,"enemies":"Exordium Wildlife","floor":7,"turns":4},{"damage":6,"enemies":"Lagavulin","floor":8,"turns":6},{"damage":4,"enemies":"Blue Slaver","floor":10,"turns":3},{"damage":23,"enemies":"The Guardian","floor":16,"turns":14},{"damage":0,"enemies":"Chosen","floor":18,"turns":3},{"damage":10,"enemies":"2 Thieves","floor":20,"turns":3},{"damage":11,"enemies":"Snake Plant","floor":21,"turns":3},{"damage":8,"enemies":"Chosen and Byrds","floor":24,"turns":3},{"damage":9,"enemies":"Snecko","floor":27,"turns":3},{"damage":2,"enemies":"Centurion and Healer","floor":28,"turns":4},{"damage":20,"enemies":"Slavers","floor":29,"turns":3},{"damage":5,"enemies":"Snake Plant","floor":30,"turns":3},{"damage":6,"enemies":"3 Cultists","floor":31,"turns":2},{"damage":22,"enemies":"Collector","floor":33,"turns":5},{"damage":20,"enemies":"3 Shapes","floor":35,"turns":2},{"damage":9,"enemies":"3 Darklings","floor":36,"turns":3},{"damage":12,"enemies":"Maw","floor":37,"turns":7},{"damage":11,"enemies":"Jaw Worm Horde","floor":39,"turns":4},{"damage":32,"enemies":"Nemesis","floor":41,"turns":5},{"damage":20,"enemies":"Writhing Mass","floor":45,"turns":6},{"damage":13,"enemies":"3 Darklings","floor":48,"turns":2},{"damage":62,"enemies":"Time Eater","floor":50,"turns":12}],"seed_played":"-2172646363085399200","potions_obtained":[{"floor":4,"key":"SpeedPotion"},{"floor":6,"key":"Strength Potion"},{"floor":8,"key":"GamblersBrew"},{"floor":16,"key":"Poison Potion"},{"floor":20,"key":"Weak Potion"},{"floor":33,"key":"FairyPotion"},{"floor":41,"key":"SteroidPotion"}],"is_trial":false,"path_per_floor":["M","M","?","M","$","E","M","E","T","M","R","?","?","$","R","B",null,"M","$","M","M","?","R","M","R","T","M","M","E","M","M","R","B",null,"M","M","M","?","M","R","E","R","T","R","M","?","?","M","R","B",null],"character_chosen":"DEFECT","items_purchased":["Melter","Coolheaded"],"campfire_rested":2,"item_purchase_floors":[5,5],"current_hp_per_floor":[82,81,86,85,85,58,44,38,38,34,34,17,14,14,40,17,87,87,87,77,66,66,66,65,65,65,63,68,55,57,58,58,43,87,81,79,74,63,59,59,34,34,34,60,47,87,87,81,81,19],"gold":0,"neow_bonus":"TEN_PERCENT_HP_BONUS","is_prod":false,"is_daily":false,"chose_seed":false,"campfire_upgraded":7,"win_rate":0.0,"timestamp":1567944506,"path_taken":["M","M","?","M","$","E","M","E","T","M","R","?","?","$","R","BOSS","M","$","M","M","?","R","M","R","T","?","M","E","M","M","R","BOSS","M","M","M","?","M","R","E","R","T","R","M","?","?","M","R","BOSS"],"build_version":"2019-08-26","purchased_purges":2,"victory":true,"max_hp_per_floor":[82,82,87,87,87,87,87,87,87,87,87,87,87,87,87,87,87,87,87,87,87,87,87,87,87,87,87,87,87,87,87,87,87,87,87,87,87,87,87,87,87,87,87,87,87,87,87,87,87,87],"card_choices":[{"not_picked":["Hologram","Tempest"],"picked":"White Noise","floor":1},{"not_picked":["Beam Cell","Steam"],"picked":"Compile Driver","floor":2},{"not_picked":["Steam","Hologram"],"picked":"Static Discharge","floor":4},{"not_picked":["Steam","Rip and Tear"],"picked":"Sweeping Beam","floor":6},{"not_picked":["Compile Driver","Stack"],"picked":"Go for the Eyes","floor":7},{"not_picked":["Compile Driver","Beam Cell","Stack"],"picked":"SKIP","floor":8},{"not_picked":["Beam Cell+1","Steam"],"picked":"Seek","floor":10},{"not_picked":["Reboot","Buffer"],"picked":"Electrodynamics","floor":16},{"not_picked":["Stack+1","Steam"],"picked":"Conserve Battery","floor":18},{"not_picked":["Steam","FTL+1"],"picked":"Cold Snap+1","floor":20},{"not_picked":["Beam Cell+1","Reinforced Body+1"],"picked":"Self Repair","floor":21},{"not_picked":["Compile Driver+1","Redo"],"picked":"Ball Lightning+1","floor":24},{"not_picked":["Streamline+1","Stack"],"picked":"Coolheaded","floor":27},{"not_picked":["Redo","Barrage+1"],"picked":"Go for the Eyes+1","floor":28},{"not_picked":["Leap","Conserve Battery"],"picked":"Amplify","floor":29},{"not_picked":["Leap","Tempest","Streamline+1"],"picked":"SKIP","floor":30},{"not_picked":["Steam","Redo","Storm"],"picked":"SKIP","floor":31},{"not_picked":["Fission","Reboot"],"picked":"Machine Learning","floor":33},{"not_picked":["Steam","Leap+1","Conserve Battery"],"picked":"SKIP","floor":35},{"not_picked":["Gash+1","Steam+1"],"picked":"Hologram","floor":36},{"not_picked":["Auto Shields","Leap+1","Sweeping Beam+1"],"picked":"SKIP","floor":37},{"not_picked":["Steam+1","Self Repair"],"picked":"Loop","floor":39},{"not_picked":["Cold Snap+1","Rip and Tear+1","Blizzard+1"],"picked":"SKIP","floor":41},{"not_picked":["Blizzard+1","Cold Snap+1","Leap"],"picked":"Creative AI","floor":45},{"not_picked":["Cold Snap+1","Melter+1","Coolheaded","Gash+1"],"picked":"SKIP","floor":48}],"player_experience":8435,"relics_obtained":[{"floor":6,"key":"Bottled Tornado"},{"floor":8,"key":"Molten Egg 2"},{"floor":9,"key":"Dodecahedron"},{"floor":26,"key":"Mercury Hourglass"},{"floor":29,"key":"Ice Cream"},{"floor":41,"key":"Question Card"},{"floor":43,"key":"Shuriken"}],"event_choices":[{"damage_healed":0,"gold_gain":0,"player_choice":"Donut","damage_taken":0,"max_hp_gain":5,"max_hp_loss":0,"event_name":"Big Fish","floor":3,"gold_loss":0},{"damage_healed":0,"gold_gain":0,"player_choice":"Entered Light","damage_taken":17,"max_hp_gain":0,"max_hp_loss":0,"event_name":"Shining Light","floor":12,"gold_loss":0,"cards_upgraded":["Go for the Eyes","Defend_B"]},{"damage_healed":0,"gold_gain":0,"player_choice":"Success","damage_taken":3,"relics_obtained":["Bag of Marbles"],"max_hp_gain":0,"max_hp_loss":0,"event_name":"Scrap Ooze","floor":13,"gold_loss":0},{"damage_healed":0,"gold_gain":100,"player_choice":"Pray","damage_taken":0,"max_hp_gain":0,"max_hp_loss":0,"event_name":"Golden Shrine","floor":22,"gold_loss":0},{"damage_healed":0,"gold_gain":0,"player_choice":"Embrace Madness","damage_taken":11,"max_hp_gain":0,"max_hp_loss":0,"event_name":"Winding Halls","floor":38,"gold_loss":0,"cards_obtained":["Madness","Madness"]},{"damage_healed":40,"gold_gain":0,"player_choice":"Heal","damage_taken":0,"max_hp_gain":0,"max_hp_loss":0,"event_name":"MindBloom","floor":46,"gold_loss":0,"cards_obtained":["Doubt"]},{"damage_healed":0,"gold_gain":0,"player_choice":"Paid","damage_taken":0,"relics_obtained":["Red Mask"],"max_hp_gain":0,"max_hp_loss":0,"event_name":"Tomb of Lord Red Mask","floor":47,"gold_loss":0}],"is_beta":true,"boss_relics":[{"not_picked":["Empty Cage","Fusion Hammer"],"picked":"Ectoplasm"},{"not_picked":["Coffee Dripper","Cursed Key"],"picked":"Inserter"}],"items_purged_floors":[14,19],"is_endless":false,"potions_floor_spawned":[4,6,8,16,20,21,30,33,35,41,48],"ascension_level":0}