{"gold_per_floor":[114,114,114,130,146,180,180,223,223,263,263,276,312,29,29,152,152,171,15,31,46,65,98,98,133,133,10,10,29,29,49,49,178,178,197,218,218,236,28,68,68,102,102,136,136,161,286,286,286,286],"floor_reached":50,"playtime":4000,"items_purged":["Strike_R"],"score":860,"play_id":"9d77dd47-727a-48d1-bea2-4284b8ce8e63","local_time":"20191001134110","is_ascension_mode":true,"campfire_choices":[{"data":"Demon Form","floor":11,"key":"SMITH"},{"data":"Armaments","floor":15,"key":"SMITH"},{"floor":24,"key":"REST"},{"floor":32,"key":"REST"},{"data":"Limit Break","floor":41,"key":"SMITH"},{"floor":45,"key":"REST"},{"floor":49,"key":"RECALL"}],"neow_cost":"NONE","seed_source_timestamp":375824764066387,"circlet_count":0,"master_deck":["Strike_R","Strike_R","Defend_R","Defend_R","Defend_R","Defend_R","Bash","Uppercut+1","Burning Pact","Pummel+1","Demon Form+1","Feel No Pain","Impervious","Armaments+1","Seeing Red","Limit Break+1","Flex+1","Infernal Blade+1","Warcry","Iron Wave","Feel No Pain+1","Headbutt+1","Warcry","Sentinel","Impervious","Feel No Pain+1","Dropkick+1","Sentinel+1","Feel No Pain+1","Evolve","Battle Trance","Body Slam+1","Pommel Strike+1"],"relics":["Burning Blood","Golden Idol","Art of War","Ornamental Fan","Bottled Tornado","Blood Vial","Anchor","Medical Kit","Velvet Choker","Whetstone","Happy Flower","Mummified Hand","Torii","Mark of Pain","ClockworkSouvenir","PreservedInsect","Molten Egg 2","Question Card","FossilizedHelix"],"potions_floor_usage":[6,8,13,13,13,25,29,38,44,44,50],"damage_taken":[{"damage":2,"enemies":"2 Louse","floor":1,"turns":3},{"damage":4,"enemies":"Jaw Worm","floor":4,"turns":3},{"damage":5,"enemies":"Cultist","floor":5,"turns":4},{"damage":30,"enemies":"Lagavulin","floor":6,"turns":5},{"damage":13,"enemies":"Gremlin Nob","floor":8,"turns":4},{"damage":10,"enemies":"Lagavulin","floor":10,"turns":5},{"damage":4,"enemies":"Blue Slaver","floor":12,"turns":4},{"damage":12,"enemies":"3 Sentries","floor":13,"turns":7},{"damage":42,"enemies":"Hexaghost","floor":16,"turns":8},{"damage":2,"enemies":"2 Thieves","floor":18,"turns":4},{"damage":2,"enemies":"3 Byrds","floor":20,"turns":4},{"damage":25,"enemies":"Snake Plant","floor":21,"turns":3},{"damage":16,"enemies":"3 Cultists","floor":22,"turns":5},{"damage":40,"enemies":"Book of Stabbing","floor":23,"turns":6},{"damage":42,"enemies":"Slavers","floor":25,"turns":7},{"damage":1,"enemies":"Snecko","floor":29,"turns":4},{"damage":3,"enemies":"Centurion and Healer","floor":31,"turns":6},{"damage":7,"enemies":"Champ","floor":33,"turns":6},{"damage":32,"enemies":"3 Darklings","floor":35,"turns":5},{"damage":0,"enemies":"Orb Walker","floor":36,"turns":3},{"damage":1,"enemies":"Transient","floor":38,"turns":5},{"damage":18,"enemies":"Nemesis","floor":40,"turns":7},{"damage":21,"enemies":"Giant Head","floor":42,"turns":6},{"damage":0,"enemies":"Reptomancer","floor":44,"turns":6},{"damage":8,"enemies":"Spire Growth","floor":46,"turns":4},{"damage":0,"enemies":"Mind Bloom Boss Battle","floor":47,"turns":7},{"damage":85,"enemies":"Awakened One","floor":50,"turns":4}],"seed_played":"7199181822351884408","potions_obtained":[{"floor":1,"key":"AttackPotion"},{"floor":6,"key":"BloodPotion"},{"floor":7,"key":"Regen Potion"},{"floor":7,"key":"Dexterity Potion"},{"floor":12,"key":"EssenceOfSteel"},{"floor":20,"key":"SteroidPotion"},{"floor":29,"key":"SpeedPotion"},{"floor":33,"key":"Explosive Potion"},{"floor":35,"key":"EssenceOfSteel"},{"floor":42,"key":"Energy Potion"},{"floor":44,"key":"Dexterity Potion"}],"is_trial":false,"path_per_floor":["M","?","?","M","M","E","?","E","T","E","R","M","E","$","R","B",null,"M","$","M","M","M","E","R","E","T","$","?","M","?","M","R","B",null,"M","M","?","M","$","E","R","E","T","E","R","M","?","?","R","B"],"character_chosen":"IRONCLAD","items_purchased":["Medical Kit","Whetstone","Regen Potion","AttackPotion","ClockworkSouvenir"],"campfire_rested":3,"item_purchase_floors":[14,19,27,27,39],"current_hp_per_floor":[76,56,56,58,59,35,35,48,48,44,44,48,59,59,59,25,66,72,72,78,61,53,21,45,11,11,11,11,27,27,32,56,57,74,50,58,58,65,65,55,55,42,42,50,74,74,80,80,80,0],"gold":286,"neow_bonus":"THREE_CARDS","is_prod":false,"is_daily":false,"chose_seed":false,"campfire_upgraded":3,"win_rate":0,"timestamp":1569962470,"path_taken":["M","?","?","M","M","E","?","E","T","E","R","M","E","$","R","BOSS","M","$","M","?","M","E","R","E","T","$","?","M","?","M","R","BOSS","M","M","?","?","?","E","R","E","T","E","R","?","?","?","R","BOSS"],"build_version":"2019-07-17","purchased_purges":1,"victory":false,"max_hp_per_floor":[80,80,80,80,80,80,80,80,80,80,80,80,80,80,80,80,80,80,80,80,80,80,80,80,80,80,80,80,80,80,80,80,80,80,80,80,80,80,80,80,80,80,80,80,80,80,80,80,80,80],"card_choices":[{"not_picked":["Warcry","Blood for Blood"],"picked":"Uppercut","floor":0},{"not_picked":["Body Slam","Headbutt"],"picked":"Burning Pact","floor":1},{"not_picked":["Blood for Blood","Anger","Clash"],"picked":"SKIP","floor":4},{"not_picked":["Uppercut","Bloodletting"],"picked":"Pummel","floor":5},{"not_picked":["True Grit","Blood for Blood"],"picked":"Demon Form","floor":6},{"not_picked":["Heavy Blade","Fire Breathing"],"picked":"Feel No Pain","floor":8},{"not_picked":["Dropkick","Pommel Strike"],"picked":"Impervious","floor":10},{"not_picked":["Perfected Strike","Warcry"],"picked":"Armaments","floor":12},{"not_picked":["Power Through","Perfected Strike"],"picked":"Seeing Red","floor":13},{"not_picked":["Berserk","Fiend Fire"],"picked":"Limit Break","floor":16},{"not_picked":["Sever Soul","Sword Boomerang"],"picked":"Flex+1","floor":18},{"not_picked":["Shrug It Off","Demon Form"],"picked":"Infernal Blade+1","floor":20},{"not_picked":["Cleave","Iron Wave"],"picked":"Warcry","floor":21},{"not_picked":["Second Wind","Clash"],"picked":"Iron Wave","floor":22},{"not_picked":["Demon Form","Pommel Strike"],"picked":"Feel No Pain+1","floor":23},{"not_picked":["Pommel Strike","Sword Boomerang","Blood for Blood+1"],"picked":"SKIP","floor":25},{"not_picked":["Intimidate","Clothesline+1"],"picked":"Headbutt+1","floor":29},{"not_picked":["Carnage","Heavy Blade"],"picked":"Sentinel","floor":31},{"not_picked":["Fiend Fire","Berserk"],"picked":"Impervious","floor":33},{"not_picked":["Battle Trance","Shockwave+1"],"picked":"Feel No Pain+1","floor":35},{"not_picked":["True Grit+1","Armaments+1"],"picked":"Dropkick+1","floor":36},{"not_picked":["Seeing Red+1","Pommel Strike+1"],"picked":"Sentinel+1","floor":38},{"not_picked":["Flex","Perfected Strike+1"],"picked":"Feel No Pain+1","floor":40},{"not_picked":["Armaments+1","Power Through"],"picked":"Evolve","floor":42},{"not_picked":["Flex","Hemokinesis+1"],"picked":"Battle Trance","floor":44},{"not_picked":["Double Tap","Sever Soul+1","Thunderclap+1"],"picked":"Body Slam+1","floor":46},{"not_picked":["Armaments+1","Wild Strike+1","Rupture"],"picked":"Pommel Strike+1","floor":47}],"player_experience":638860,"relics_obtained":[{"floor":6,"key":"Art of War"},{"floor":8,"key":"Ornamental Fan"},{"floor":9,"key":"Bottled Tornado"},{"floor":10,"key":"Blood Vial"},{"floor":13,"key":"Anchor"},{"floor":23,"key":"Happy Flower"},{"floor":25,"key":"Mummified Hand"},{"floor":26,"key":"Torii"},{"floor":40,"key":"PreservedInsect"},{"floor":42,"key":"Molten Egg 2"},{"floor":44,"key":"Question Card"},{"floor":47,"key":"FossilizedHelix"}],"event_choices":[{"damage_healed":0,"gold_gain":0,"player_choice":"Take Damage","damage_taken":20,"relics_obtained":["Golden Idol"],"max_hp_gain":0,"max_hp_loss":0,"event_name":"Golden Idol","floor":2,"gold_loss":0},{"cards_removed":["Strike_R"],"damage_healed":0,"gold_gain":0,"player_choice":"Forget","damage_taken":0,"max_hp_gain":0,"max_hp_loss":0,"event_name":"Living Wall","floor":3,"gold_loss":0},{"damage_healed":0,"gold_gain":0,"player_choice":"Got Potions","damage_taken":0,"max_hp_gain":0,"max_hp_loss":0,"event_name":"Lab","floor":7,"gold_loss":0},{"damage_healed":0,"gold_gain":0,"player_choice":"Ignored","damage_taken":0,"max_hp_gain":0,"max_hp_loss":0,"event_name":"Ghosts","floor":28,"gold_loss":0},{"damage_healed":0,"gold_gain":0,"cards_transformed":["Strike_R"],"player_choice":"Transformed","damage_taken":0,"max_hp_gain":0,"max_hp_loss":0,"event_name":"Transmorgrifier","floor":30,"gold_loss":0,"cards_obtained":["Warcry"]},{"damage_healed":0,"gold_gain":0,"player_choice":"0 cards matched","damage_taken":0,"max_hp_gain":0,"max_hp_loss":0,"event_name":"Match and Keep!","floor":37,"gold_loss":0,"cards_obtained":[]},{"damage_healed":0,"gold_gain":0,"player_choice":"Fight","damage_taken":0,"max_hp_gain":0,"max_hp_loss":0,"event_name":"MindBloom","floor":47,"gold_loss":0},{"damage_healed":0,"gold_gain":0,"player_choice":"Ignored","damage_taken":0,"max_hp_gain":0,"max_hp_loss":0,"event_name":"Tomb of Lord Red Mask","floor":48,"gold_loss":0}],"is_beta":false,"boss_relics":[{"not_picked":["Empty Cage","Ectoplasm"],"picked":"Velvet Choker"},{"not_picked":["Snecko Eye","White Beast Statue"],"picked":"Mark of Pain"}],"items_purged_floors":[14],"is_endless":false,"potions_floor_spawned":[1,6,12,20,29,33,35,36,42,44],"killed_by":"Awakened One","ascension_level":6}