{"gold_per_floor":[115,115,28,40,40,67,67,67,67,85,85,110,110,14,14,90,90,90,66,66,66,66,66,66,66,66,66,66,66,66,66,66,66,66,66,66,66,66,66,66,66,0,0,0,0,0,0,0,0,0],"floor_reached":51,"playtime":2955,"items_purged":[],"score":1235,"play_id":"f9682fcf-d6e7-402e-80dc-2d0e08dc3527","local_time":"20190831014300","is_ascension_mode":true,"campfire_choices":[{"data":"Enlightenment","floor":7,"key":"SMITH"},{"data":"Bash","floor":11,"key":"SMITH"},{"data":"Flame Barrier","floor":13,"key":"SMITH"},{"data":"Clothesline","floor":15,"key":"SMITH"},{"data":"Armaments","floor":23,"key":"SMITH"},{"floor":25,"key":"REST"},{"floor":32,"key":"REST"},{"data":"Battle Trance","floor":40,"key":"SMITH"},{"data":"Pommel Strike","floor":46,"key":"SMITH"},{"floor":49,"key":"REST"}],"neow_cost":"NONE","seed_source_timestamp":123685967679400,"circlet_count":0,"master_deck":["AscendersBane","Strike_R","Strike_R","Strike_R","Defend_R","Defend_R","Defend_R","Defend_R","Bash+1","Carnage+1","Enlightenment+1","Flame Barrier+1","Clothesline+1","Pommel Strike+1","Pommel Strike","Purity","Barricade","Headbutt","Armaments+1","Entrench","Body Slam+1","Shrug It Off","Shockwave","Uppercut","Battle Trance+1","Immolate","Secret Technique","Shrug It Off","Shockwave"],"relics":["Burning Blood","NeowsBlessing","Dream Catcher","Juzu Bracelet","Ornamental Fan","Ectoplasm","MawBank","Pear","Red Mask","Paper Frog","Sozu","Self Forming Clay","Centennial Puzzle"],"potions_floor_usage":[16,16,28,28,50],"damage_taken":[{"damage":0,"enemies":"Cultist","floor":1,"turns":1},{"damage":0,"enemies":"Small Slimes","floor":4,"turns":1},{"damage":0,"enemies":"3 Sentries","floor":6,"turns":2},{"damage":0,"enemies":"2 Louse","floor":10,"turns":3},{"damage":38,"enemies":"Lagavulin","floor":12,"turns":7},{"damage":46,"enemies":"The Guardian","floor":16,"turns":16},{"damage":7,"enemies":"Chosen","floor":18,"turns":4},{"damage":20,"enemies":"Spheric Guardian","floor":20,"turns":6},{"damage":30,"enemies":"Cultist and Chosen","floor":22,"turns":6},{"damage":16,"enemies":"Masked Bandits","floor":28,"turns":4},{"damage":9,"enemies":"Snake Plant","floor":31,"turns":4},{"damage":0,"enemies":"Champ","floor":33,"turns":18},{"damage":0,"enemies":"3 Shapes","floor":35,"turns":5},{"damage":5,"enemies":"Orb Walker","floor":39,"turns":3},{"damage":31,"enemies":"Sphere and 2 Shapes","floor":41,"turns":8},{"damage":23,"enemies":"Spire Growth","floor":44,"turns":5},{"damage":42,"enemies":"Donu and Deca","floor":50,"turns":16}],"seed_played":"-2928819050286675349","potions_obtained":[{"floor":10,"key":"SkillPotion"},{"floor":12,"key":"Weak Potion"},{"floor":16,"key":"Explosive Potion"},{"floor":18,"key":"Poison Potion"},{"floor":33,"key":"Regen Potion"}],"is_trial":false,"path_per_floor":["M","?","$","M","?","E","R","?","T","M","R","E","R","$","R","B",null,"M","$","M","?","M","R","?","R","T","$","?","?","T","M","R","B",null,"M","$","?","$","M","R","M","?","T","M","$","R","?","?","R","B",null],"character_chosen":"IRONCLAD","items_purchased":["Enlightenment","Purity","Armaments"],"campfire_rested":3,"item_purchase_floors":[3,14,19],"current_hp_per_floor":[74,74,74,75,75,75,75,80,80,80,80,48,48,48,48,8,62,61,61,47,47,23,23,23,47,57,57,47,47,47,44,71,77,87,90,90,90,90,90,90,65,65,65,48,48,48,48,48,75,54],"gold":0,"neow_bonus":"THREE_ENEMY_KILL","is_prod":false,"is_daily":false,"chose_seed":false,"campfire_upgraded":7,"win_rate":0,"timestamp":1567183380,"path_taken":["M","?","$","M","?","E","R","?","T","M","R","E","R","?","R","BOSS","M","$","M","?","M","R","?","R","T","?","?","?","?","M","R","BOSS","M","$","?","?","M","R","M","?","T","M","?","R","?","?","R","BOSS"],"build_version":"2019-07-17","purchased_purges":0,"victory":true,"max_hp_per_floor":[75,75,75,75,75,75,75,80,80,80,80,80,80,80,80,80,80,80,80,80,80,80,80,80,80,90,90,90,90,90,90,90,90,90,90,90,90,90,90,90,90,90,90,90,90,90,90,90,90,90],"card_choices":[{"not_picked":["Armaments","Cleave"],"picked":"Carnage","floor":1},{"not_picked":["Searing Blow","Heavy Blade"],"picked":"Flame Barrier","floor":4},{"not_picked":["Dropkick","Warcry"],"picked":"Clothesline","floor":6},{"not_picked":["Perfected Strike","Pummel"],"picked":"Pommel Strike","floor":10},{"not_picked":["True Grit","Flex"],"picked":"Pommel Strike","floor":12},{"not_picked":["Limit Break","Impervious"],"picked":"Barricade","floor":16},{"not_picked":["Dropkick","Rampage"],"picked":"Headbutt","floor":18},{"not_picked":["Flex","True Grit"],"picked":"Entrench","floor":20},{"not_picked":["Armaments","Sentinel"],"picked":"Body Slam+1","floor":22},{"not_picked":["Iron Wave","Flex"],"picked":"Shrug It Off","floor":25},{"not_picked":["Sword Boomerang","Rage"],"picked":"Shockwave","floor":28},{"not_picked":["Hemokinesis+1","Twin Strike"],"picked":"Immolate","floor":31},{"not_picked":["Blood for Blood","Whirlwind","Sword Boomerang"],"picked":"SKIP","floor":35},{"not_picked":["Sever Soul+1","Carnage","Armaments"],"picked":"SKIP","floor":39},{"not_picked":["Disarm","Seeing Red+1","Hemokinesis"],"picked":"SKIP","floor":41},{"not_picked":["Clothesline","Rupture","Seeing Red"],"picked":"SKIP","floor":44},{"not_picked":["Panacea","Mind Blast"],"picked":"Secret Technique","floor":47},{"not_picked":["Twin Strike+1","Headbutt+1"],"picked":"Shockwave","floor":49}],"player_experience":510154,"relics_obtained":[{"floor":6,"key":"Dream Catcher"},{"floor":9,"key":"Juzu Bracelet"},{"floor":12,"key":"Ornamental Fan"},{"floor":26,"key":"Pear"},{"floor":28,"key":"Red Mask"},{"floor":30,"key":"Paper Frog"},{"floor":43,"key":"Centennial Puzzle"}],"event_choices":[{"damage_healed":0,"gold_gain":0,"player_choice":"Grow","damage_taken":0,"max_hp_gain":0,"max_hp_loss":0,"event_name":"Living Wall","floor":2,"gold_loss":0,"cards_upgraded":["Carnage"]},{"damage_healed":0,"gold_gain":0,"player_choice":"Leave","damage_taken":0,"max_hp_gain":0,"max_hp_loss":0,"event_name":"The Cleric","floor":5,"gold_loss":0},{"damage_healed":0,"gold_gain":0,"player_choice":"Donut","damage_taken":0,"max_hp_gain":5,"max_hp_loss":0,"event_name":"Big Fish","floor":8,"gold_loss":0},{"damage_healed":0,"gold_gain":0,"player_choice":"Opened","damage_taken":0,"relics_obtained":["MawBank"],"max_hp_gain":0,"max_hp_loss":0,"event_name":"The Mausoleum","floor":24,"gold_loss":0,"cards_obtained":["Writhe"]},{"damage_healed":0,"gold_gain":0,"player_choice":"Fought Bandits","damage_taken":0,"max_hp_gain":0,"max_hp_loss":0,"event_name":"Masked Bandits","floor":28,"gold_loss":0},{"damage_healed":0,"gold_gain":0,"cards_transformed":["Strike_R","Strike_R"],"player_choice":"Became Test Subject","damage_taken":0,"max_hp_gain":0,"max_hp_loss":0,"event_name":"Drug Dealer","floor":29,"gold_loss":0,"cards_obtained":["Uppercut","Battle Trance"]},{"cards_removed":["Writhe"],"damage_healed":0,"gold_gain":0,"player_choice":"Purged","damage_taken":0,"max_hp_gain":0,"max_hp_loss":0,"event_name":"Purifier","floor":37,"gold_loss":0},{"damage_healed":0,"gold_gain":0,"player_choice":"Paid Gold","damage_taken":0,"relics_obtained":["Self Forming Clay"],"max_hp_gain":0,"max_hp_loss":0,"event_name":"WeMeetAgain","floor":42,"gold_loss":66},{"damage_healed":0,"gold_gain":0,"player_choice":"Memory 1","damage_taken":0,"max_hp_gain":0,"max_hp_loss":0,"event_name":"SensoryStone","floor":47,"gold_loss":0},{"damage_healed":0,"gold_gain":0,"player_choice":"1 cards matched","damage_taken":0,"max_hp_gain":0,"max_hp_loss":0,"event_name":"Match and Keep!","floor":48,"gold_loss":0,"cards_obtained":["Shrug It Off"]}],"is_beta":false,"boss_relics":[{"not_picked":["Black Star","Black Blood"],"picked":"Ectoplasm"},{"not_picked":["Eternal Feather","Velvet Choker"],"picked":"Sozu"}],"items_purged_floors":[],"is_endless":false,"potions_floor_spawned":[10,12,16,18,22,33,44],"ascension_level":14}