{"gold_per_floor":[109,109,124,144,144,175,175,209,209,209,253,253,273,297,297,386,386,404,443,311,311,311,311,350,350,374,374,374,218,234,247,247,336,336,359,427,427,136,157,157,190,213,236,236,255,43,43,67,67,67],"floor_reached":51,"playtime":3549,"items_purged":["Strike_G","Strike_G","Strike_G"],"score":1277,"play_id":"4e99aa8f-0eba-45b3-a3df-363ff9c9e648","local_time":"20190716164247","is_ascension_mode":true,"campfire_choices":[{"floor":7.0,"key":"REST"},{"data":"Backstab","floor":10.0,"key":"SMITH"},{"data":"Footwork","floor":12.0,"key":"SMITH"},{"data":"Bouncing Flask","floor":15.0,"key":"SMITH"},{"data":"Deadly Poison","floor":23.0,"key":"SMITH"},{"data":"Neutralize","floor":25.0,"key":"SMITH"},{"floor":27.0,"key":"REST"},{"data":"Acrobatics","floor":32.0,"key":"SMITH"},{"floor":40.0,"key":"REST"},{"data":"Noxious Fumes","floor":44.0,"key":"SMITH"},{"floor":49,"key":"REST"}],"neow_cost":"NONE","seed_source_timestamp":9178527802283612,"circlet_count":0,"master_deck":["AscendersBane","Strike_G","Strike_G","Defend_G","Defend_G","Defend_G","Defend_G+1","Defend_G+1","Survivor","Bouncing Flask+1","Backstab+1","PiercingWail","Die Die Die","Riddle With Holes","Footwork+1","Deadly Poison+1","Deflect","Terror+1","Outmaneuver","Deadly Poison","Acrobatics+1","Deadly Poison+1","Grand Finale","Leg Sweep","Leg Sweep","Noxious Fumes+1","Prepared","Flechettes","Bouncing Flask","Noxious Fumes+1","Apotheosis","Dodge and Roll+1","Backstab"],"special_seed":0,"relics":["Ring of the Snake","NeowsBlessing","Bronze Scales","Golden Idol","Meat on the Bone","Bag of Marbles","Centennial Puzzle","Mango","Pen Nib","Runic Pyramid","Red Mask","Happy Flower","Dream Catcher","Sundial","HoveringKite","Calipers","Lantern","War Paint","Lee\u0027s Waffle"],"potions_floor_usage":[48],"damage_taken":[{"damage":0.0,"enemies":"Jaw Worm","floor":1.0,"turns":1.0},{"damage":0.0,"enemies":"Cultist","floor":3.0,"turns":1.0},{"damage":0.0,"enemies":"Small Slimes","floor":4.0,"turns":1.0},{"damage":37.0,"enemies":"Lagavulin","floor":6.0,"turns":8.0},{"damage":21.0,"enemies":"3 Sentries","floor":8.0,"turns":7.0},{"damage":20.0,"enemies":"Lagavulin","floor":11.0,"turns":5.0},{"damage":0.0,"enemies":"Blue Slaver","floor":13.0,"turns":1.0},{"damage":1.0,"enemies":"The Guardian","floor":16.0,"turns":11.0},{"damage":18.0,"enemies":"Shell Parasite","floor":18.0,"turns":5.0},{"damage":0.0,"enemies":"Masked Bandits","floor":19.0,"turns":1.0},{"damage":28.0,"enemies":"Gremlin Leader","floor":24.0,"turns":7.0},{"damage":0.0,"enemies":"Chosen","floor":30.0,"turns":4.0},{"damage":3.0,"enemies":"Snake Plant","floor":31.0,"turns":2.0},{"damage":39.0,"enemies":"Collector","floor":33.0,"turns":8.0},{"damage":0.0,"enemies":"3 Shapes","floor":35.0,"turns":7.0},{"damage":33.0,"enemies":"2 Orb Walkers","floor":36.0,"turns":4.0},{"damage":16.0,"enemies":"3 Darklings","floor":39.0,"turns":14.0},{"damage":18.0,"enemies":"Reptomancer","floor":41.0,"turns":6.0},{"damage":8.0,"enemies":"Writhing Mass","floor":42.0,"turns":6.0},{"damage":3.0,"enemies":"Maw","floor":45.0,"turns":8.0},{"damage":67,"enemies":"Transient","floor":48,"turns":6},{"damage":17,"enemies":"Time Eater","floor":50,"turns":13}],"seed_played":"-84085443141341423","potions_obtained":[{"floor":1.0,"key":"SpeedPotion"},{"floor":4.0,"key":"Energy Potion"},{"floor":11.0,"key":"Block Potion"},{"floor":13.0,"key":"EntropicBrew"},{"floor":18.0,"key":"Explosive Potion"},{"floor":30.0,"key":"LiquidBronze"},{"floor":33.0,"key":"AttackPotion"},{"floor":36.0,"key":"SpeedPotion"},{"floor":39.0,"key":"GhostInAJar"}],"is_trial":false,"path_per_floor":["M","?","M","M","?","E","R","E","T","R","E","R","M","T","R","B",null,"M","?","$","?","?","R","E","R","T","R","T","$","M","M","R","B",null,"M","?","?","$","M","R","E","M","T","R","M","$","?","M","R","B",null],"character_chosen":"THE_SILENT","items_purchased":["Deflect","Deadly Poison","Leg Sweep","Noxious Fumes","Lee\u0027s Waffle"],"campfire_rested":4,"item_purchase_floors":[20,29,38,38,46],"current_hp_per_floor":[59,59,59,59,59,22,40,31,31,31,37,37,49,49,49,48,68,50,50,50,50,50,50,34,34,34,56,56,56,56,53,53,26,62,62,41,41,41,37,59,41,45,45,45,42,81,81,26,50,45],"gold":67,"neow_bonus":"THREE_ENEMY_KILL","is_prod":false,"is_daily":false,"chose_seed":false,"campfire_upgraded":7,"win_rate":0,"timestamp":1563273767,"path_taken":["M","?","?","M","?","E","R","E","T","R","E","R","M","?","R","BOSS","M","?","$","?","?","R","E","R","T","R","?","$","M","?","R","BOSS","M","?","?","$","M","R","E","M","T","R","M","?","?","?","R","BOSS"],"build_version":"2019-07-05","purchased_purges":3,"victory":true,"max_hp_per_floor":[66,66,66,66,60,60,60,60,60,60,74,74,74,74,74,74,74,74,74,74,74,74,74,74,74,74,74,74,74,74,74,74,74,74,74,74,74,74,74,74,74,74,74,74,74,81,81,81,81,81],"card_choices":[{"not_picked":["Terror","Skewer"],"picked":"Bouncing Flask","floor":1.0},{"not_picked":["Cloak And Dagger","Flying Knee"],"picked":"Backstab","floor":3.0},{"not_picked":["Sucker Punch","Blade Dance"],"picked":"PiercingWail","floor":4.0},{"not_picked":["Concentrate","Caltrops"],"picked":"Die Die Die","floor":6.0},{"not_picked":["Deflect","Heel Hook"],"picked":"Riddle With Holes","floor":8.0},{"not_picked":["Leg Sweep","Tactician"],"picked":"Footwork","floor":11.0},{"not_picked":["Dagger Throw","Sucker Punch","Prepared"],"picked":"SKIP","floor":13.0},{"not_picked":["Cloak And Dagger","Outmaneuver"],"picked":"Deadly Poison","floor":18.0},{"not_picked":["Riddle With Holes","Escape Plan"],"picked":"Terror+1","floor":24.0},{"not_picked":["Heel Hook","Eviscerate"],"picked":"Outmaneuver","floor":27.0},{"not_picked":["Outmaneuver","Poisoned Stab"],"picked":"Acrobatics","floor":30.0},{"not_picked":["Flying Knee","Phantasmal Killer"],"picked":"Deadly Poison+1","floor":31.0},{"not_picked":["Doppelganger","Night Terror"],"picked":"Grand Finale","floor":33.0},{"not_picked":["Caltrops","Outmaneuver"],"picked":"Leg Sweep","floor":35.0},{"not_picked":["Blade Dance+1","Dagger Throw"],"picked":"Prepared","floor":39.0},{"not_picked":["Unload","Calculated Gamble"],"picked":"Flechettes","floor":40.0},{"not_picked":["Deadly Poison","Doppelganger"],"picked":"Bouncing Flask","floor":41.0},{"not_picked":["Dagger Throw","Slice","PiercingWail"],"picked":"SKIP","floor":42.0},{"not_picked":["Endless Agony","Leg Sweep"],"picked":"Noxious Fumes+1","floor":45.0},{"not_picked":["Panache","PanicButton"],"picked":"Apotheosis","floor":47.0},{"not_picked":["Setup","Deflect"],"picked":"Dodge and Roll+1","floor":48},{"not_picked":["Well Laid Plans","Dagger Spray"],"picked":"Backstab","floor":49}],"player_experience":1543209,"relics_obtained":[{"floor":2.0,"key":"Bronze Scales"},{"floor":6.0,"key":"Meat on the Bone"},{"floor":8.0,"key":"Bag of Marbles"},{"floor":9.0,"key":"Centennial Puzzle"},{"floor":11.0,"key":"Mango"},{"floor":14.0,"key":"Pen Nib"},{"floor":19.0,"key":"Red Mask"},{"floor":24.0,"key":"Happy Flower"},{"floor":26.0,"key":"Dream Catcher"},{"floor":28.0,"key":"Sundial"},{"floor":36.0,"key":"Calipers"},{"floor":41.0,"key":"Lantern"},{"floor":43.0,"key":"War Paint"}],"event_choices":[{"damage_healed":0.0,"max_hp_gain":0.0,"max_hp_loss":0.0,"gold_gain":0.0,"event_name":"Wheel of Change","player_choice":"Relic","floor":2.0,"gold_loss":0.0,"damage_taken":0.0},{"damage_healed":0.0,"max_hp_gain":0.0,"max_hp_loss":6.0,"gold_gain":0.0,"event_name":"Golden Idol","player_choice":"Lose Max HP","floor":5.0,"gold_loss":0.0,"damage_taken":0.0,"relics_obtained":["Golden Idol"]},{"damage_healed":0.0,"max_hp_gain":0.0,"max_hp_loss":0.0,"gold_gain":0.0,"event_name":"Masked Bandits","player_choice":"Fought Bandits","floor":19.0,"gold_loss":0.0,"damage_taken":0.0},{"damage_healed":0.0,"max_hp_gain":0.0,"max_hp_loss":0.0,"gold_gain":0.0,"event_name":"Vampires","player_choice":"Ignored","floor":21.0,"gold_loss":0.0,"damage_taken":0.0},{"damage_healed":0.0,"max_hp_gain":0.0,"max_hp_loss":0.0,"gold_gain":0.0,"event_name":"The Mausoleum","player_choice":"Ignored","floor":22.0,"gold_loss":0.0,"damage_taken":0.0},{"damage_healed":0.0,"max_hp_gain":0.0,"max_hp_loss":0.0,"gold_gain":0.0,"event_name":"Mysterious Sphere","player_choice":"Fight","floor":36.0,"gold_loss":0.0,"damage_taken":0.0},{"cards_removed":["Neutralize"],"damage_healed":0.0,"max_hp_gain":0.0,"max_hp_loss":0.0,"gold_gain":0.0,"event_name":"Falling","player_choice":"Removed Attack","floor":37.0,"gold_loss":0.0,"damage_taken":0.0},{"damage_healed":0.0,"max_hp_gain":0.0,"max_hp_loss":0.0,"gold_gain":0.0,"event_name":"SensoryStone","player_choice":"Memory 1","floor":47.0,"gold_loss":0.0,"damage_taken":0.0}],"is_beta":false,"boss_relics":[{"not_picked":["Orrery","Pandora\u0027s Box"],"picked":"Runic Pyramid"},{"not_picked":["Coffee Dripper","Fusion Hammer"],"picked":"HoveringKite"}],"items_purged_floors":[20,29,38],"is_endless":false,"potions_floor_spawned":[1,4,11,13,18,30,33,36,39],"ascension_level":18}