{"path_per_floor":["M","?","?","?","M","R","M","M","T","M","M","M","$","M","R","B",null,"M","?","M","M","M","E","T","?","T","?","?","M","R","M","R","B",null,"M","$","M","?","M","R","E","M","T","E","R","$","R","M","R","B"],"character_chosen":"THE_SILENT","items_purchased":["Lantern","Deep Breath","Infinite Blades","Panache","Apotheosis","Cloak And Dagger"],"gold_per_floor":[114,189,260,260,275,275,290,305,305,320,335,350,88,103,103,203,203,218,218,233,248,263,293,368,368,393,393,393,408,408,423,423,523,523,538,90,105,0,15,15,45,60,60,90,90,2,2,17,17,17],"floor_reached":51,"campfire_rested":2,"playtime":3586,"current_hp_per_floor":[70,59,59,59,59,59,59,59,59,59,59,59,59,59,59,49,70,70,57,57,57,52,29,29,29,29,29,13,13,24,26,37,36,39,39,39,36,36,36,36,38,38,38,35,35,35,35,37,37,37],"items_purged":["Dodge and Roll","Malaise","Poisoned Stab"],"gold":17,"score":849,"play_id":"ecb22554-2ea7-4aea-beca-44e895b9048b","local_time":"20180406183051","daily_mods":["Draft","Time Dilation","Lethality"],"is_prod":false,"is_daily":true,"is_ascension_mode":false,"campfire_upgraded":6,"timestamp":1523064651,"path_taken":["M","?","?","?","M","R","M","?","T","M","M","?","$","?","R","BOSS","M","?","?","M","M","E","?","?","T","?","?","M","R","M","R","BOSS","M","$","M","?","?","R","E","M","T","E","R","?","R","?","R","BOSS"],"build_version":"2018-04-05","purchased_purges":3,"victory":true,"master_deck":["PiercingWail","Cloak And Dagger+1","Deflect","Backflip","Backstab","Backflip","Blade Dance","Dagger Spray","Cloak And Dagger+1","Footwork","Noxious Fumes+1","Quick Slash","Slice","PiercingWail","Deep Breath+1","Endless Agony","After Image+1","Endless Agony","PiercingWail","Noxious Fumes+1","Outmaneuver+1","Ghostly","Ghostly","Ghostly","Ghostly","Ghostly","Skewer","Burst","Accuracy+1","Infinite Blades+1","Panache","Apotheosis+1","Flying Knee+1","Setup+1","A Thousand Cuts","Escape Plan","Cloak And Dagger"],"max_hp_per_floor":[70,70,70,70,70,70,70,70,70,70,70,70,70,70,70,70,70,70,75,75,75,75,75,75,37,37,37,37,37,37,39,39,39,39,39,39,39,39,39,39,41,41,41,41,41,41,41,43,43,43],"relics":["Ring of the Snake","The Courier","Lantern","Black Star","Bag of Preparation","Art of War","Shuriken","Singing Bowl","Nilry\u0027s Codex","Sozu","Red Mask","Smiling Mask","Letter Opener","Dead Branch","Darkstone Periapt","Ornamental Fan"],"card_choices":[{"not_picked":["Dagger Throw","Slice"],"picked":"PiercingWail","floor":0},{"not_picked":["Quick Slash","Distraction"],"picked":"Cloak And Dagger","floor":0},{"not_picked":["Dodge and Roll","Dagger Throw"],"picked":"Deflect","floor":0},{"not_picked":["Predator","Prepared"],"picked":"Backflip","floor":0},{"not_picked":["Expertise","Deflect"],"picked":"Backstab","floor":0},{"not_picked":["Prepared","Poisoned Stab"],"picked":"Backflip","floor":0},{"not_picked":["Acrobatics","Bane"],"picked":"Dodge and Roll","floor":0},{"not_picked":["Deflect","Bane"],"picked":"Poisoned Stab","floor":0},{"not_picked":["Underhanded Strike","Sucker Punch"],"picked":"Blade Dance","floor":0},{"not_picked":["Sucker Punch","Bane"],"picked":"Malaise","floor":0},{"not_picked":["Predator","Prepared"],"picked":"Dagger Spray","floor":0},{"not_picked":["Quick Slash","Accuracy"],"picked":"Cloak And Dagger","floor":0},{"not_picked":["Backflip","Dodge and Roll"],"picked":"Footwork","floor":0},{"not_picked":["Blur","Predator"],"picked":"Noxious Fumes","floor":0},{"not_picked":["Bouncing Flask","Poisoned Stab"],"picked":"Quick Slash","floor":0},{"not_picked":["Outmaneuver","Setup"],"picked":"Slice","floor":1},{"not_picked":["Dash","Well Laid Plans"],"picked":"PiercingWail","floor":5},{"not_picked":["Flying Knee","Sucker Punch"],"picked":"Endless Agony","floor":14},{"not_picked":["Doppelganger","Grand Finale"],"picked":"After Image","floor":16},{"not_picked":["Caltrops","Deflect"],"picked":"Endless Agony","floor":18},{"not_picked":["Blade Dance","Poisoned Stab"],"picked":"PiercingWail","floor":20},{"not_picked":["Flying Knee","Crippling Poison"],"picked":"Noxious Fumes","floor":21},{"not_picked":["Setup","Footwork"],"picked":"Outmaneuver","floor":23},{"not_picked":["Sucker Punch","Predator"],"picked":"Skewer","floor":29},{"not_picked":["Corpse Explosion","Bullet Time"],"picked":"Burst","floor":33},{"not_picked":["Sucker Punch","Poisoned Stab"],"picked":"Accuracy","floor":35},{"not_picked":["Distraction","Outmaneuver"],"picked":"Flying Knee","floor":37},{"not_picked":["Bane","Outmaneuver"],"picked":"Setup","floor":39},{"not_picked":["Expertise","Poisoned Stab"],"picked":"A Thousand Cuts","floor":42},{"not_picked":["Crippling Poison","Malaise"],"picked":"Escape Plan","floor":44}],"player_experience":423054,"potions_floor_usage":[16,16,18,21,42,50],"damage_taken":[{"damage":0,"enemies":"Jaw Worm","floor":1,"turns":1},{"damage":0,"enemies":"Small Slimes","floor":5,"turns":1},{"damage":0,"enemies":"Cultist","floor":7,"turns":1},{"damage":0,"enemies":"Looter","floor":8,"turns":1},{"damage":0,"enemies":"3 Louse","floor":10,"turns":1},{"damage":0,"enemies":"Exordium Wildlife","floor":11,"turns":1},{"damage":0,"enemies":"Blue Slaver","floor":12,"turns":1},{"damage":0,"enemies":"Gremlin Gang","floor":14,"turns":1},{"damage":10,"enemies":"Hexaghost","floor":16,"turns":5},{"damage":0,"enemies":"Chosen","floor":18,"turns":2},{"damage":0,"enemies":"2 Thieves","floor":20,"turns":2},{"damage":0,"enemies":"Cultist and Chosen","floor":21,"turns":3},{"damage":5,"enemies":"Sentry and Sphere","floor":22,"turns":5},{"damage":23,"enemies":"Gremlin Leader","floor":23,"turns":4},{"damage":0,"enemies":"3 Cultists","floor":29,"turns":2},{"damage":0,"enemies":"Centurion and Healer","floor":31,"turns":3},{"damage":1,"enemies":"Champ","floor":33,"turns":7},{"damage":0,"enemies":"Flame Bruiser 1 Orb","floor":35,"turns":2},{"damage":3,"enemies":"3 Shapes","floor":37,"turns":2},{"damage":0,"enemies":"3 Darklings","floor":39,"turns":2},{"damage":0,"enemies":"Giant Head","floor":41,"turns":4},{"damage":0,"enemies":"Spire Growth","floor":42,"turns":2},{"damage":3,"enemies":"Nemesis","floor":44,"turns":3},{"damage":0,"enemies":"Flame Bruiser 2 Orb","floor":48,"turns":1},{"damage":0,"enemies":"Time Eater","floor":50,"turns":7}],"event_choices":[{"event_name":"World of Goop","player_choice":"Gather Gold","floor":2,"damage_taken":0},{"event_name":"Golden Wing","player_choice":"Gained Gold","floor":3,"damage_taken":0},{"event_name":"Living Wall","player_choice":"Grow","floor":4,"damage_taken":0},{"event_name":"Forgotten Altar","player_choice":"Shed Blood","floor":19,"damage_taken":0},{"event_name":"Ghosts","player_choice":"Became a Ghost","floor":25,"damage_taken":0},{"event_name":"Upgrade Shrine","player_choice":"Upgraded","floor":27,"damage_taken":0},{"event_name":"Cursed Tome","player_choice":"Obtained Book","floor":28,"damage_taken":0},{"event_name":"Tomb of Lord Red Mask","player_choice":"Paid","floor":38,"damage_taken":0}],"boss_relics":[{"not_picked":["Tiny House","Velvet Choker"],"picked":"Black Star"},{"not_picked":["Pandora\u0027s Box","Calling Bell"],"picked":"Sozu"}],"potions_floor_spawned":[5,8,14,16,23,31,33,39,41,44],"seed_played":"-5696622492260265423","ascension_level":0,"is_trial":false}