{"gold_per_floor":[114,114,114,129,144,174,24,54,104,104,104,104,84,114,114,214,214,229,244,269,269,284,314,314,329,404,404,434,434,464,479,479,579,579,594,594,609,624,639,669,669,699,724,94,124,4,4,34,34,34],"floor_reached":51,"playtime":4299,"items_purged":["Pain"],"score":939,"play_id":"45c74c4d-ed97-4eed-8c02-87ca6c70db1b","local_time":"20190803221121","daily_mods":["Allstar","ControlledChaos","Elite Swarm"],"is_ascension_mode":false,"campfire_choices":[{"data":"1","floor":10,"key":"LIFT"},{"data":"2","floor":12,"key":"LIFT"},{"floor":15,"key":"REST"},{"data":"3","floor":24,"key":"LIFT"},{"data":"Mayhem","floor":27,"key":"SMITH"},{"data":"Adrenaline","floor":29,"key":"SMITH"},{"floor":32,"key":"REST"},{"floor":41,"key":"REST"},{"floor":49,"key":"REST"}],"neow_cost":"","seed_source_timestamp":0,"circlet_count":0,"master_deck":["Strike_G","Strike_G","Strike_G","Strike_G","Defend_G","Defend_G","Defend_G","Defend_G","Defend_G","Survivor","Neutralize","Mayhem+1","Secret Weapon","Good Instincts","Secret Weapon","Madness","All Out Attack","PiercingWail","Adrenaline+1","Tools of the Trade","Glass Knife","Envenom","Quick Slash","Sucker Punch+1","Venomology","PiercingWail+1","Envenom","Decay","Shame","Poisoned Stab+1","Parasite","Noxious Fumes+1","Decay"],"special_seed":18112,"relics":["Ring of the Snake","Frozen Eye","Lantern","Girya","Bird Faced Urn","Boot","Regal Pillow","PreservedInsect","Smiling Mask","Lizard Tail","Happy Flower","The Courier","Mummified Hand","Unceasing Top","Art of War","Calling Bell","Strawberry","Mercury Hourglass","Torii","Ancient Tea Set","Singing Bowl","Juzu Bracelet","Membership Card","Blood Vial","Ornamental Fan","Anchor","Ninja Scroll","Bottled Flame","Du-Vu Doll","Turnip","Bottled Tornado"],"potions_floor_usage":[14,18,22,23,31,33,33,33,38,38,38,40,40,42,45,45,48,50,50],"damage_taken":[{"damage":0,"enemies":"Small Slimes","floor":1,"turns":4},{"damage":0,"enemies":"Jaw Worm","floor":4,"turns":2},{"damage":0,"enemies":"Cultist","floor":5,"turns":4},{"damage":15,"enemies":"Gremlin Nob","floor":6,"turns":5},{"damage":13,"enemies":"Lagavulin","floor":8,"turns":7},{"damage":4,"enemies":"3 Sentries","floor":14,"turns":3},{"damage":28,"enemies":"The Guardian","floor":16,"turns":9},{"damage":14,"enemies":"Spheric Guardian","floor":18,"turns":5},{"damage":1,"enemies":"Chosen","floor":19,"turns":4},{"damage":5,"enemies":"Centurion and Healer","floor":22,"turns":5},{"damage":3,"enemies":"Book of Stabbing","floor":23,"turns":3},{"damage":7,"enemies":"Shelled Parasite and Fungi","floor":25,"turns":4},{"damage":0,"enemies":"Gremlin Leader","floor":28,"turns":4},{"damage":6,"enemies":"Slavers","floor":30,"turns":3},{"damage":27,"enemies":"Snake Plant","floor":31,"turns":3},{"damage":70,"enemies":"Automaton","floor":33,"turns":7},{"damage":1,"enemies":"3 Shapes","floor":35,"turns":6},{"damage":17,"enemies":"3 Darklings","floor":37,"turns":4},{"damage":11,"enemies":"Writhing Mass","floor":38,"turns":6},{"damage":6,"enemies":"4 Shapes","floor":39,"turns":5},{"damage":101,"enemies":"Reptomancer","floor":40,"turns":4},{"damage":42,"enemies":"Giant Head","floor":42,"turns":7},{"damage":0,"enemies":"Reptomancer","floor":45,"turns":5},{"damage":0,"enemies":"Nemesis","floor":48,"turns":4},{"damage":23,"enemies":"Donu and Deca","floor":50,"turns":6}],"seed_played":"9148506363950540452","potions_obtained":[{"floor":6,"key":"Explosive Potion"},{"floor":8,"key":"SmokeBomb"},{"floor":13,"key":"Swift Potion"},{"floor":16,"key":"Explosive Potion"},{"floor":19,"key":"Dexterity Potion"},{"floor":22,"key":"PowerPotion"},{"floor":25,"key":"Swift Potion"},{"floor":30,"key":"SteroidPotion"},{"floor":31,"key":"Strength Potion"},{"floor":35,"key":"Swift Potion"},{"floor":39,"key":"Regen Potion"},{"floor":45,"key":"Strength Potion"},{"floor":48,"key":"Energy Potion"}],"is_trial":false,"path_per_floor":["M","?","T","M","M","E","$","E","T","R","?","R","?","E","R","B",null,"M","M","T","?","M","E","R","M","T","R","E","R","E","M","R","B",null,"M","?","M","M","M","E","R","E","T","$","E","$","?","E","R","B",null],"character_chosen":"THE_SILENT","items_purchased":["Boot","Membership Card","Blood Vial","Ornamental Fan","Anchor","Ninja Scroll","Bottled Flame","Turnip"],"campfire_rested":4,"item_purchase_floors":[7,44,44,44,44,44,44,46],"current_hp_per_floor":[70,58,58,58,58,43,43,32,32,32,37,37,37,33,70,55,75,61,64,64,64,63,64,64,61,61,61,67,67,65,40,75,13,82,82,82,65,62,58,26,65,41,41,41,51,51,51,61,88,75],"gold":34,"neow_bonus":"","is_prod":false,"is_daily":true,"chose_seed":false,"campfire_upgraded":2,"win_rate":0,"timestamp":1564884681,"path_taken":["M","?","?","?","M","E","$","E","T","R","?","R","?","E","R","BOSS","M","?","?","?","M","E","R","M","T","R","E","R","E","?","R","BOSS","M","?","?","M","?","E","R","E","T","$","E","$","?","E","R","BOSS"],"build_version":"2019-07-17","purchased_purges":1,"victory":true,"max_hp_per_floor":[70,70,70,70,70,70,70,70,70,70,75,75,75,75,75,75,75,75,75,75,75,75,75,75,75,75,75,75,75,75,75,75,75,82,82,82,82,82,82,82,82,84,84,84,86,86,86,88,88,88],"card_choices":[{"not_picked":["Acrobatics","Deflect"],"picked":"All Out Attack","floor":1},{"not_picked":["Underhanded Strike","Dagger Spray"],"picked":"PiercingWail","floor":4},{"not_picked":["Cloak And Dagger","Blade Dance","Underhanded Strike"],"picked":"SKIP","floor":5},{"not_picked":["A Thousand Cuts","Die Die Die"],"picked":"Adrenaline","floor":6},{"not_picked":["Bullet Time","Phantasmal Killer"],"picked":"Tools of the Trade","floor":8},{"not_picked":["Tools of the Trade","Burst"],"picked":"Glass Knife","floor":14},{"not_picked":["Adrenaline","A Thousand Cuts"],"picked":"Envenom","floor":16},{"not_picked":["Flying Knee+1","Prepared","Deflect"],"picked":"SKIP","floor":18},{"not_picked":["Outmaneuver","Underhanded Strike","Accuracy"],"picked":"SKIP","floor":19},{"not_picked":["Corpse Explosion","Flying Knee"],"picked":"Quick Slash","floor":22},{"not_picked":["Grand Finale","Corpse Explosion","Phantasmal Killer"],"picked":"SKIP","floor":23},{"not_picked":["Dodge and Roll+1","PiercingWail"],"picked":"Sucker Punch+1","floor":25},{"not_picked":["Bullet Time","Doppelganger","Burst"],"picked":"SKIP","floor":28},{"not_picked":["Bullet Time","Storm of Steel"],"picked":"Venomology","floor":30},{"not_picked":["Deflect","Backstab"],"picked":"PiercingWail+1","floor":31},{"not_picked":["Grand Finale","Doppelganger"],"picked":"Envenom","floor":33},{"not_picked":["Quick Slash+1","Prepared"],"picked":"Poisoned Stab+1","floor":35},{"not_picked":["Expertise+1","Distraction","Flying Knee+1"],"picked":"SKIP","floor":37},{"not_picked":["Dagger Spray","Slice","Terror"],"picked":"SKIP","floor":38},{"not_picked":["Terror","Dodge and Roll+1"],"picked":"Noxious Fumes+1","floor":39},{"not_picked":["Burst","Tools of the Trade","Bullet Time"],"picked":"SKIP","floor":40},{"not_picked":["Adrenaline","After Image","A Thousand Cuts"],"picked":"Singing Bowl","floor":42},{"not_picked":["Adrenaline","Unload","After Image"],"picked":"Singing Bowl","floor":45},{"not_picked":["Grand Finale","Phantasmal Killer","A Thousand Cuts"],"picked":"Singing Bowl","floor":48}],"player_experience":165650,"relics_obtained":[{"floor":3,"key":"Girya"},{"floor":6,"key":"Bird Faced Urn"},{"floor":8,"key":"Regal Pillow"},{"floor":9,"key":"PreservedInsect"},{"floor":14,"key":"Smiling Mask"},{"floor":20,"key":"Happy Flower"},{"floor":23,"key":"The Courier"},{"floor":26,"key":"Mummified Hand"},{"floor":28,"key":"Unceasing Top"},{"floor":30,"key":"Art of War"},{"floor":34,"key":"Strawberry"},{"floor":34,"key":"Mercury Hourglass"},{"floor":34,"key":"Torii"},{"floor":40,"key":"Ancient Tea Set"},{"floor":42,"key":"Singing Bowl"},{"floor":43,"key":"Juzu Bracelet"},{"floor":45,"key":"Du-Vu Doll"},{"floor":48,"key":"Bottled Tornado"}],"event_choices":[{"damage_healed":0,"gold_gain":0,"player_choice":"Success","damage_taken":12,"relics_obtained":["Lantern"],"max_hp_gain":0,"max_hp_loss":0,"event_name":"Scrap Ooze","floor":2,"gold_loss":0},{"damage_healed":0,"gold_gain":0,"player_choice":"Donut","damage_taken":0,"max_hp_gain":5,"max_hp_loss":0,"event_name":"Big Fish","floor":11,"gold_loss":0},{"damage_healed":0,"gold_gain":0,"player_choice":"Bought 1 Potion","damage_taken":0,"max_hp_gain":0,"max_hp_loss":0,"event_name":"The Woman in Blue","floor":13,"gold_loss":0},{"cards_removed":["Strike_G"],"damage_healed":0,"gold_gain":0,"player_choice":"Purged","damage_taken":0,"max_hp_gain":0,"max_hp_loss":0,"event_name":"Purifier","floor":21,"gold_loss":0},{"damage_healed":0,"gold_gain":0,"cards_transformed":["Normality"],"player_choice":"Transformed","damage_taken":0,"max_hp_gain":0,"max_hp_loss":0,"event_name":"Transmorgrifier","floor":36,"gold_loss":0,"cards_obtained":["Pain"]},{"damage_healed":0,"gold_gain":0,"player_choice":"Cursed","damage_taken":0,"max_hp_gain":0,"max_hp_loss":0,"event_name":"Wheel of Change","floor":47,"gold_loss":0,"cards_obtained":["Decay"]}],"is_beta":false,"boss_relics":[{"not_picked":["HoveringKite","Orrery"],"picked":"Lizard Tail"},{"not_picked":["Sozu","Pandora\u0027s Box"],"picked":"Calling Bell"}],"items_purged_floors":[44],"is_endless":false,"potions_floor_spawned":[6,8,16,19,22,25,30,31,35,39,45,48],"ascension_level":0}