{"gold_per_floor":[117,130,55,66,66,98,161,196,243,243,259,259,259,269,269,370,370,382,401,47,67,84,119,119,119,119,14,43,55,70,87,87,187,187,202,79,95,113,126,126,151,151,151,26,26,40,53,53,53,53],"floor_reached":50,"playtime":2885,"items_purged":["Strike_B","Pain","Gash"],"score":604,"play_id":"486bb0a0-efa7-4daf-950a-5365ee6c22c3","local_time":"20190914175652","is_ascension_mode":true,"campfire_choices":[{"floor":10,"key":"REST"},{"floor":13,"key":"REST"},{"data":"Sunder","floor":15,"key":"SMITH"},{"data":"Machine Learning","floor":24,"key":"SMITH"},{"floor":32,"key":"DIG"},{"floor":40,"key":"DIG"},{"floor":42,"key":"DIG"},{"floor":45,"key":"REST"},{"floor":49,"key":"RECALL"}],"neow_cost":"NONE","seed_source_timestamp":251329438959721,"circlet_count":0,"master_deck":["Strike_B","Strike_B","Strike_B","Defend_B","Defend_B","Defend_B","Defend_B","Zap+1","Dualcast","Sunder+1","Seek+1","Auto Shields","Steam+1","BootSequence","Self Repair","Machine Learning+1","Genetic Algorithm","Ball Lightning","Conserve Battery+1","Self Repair+1","Electrodynamics","Ball Lightning+1","Amplify"],"relics":["Cracked Core","PreservedInsect","Mercury Hourglass","Omamori","Mummified Hand","Anchor","Calling Bell","War Paint","Matryoshka","Thread and Needle","Singing Bowl","Lantern","Oddly Smooth Stone","Shovel","Pen Nib","Molten Egg 2","Inserter","Tiny Chest","Blue Candle","Bronze Scales","Bottled Lightning","Regal Pillow","Pantograph"],"potions_floor_usage":[8,11,19,28,33,33,46,50],"damage_taken":[{"damage":6,"enemies":"Cultist","floor":1,"turns":3},{"damage":1,"enemies":"Jaw Worm","floor":2,"turns":3},{"damage":10,"enemies":"Small Slimes","floor":4,"turns":3},{"damage":26,"enemies":"3 Sentries","floor":6,"turns":7},{"damage":24,"enemies":"Lagavulin Event","floor":7,"turns":4},{"damage":2,"enemies":"Lagavulin","floor":8,"turns":4},{"damage":0,"enemies":"Exordium Thugs","floor":11,"turns":3},{"damage":0,"enemies":"Looter","floor":14,"turns":2},{"damage":20,"enemies":"The Guardian","floor":16,"turns":11},{"damage":17,"enemies":"Spheric Guardian","floor":18,"turns":5},{"damage":3,"enemies":"3 Byrds","floor":19,"turns":3},{"damage":6,"enemies":"Snake Plant","floor":21,"turns":3},{"damage":14,"enemies":"Centurion and Healer","floor":22,"turns":4},{"damage":4,"enemies":"Book of Stabbing","floor":23,"turns":4},{"damage":0,"enemies":"Gremlin Leader","floor":28,"turns":6},{"damage":0,"enemies":"Snecko","floor":29,"turns":5},{"damage":0,"enemies":"Sentry and Sphere","floor":30,"turns":4},{"damage":0,"enemies":"Chosen and Byrds","floor":31,"turns":5},{"damage":25,"enemies":"Collector","floor":33,"turns":10},{"damage":0,"enemies":"Orb Walker","floor":35,"turns":4},{"damage":0,"enemies":"3 Shapes","floor":37,"turns":4},{"damage":4,"enemies":"Sphere and 2 Shapes","floor":38,"turns":4},{"damage":30,"enemies":"Transient","floor":39,"turns":5},{"damage":65,"enemies":"Reptomancer","floor":41,"turns":8},{"damage":33,"enemies":"Maw","floor":46,"turns":7},{"damage":0,"enemies":"3 Darklings","floor":47,"turns":2},{"damage":109,"enemies":"Time Eater","floor":50,"turns":11}],"seed_played":"-4232984324890316379","potions_obtained":[{"floor":7,"key":"Poison Potion"},{"floor":8,"key":"AttackPotion"},{"floor":11,"key":"Dexterity Potion"},{"floor":16,"key":"Explosive Potion"},{"floor":21,"key":"SpeedPotion"},{"floor":23,"key":"Dexterity Potion"},{"floor":28,"key":"Block Potion"},{"floor":30,"key":"FocusPotion"},{"floor":33,"key":"PowerPotion"},{"floor":37,"key":"Strength Potion"},{"floor":46,"key":"SteroidPotion"}],"is_trial":false,"path_per_floor":["M","M","$","M","?","E","?","E","T","R","M","?","R","M","R","B",null,"M","M","$","M","M","E","R","$","T","$","E","M","M","M","R","B",null,"M","$","M","M","M","R","E","R","T","$","R","M","M","?","R","B"],"character_chosen":"DEFECT","items_purchased":["Singing Bowl","Fruit Juice","Tiny Chest"],"campfire_rested":3,"item_purchase_floors":[20,27,36],"current_hp_per_floor":[69,68,68,58,58,32,8,6,6,28,28,28,50,50,50,37,75,58,62,62,65,51,54,54,54,54,54,78,86,88,90,90,82,90,92,92,94,96,85,85,37,37,37,37,81,65,77,77,77,0],"gold":53,"neow_bonus":"RANDOM_COMMON_RELIC","is_prod":false,"is_daily":false,"chose_seed":false,"campfire_upgraded":2,"win_rate":0,"timestamp":1568498212,"path_taken":["M","M","?","M","?","E","?","E","T","R","?","?","R","M","R","BOSS","M","M","$","M","M","E","R","?","T","?","E","M","?","M","R","BOSS","M","$","M","M","M","R","E","R","T","$","R","M","M","?","R","BOSS"],"build_version":"2019-07-17","purchased_purges":3,"victory":false,"max_hp_per_floor":[75,75,75,75,75,75,75,75,75,75,75,75,75,75,75,75,75,75,75,75,77,77,77,77,77,77,77,84,86,88,90,90,90,90,92,92,94,96,98,98,98,98,98,98,98,98,100,100,100,100],"card_choices":[{"not_picked":["Barrage","BootSequence"],"picked":"Sunder","floor":1},{"not_picked":["Consume","Rebound"],"picked":"Gash","floor":2},{"not_picked":["Sweeping Beam","Compile Driver"],"picked":"Seek","floor":4},{"not_picked":["Barrage","Sunder","Hologram"],"picked":"SKIP","floor":6},{"not_picked":["White Noise","Hologram"],"picked":"Auto Shields","floor":7},{"not_picked":["Heatsinks","Turbo"],"picked":"Steam","floor":8},{"not_picked":["Darkness","Storm"],"picked":"BootSequence","floor":11},{"not_picked":["Tempest","Barrage"],"picked":"Self Repair","floor":14},{"not_picked":["Fission","All For One"],"picked":"Machine Learning","floor":16},{"not_picked":["Rebound","Streamline"],"picked":"Genetic Algorithm","floor":18},{"not_picked":["Reprogram+1","Sunder"],"picked":"Ball Lightning","floor":19},{"not_picked":["Reinforced Body+1","Barrage+1","Rip and Tear"],"picked":"Singing Bowl","floor":21},{"not_picked":["Recycle","Sweeping Beam+1"],"picked":"Conserve Battery+1","floor":22},{"not_picked":["Storm","Force Field"],"picked":"Self Repair+1","floor":23},{"not_picked":["Hyperbeam","Redo","FTL"],"picked":"Singing Bowl","floor":28},{"not_picked":["Beam Cell","Hologram","Stack"],"picked":"Singing Bowl","floor":29},{"not_picked":["Hologram","Hyperbeam","Sweeping Beam+1"],"picked":"Singing Bowl","floor":30},{"not_picked":["Stack","Conserve Battery","Leap"],"picked":"Singing Bowl","floor":31},{"not_picked":["Hyperbeam+1","Buffer"],"picked":"Electrodynamics","floor":33},{"not_picked":["Rebound+1","Reprogram+1","Genetic Algorithm+1"],"picked":"Singing Bowl","floor":35},{"not_picked":["Barrage+1","Beam Cell+1","Hologram+1"],"picked":"Singing Bowl","floor":37},{"not_picked":["Lockon+1","Leap+1","Steam"],"picked":"Singing Bowl","floor":38},{"not_picked":["Static Discharge+1","Go for the Eyes+1","Conserve Battery+1"],"picked":"Singing Bowl","floor":39},{"not_picked":["Steam Power+1","Leap"],"picked":"Ball Lightning+1","floor":41},{"not_picked":["Sweeping Beam+1","Go for the Eyes+1"],"picked":"Amplify","floor":46},{"not_picked":["Go for the Eyes+1","Redo+1","Chill+1"],"picked":"Singing Bowl","floor":47}],"player_experience":197327,"relics_obtained":[{"floor":6,"key":"Mercury Hourglass"},{"floor":7,"key":"Omamori"},{"floor":8,"key":"Mummified Hand"},{"floor":17,"key":"War Paint"},{"floor":17,"key":"Matryoshka"},{"floor":17,"key":"Thread and Needle"},{"floor":23,"key":"Lantern"},{"floor":26,"key":"Oddly Smooth Stone"},{"floor":26,"key":"Shovel"},{"floor":28,"key":"Pen Nib"},{"floor":32,"key":"Molten Egg 2"},{"floor":40,"key":"Blue Candle"},{"floor":41,"key":"Bronze Scales"},{"floor":42,"key":"Bottled Lightning"},{"floor":43,"key":"Regal Pillow"},{"floor":43,"key":"Pantograph"}],"event_choices":[{"damage_healed":0,"gold_gain":0,"player_choice":"Grow","damage_taken":0,"max_hp_gain":0,"max_hp_loss":0,"event_name":"Living Wall","floor":5,"gold_loss":0,"cards_upgraded":["Zap"]},{"damage_healed":0,"gold_gain":0,"player_choice":"Searched \u00271\u0027 times","damage_taken":0,"max_hp_gain":0,"max_hp_loss":0,"event_name":"Dead Adventurer","floor":7,"gold_loss":0},{"damage_healed":0,"gold_gain":0,"player_choice":"Gave Potion","damage_taken":0,"relics_obtained":["Anchor"],"max_hp_gain":0,"max_hp_loss":0,"event_name":"WeMeetAgain","floor":12,"gold_loss":0},{"damage_healed":0,"gold_gain":0,"player_choice":"Leave","damage_taken":0,"max_hp_gain":0,"max_hp_loss":0,"event_name":"FaceTrader","floor":48,"gold_loss":0}],"is_beta":false,"boss_relics":[{"not_picked":["Eternal Feather","Runic Dome"],"picked":"Calling Bell"},{"not_picked":["Fusion Hammer","Black Star"],"picked":"Inserter"}],"items_purged_floors":[3,20,44],"is_endless":false,"potions_floor_spawned":[7,8,11,16,21,23,28,30,33,37,41,46,47],"killed_by":"Time Eater","ascension_level":1}