{"gold_per_floor":[119,119,134,146,96,126,126,144,144,144,176,128,128,141,141,215,215,204,214,214],"floor_reached":20,"playtime":1204,"items_purged":[],"score":313,"play_id":"6745a0e9-5530-413c-b8c1-e56a25494a64","local_time":"20190922213535","is_ascension_mode":true,"campfire_choices":[{"data":"Neutralize","floor":7,"key":"SMITH"},{"floor":10,"key":"REST"},{"data":"Poisoned Stab","floor":13,"key":"SMITH"},{"data":"Cloak And Dagger","floor":15,"key":"SMITH"}],"neow_cost":"NONE","seed_source_timestamp":86373395284800,"circlet_count":0,"master_deck":["AscendersBane","Strike_G","Strike_G","Strike_G","Strike_G","Defend_G","Defend_G","Defend_G","Defend_G","Survivor","Neutralize+1","Backflip","Flying Knee","Infinite Blades","Poisoned Stab+1","Unload","Cloak And Dagger+1","After Image","Noxious Fumes","PiercingWail"],"relics":["Ring of the Snake","NeowsBlessing","Question Card","Bottled Tornado","Bottled Lightning","Fusion Hammer"],"potions_floor_usage":[11,11,16],"damage_taken":[{"damage":0,"enemies":"Jaw Worm","floor":1,"turns":1},{"damage":0,"enemies":"Cultist","floor":3,"turns":1},{"damage":0,"enemies":"2 Louse","floor":4,"turns":1},{"damage":29,"enemies":"Gremlin Nob","floor":6,"turns":5},{"damage":9,"enemies":"Large Slime","floor":8,"turns":6},{"damage":14,"enemies":"3 Sentries","floor":11,"turns":7},{"damage":1,"enemies":"Looter","floor":14,"turns":4},{"damage":21,"enemies":"Hexaghost","floor":16,"turns":9},{"damage":14,"enemies":"2 Thieves","floor":18,"turns":4},{"damage":10,"enemies":"Shell Parasite","floor":19,"turns":6},{"damage":28,"enemies":"Snake Plant","floor":20,"turns":4}],"seed_played":"8410659483811350642","potions_obtained":[{"floor":3,"key":"Explosive Potion"},{"floor":8,"key":"SkillPotion"},{"floor":11,"key":"Strength Potion"},{"floor":16,"key":"Weak Potion"}],"is_trial":false,"path_per_floor":["M","?","M","M","?","E","R","M","T","R","E","?","R","M","R","B",null,"M","M","M"],"character_chosen":"THE_SILENT","items_purchased":[],"campfire_rested":1,"item_purchase_floors":[],"current_hp_per_floor":[59,59,59,59,59,30,30,21,21,40,26,26,26,25,25,4,51,37,27,0],"gold":214,"neow_bonus":"THREE_ENEMY_KILL","is_prod":false,"is_daily":false,"chose_seed":false,"campfire_upgraded":3,"win_rate":0,"timestamp":1569155735,"path_taken":["M","?","?","M","?","E","R","M","T","R","E","?","R","M","R","BOSS","M","M","M"],"build_version":"2019-09-20","purchased_purges":0,"victory":false,"max_hp_per_floor":[66,66,66,66,66,66,66,66,66,66,66,66,66,66,66,66,66,66,66,66],"card_choices":[{"not_picked":["PiercingWail","Bane"],"picked":"Backflip","floor":1},{"not_picked":["Calculated Gamble","Dodge and Roll","Catalyst"],"picked":"SKIP","floor":3},{"not_picked":["Quick Slash","Bane"],"picked":"Flying Knee","floor":4},{"not_picked":["Cloak And Dagger","Setup"],"picked":"Infinite Blades","floor":6},{"not_picked":["Deflect","Backflip","Underhanded Strike"],"picked":"Poisoned Stab","floor":8},{"not_picked":["Outmaneuver","Prepared","Backflip"],"picked":"Unload","floor":11},{"not_picked":["Flying Knee","Escape Plan","Calculated Gamble"],"picked":"Cloak And Dagger","floor":14},{"not_picked":["A Thousand Cuts","Doppelganger","Malaise"],"picked":"After Image","floor":16},{"not_picked":["Blade Dance+1","Cloak And Dagger+1","Outmaneuver"],"picked":"Noxious Fumes","floor":18},{"not_picked":["Cloak And Dagger","Sucker Punch","Deflect"],"picked":"PiercingWail","floor":19}],"player_experience":832165,"relics_obtained":[{"floor":6,"key":"Question Card"},{"floor":9,"key":"Bottled Tornado"},{"floor":11,"key":"Bottled Lightning"}],"event_choices":[{"cards_removed":["Strike_G"],"damage_healed":0,"gold_gain":0,"player_choice":"Purged","damage_taken":0,"max_hp_gain":0,"max_hp_loss":0,"event_name":"Purifier","floor":2,"gold_loss":0},{"cards_removed":["Defend_G"],"damage_healed":0,"gold_gain":0,"player_choice":"Card Removal","damage_taken":0,"max_hp_gain":0,"max_hp_loss":0,"event_name":"The Cleric","floor":5,"gold_loss":50},{"damage_healed":0,"gold_gain":0,"player_choice":"Left Gold","damage_taken":0,"max_hp_gain":0,"max_hp_loss":0,"event_name":"World of Goop","floor":12,"gold_loss":48}],"is_beta":true,"boss_relics":[{"not_picked":["HoveringKite","Ectoplasm"],"picked":"Fusion Hammer"}],"items_purged_floors":[],"is_endless":false,"potions_floor_spawned":[3,8,11,16],"killed_by":"Snake Plant","ascension_level":14}