{"gold_per_floor":[216,43,57,107,124,124,159,169,192,214,226,270,298,12,12,91,91,109,109,42,59,72,72,107,107,131,131,147,147,165,176,176,251,251,268,268,48,63,63],"floor_reached":39,"playtime":3750,"items_purged":["Strike_G","Pain"],"score":723,"play_id":"e647900c-3d16-4234-8dee-5e94cf98324a","local_time":"20190923013715","is_ascension_mode":true,"campfire_choices":[{"data":"Neutralize","floor":6,"key":"SMITH"},{"data":"Predator","floor":11,"key":"SMITH"},{"data":"Well Laid Plans","floor":15,"key":"SMITH"},{"floor":23,"key":"REST"},{"floor":25,"key":"REST"},{"floor":29,"key":"REST"},{"data":"Footwork","floor":32,"key":"SMITH"}],"neow_cost":"NONE","seed_source_timestamp":98324775669400,"circlet_count":0,"master_deck":["AscendersBane","Strike_G","Strike_G","Strike_G","Strike_G","Defend_G","Defend_G","Defend_G","Defend_G","Defend_G","Survivor","Neutralize+1","Predator+1","Dagger Spray","Cloak And Dagger","Well Laid Plans+1","Footwork+1","Infinite Blades","Blur","Burst","CurseOfTheBell","Accuracy","Backstab","Deadly Poison","Endless Agony","Ghostly","Ghostly","Ghostly","Adrenaline","Terror","A Thousand Cuts","Noxious Fumes"],"relics":["Ring of the Snake","Orichalcum","Pen Nib","MawBank","Oddly Smooth Stone","Vajra","Calling Bell","PreservedInsect","Sundial","Mango","Nunchaku","Smiling Mask","Philosopher\u0027s Stone","WarpedTongs"],"potions_floor_usage":[7,12,12,13,33,33],"damage_taken":[{"damage":11,"enemies":"Jaw Worm","floor":1,"turns":7},{"damage":0,"enemies":"Cultist","floor":3,"turns":3},{"damage":0,"enemies":"Small Slimes","floor":5,"turns":3},{"damage":13,"enemies":"Lagavulin","floor":7,"turns":6},{"damage":1,"enemies":"Blue Slaver","floor":8,"turns":3},{"damage":0,"enemies":"3 Louse","floor":10,"turns":3},{"damage":2,"enemies":"3 Sentries","floor":12,"turns":5},{"damage":3,"enemies":"Gremlin Gang","floor":13,"turns":4},{"damage":7,"enemies":"Hexaghost","floor":16,"turns":11},{"damage":3,"enemies":"3 Byrds","floor":18,"turns":6},{"damage":16,"enemies":"Spheric Guardian","floor":21,"turns":4},{"damage":26,"enemies":"Snake Plant","floor":22,"turns":6},{"damage":23,"enemies":"Book of Stabbing","floor":24,"turns":6},{"damage":26,"enemies":"Chosen and Byrds","floor":28,"turns":10},{"damage":5,"enemies":"Sentry and Sphere","floor":30,"turns":5},{"damage":4,"enemies":"Centurion and Healer","floor":31,"turns":7},{"damage":20,"enemies":"Collector","floor":33,"turns":15},{"damage":4,"enemies":"3 Shapes","floor":35,"turns":5},{"damage":15,"enemies":"Orb Walker","floor":38,"turns":5},{"damage":17,"enemies":"Maw","floor":39,"turns":2}],"seed_played":"131167614278379501","potions_obtained":[{"floor":1,"key":"AttackPotion"},{"floor":3,"key":"Fire Potion"},{"floor":7,"key":"SpeedPotion"},{"floor":12,"key":"GamblersBrew"},{"floor":22,"key":"Ancient Potion"},{"floor":28,"key":"DuplicationPotion"},{"floor":31,"key":"Regen Potion"}],"is_trial":false,"path_per_floor":["M","$","M","?","M","R","E","M","T","M","R","E","M","$","R","B",null,"M","?","$","M","M","R","E","R","T","?","M","R","M","M","R","B",null,"M","?","$","M","M"],"character_chosen":"THE_SILENT","items_purchased":["Orichalcum","Dagger Spray","Vajra","Blur","Accuracy","Noxious Fumes","PowerPotion","PowerPotion"],"campfire_rested":3,"item_purchase_floors":[2,2,14,14,20,37,37,37],"current_hp_per_floor":[48,48,48,48,48,48,35,34,34,34,34,32,29,29,29,22,69,66,54,54,38,12,36,13,37,37,37,11,23,18,14,14,9,32,28,28,28,13,0],"gold":63,"neow_bonus":"HUNDRED_GOLD","is_prod":false,"is_daily":false,"chose_seed":false,"campfire_upgraded":4,"win_rate":0,"timestamp":1569170235,"path_taken":["M","$","M","?","M","R","E","M","T","?","R","E","M","$","R","BOSS","M","?","$","M","?","R","E","R","T","?","M","R","M","M","R","BOSS","M","?","$","?","?"],"build_version":"2019-09-20","purchased_purges":2,"victory":false,"max_hp_per_floor":[66,66,66,66,66,66,66,66,66,66,66,66,66,66,66,66,80,80,80,80,80,80,80,80,80,80,40,40,40,40,40,40,40,40,40,40,40,40,40],"card_choices":[{"not_picked":["Flechettes","Cloak And Dagger"],"picked":"Predator","floor":1},{"not_picked":["Dagger Throw","Slice"],"picked":"Cloak And Dagger","floor":3},{"not_picked":["Bouncing Flask","Cloak And Dagger"],"picked":"Well Laid Plans","floor":5},{"not_picked":["Slice","Blade Dance","Dagger Spray"],"picked":"SKIP","floor":7},{"not_picked":["Outmaneuver","Eviscerate","Underhanded Strike"],"picked":"SKIP","floor":8},{"not_picked":["Dagger Spray","Tactician","Flying Knee"],"picked":"SKIP","floor":10},{"not_picked":["Cloak And Dagger","Heel Hook"],"picked":"Footwork","floor":12},{"not_picked":["Venomology","Deflect"],"picked":"Infinite Blades","floor":13},{"not_picked":["Bullet Time","Grand Finale"],"picked":"Burst","floor":16},{"not_picked":["Flying Knee","Calculated Gamble","Acrobatics"],"picked":"SKIP","floor":18},{"not_picked":["Sucker Punch","Riddle With Holes"],"picked":"Backstab","floor":21},{"not_picked":["Flechettes","Bane"],"picked":"Deadly Poison","floor":22},{"not_picked":["Outmaneuver","Flying Knee"],"picked":"Endless Agony","floor":24},{"not_picked":["Dagger Spray","Deflect"],"picked":"Adrenaline","floor":28},{"not_picked":["Flying Knee+1","Calculated Gamble"],"picked":"Terror","floor":30},{"not_picked":["Backstab","Reflex","Expertise"],"picked":"SKIP","floor":31},{"not_picked":["Phantasmal Killer","Unload"],"picked":"A Thousand Cuts","floor":33},{"not_picked":["Tactician+1","Concentrate","Deadly Poison"],"picked":"SKIP","floor":35},{"not_picked":["Dagger Spray","Accuracy","Riddle With Holes"],"picked":"SKIP","floor":38}],"player_experience":838063,"relics_obtained":[{"floor":7,"key":"Pen Nib"},{"floor":9,"key":"MawBank"},{"floor":12,"key":"Oddly Smooth Stone"},{"floor":17,"key":"PreservedInsect"},{"floor":17,"key":"Sundial"},{"floor":17,"key":"Mango"},{"floor":24,"key":"Nunchaku"},{"floor":26,"key":"Smiling Mask"}],"event_choices":[{"damage_healed":0,"gold_gain":50,"player_choice":"Pray","damage_taken":0,"max_hp_gain":0,"max_hp_loss":0,"event_name":"Golden Shrine","floor":4,"gold_loss":0},{"damage_healed":0,"gold_gain":0,"player_choice":"Damaged","damage_taken":12,"max_hp_gain":0,"max_hp_loss":0,"event_name":"Wheel of Change","floor":19,"gold_loss":0},{"damage_healed":0,"gold_gain":0,"player_choice":"Became a Ghost","damage_taken":0,"max_hp_gain":0,"max_hp_loss":40,"event_name":"Ghosts","floor":27,"gold_loss":0,"cards_obtained":["Ghostly","Ghostly","Ghostly"]},{"damage_healed":0,"gold_gain":0,"player_choice":"Rummage","damage_taken":0,"relics_obtained":["WarpedTongs"],"max_hp_gain":0,"max_hp_loss":0,"event_name":"Accursed Blacksmith","floor":36,"gold_loss":0,"cards_obtained":["Pain"]}],"is_beta":true,"boss_relics":[{"not_picked":["Tiny House","HoveringKite"],"picked":"Calling Bell"},{"not_picked":["Runic Pyramid","Black Star"],"picked":"Philosopher\u0027s Stone"}],"items_purged_floors":[14,37],"is_endless":false,"potions_floor_spawned":[1,3,7,12,22,28,31],"killed_by":"Maw","ascension_level":15}