{"gold_per_floor":[111,123,135,135,153,181,181,131,131,143,143,68,100,100,100,198,198,209,229,229,245,170,195,208,208,231,231,85,95,95,107,107,211,211,224,224,238,238,138,138,138,169,169,169,194,194,207,222,222,222,222,222,27,55,55],"floor_reached":55,"playtime":4027,"items_purged":["Strike_G","Defend_G"],"score":817,"play_id":"05e6129a-774f-4987-8917-7c89491dc02e","local_time":"20190914155826","is_ascension_mode":true,"campfire_choices":[{"floor":7,"key":"REST"},{"data":"Infinite Blades","floor":11,"key":"SMITH"},{"floor":15,"key":"REST"},{"floor":27,"key":"REST"},{"floor":30,"key":"REST"},{"floor":32,"key":"REST"},{"floor":40,"key":"RECALL"},{"data":"Accuracy","floor":44,"key":"SMITH"},{"data":"Mayhem","floor":46,"key":"SMITH"},{"floor":49,"key":"REST"},{"data":"Tools of the Trade","floor":52,"key":"SMITH"}],"neow_cost":"NONE","seed_source_timestamp":243408202114243,"circlet_count":0,"master_deck":["Strike_G","Strike_G","Defend_G","Defend_G","Defend_G","Survivor","Neutralize","Infinite Blades+1","Accuracy+1","Blur","All Out Attack","Escape Plan+1","PiercingWail+1","A Thousand Cuts","Sucker Punch+1","Phantasmal Killer+1","Tools of the Trade+1","Leg Sweep+1","Setup+1","Tools of the Trade+1","Mayhem+1","Writhe","Venomology+1","Blur+1"],"relics":["Ring of the Snake","NeowsBlessing","Du-Vu Doll","Singing Bowl","Toxic Egg 2","Bag of Marbles","WarpedTongs","Astrolabe","Bronze Scales","Enchiridion","Oddly Smooth Stone","Cursed Key","Mango","Darkstone Periapt","Dodecahedron","TwistedFunnel","Sundial"],"potions_floor_usage":[6,13,16,24,31,33,42,45,50,50,50,50,54],"damage_taken":[{"damage":0,"enemies":"Small Slimes","floor":1,"turns":1},{"damage":0,"enemies":"Cultist","floor":2,"turns":1},{"damage":0,"enemies":"Jaw Worm","floor":3,"turns":1},{"damage":1,"enemies":"2 Fungi Beasts","floor":5,"turns":4},{"damage":16,"enemies":"Lagavulin","floor":6,"turns":8},{"damage":0,"enemies":"Lots of Slimes","floor":10,"turns":1},{"damage":39,"enemies":"Gremlin Nob","floor":13,"turns":6},{"damage":29,"enemies":"Slime Boss","floor":16,"turns":10},{"damage":11,"enemies":"Chosen","floor":18,"turns":7},{"damage":12,"enemies":"Shell Parasite","floor":19,"turns":7},{"damage":22,"enemies":"Shelled Parasite and Fungi","floor":21,"turns":6},{"damage":0,"enemies":"Gremlin Leader","floor":23,"turns":6},{"damage":6,"enemies":"Centurion and Healer","floor":24,"turns":6},{"damage":0,"enemies":"Snake Plant","floor":29,"turns":5},{"damage":10,"enemies":"Chosen and Byrds","floor":31,"turns":6},{"damage":28,"enemies":"Collector","floor":33,"turns":10},{"damage":3,"enemies":"Orb Walker","floor":35,"turns":4},{"damage":9,"enemies":"3 Darklings","floor":37,"turns":7},{"damage":5,"enemies":"Nemesis","floor":42,"turns":9},{"damage":16,"enemies":"Reptomancer","floor":45,"turns":6},{"damage":14,"enemies":"Transient","floor":47,"turns":5},{"damage":27,"enemies":"Spire Growth","floor":48,"turns":5},{"damage":36,"enemies":"Awakened One","floor":50,"turns":15},{"damage":21,"enemies":"Shield and Spear","floor":54,"turns":11},{"damage":89,"enemies":"The Heart","floor":55,"turns":6}],"seed_played":"7036912536100398355","potions_obtained":[{"floor":3,"key":"AttackPotion"},{"floor":6,"key":"Fire Potion"},{"floor":13,"key":"Explosive Potion"},{"floor":23,"key":"Fire Potion"},{"floor":29,"key":"AttackPotion"},{"floor":31,"key":"FearPotion"},{"floor":33,"key":"Swift Potion"},{"floor":42,"key":"SkillPotion"},{"floor":48,"key":"Dexterity Potion"}],"is_trial":false,"path_per_floor":["M","M","M","?","M","E","R","?","T","M","R","$","E","?","R","B",null,"M","M","?","M","?","E","M","?","T","R","$","M","R","M","R","B",null,"M","?","M","?","$","R","$","E","T","R","E","R","M","M","R","B",null,"R","$","E","B"],"character_chosen":"THE_SILENT","items_purchased":["Oddly Smooth Stone","TwistedFunnel"],"campfire_rested":6,"item_purchase_floors":[28,53],"current_hp_per_floor":[70,70,70,52,51,35,56,56,56,56,56,56,17,17,38,9,70,61,51,51,29,29,29,25,9,9,31,31,33,56,48,72,44,80,79,79,72,72,72,72,72,83,83,83,67,67,55,30,61,25,104,104,104,83,0],"gold":55,"neow_bonus":"THREE_ENEMY_KILL","is_prod":false,"is_daily":false,"chose_seed":false,"campfire_upgraded":4,"win_rate":0,"timestamp":1568491106,"path_taken":["M","M","M","?","M","E","R","?","T","M","R","$","E","?","R","BOSS","M","?","?","M","?","E","M","?","T","R","$","M","R","M","R","BOSS","M","?","?","?","$","R","?","E","T","R","E","R","?","M","R","BOSS","R","$","E","BOSS"],"build_version":"2019-07-17","purchased_purges":2,"victory":false,"max_hp_per_floor":[70,70,70,70,70,70,70,70,70,70,70,70,70,70,70,70,70,72,74,74,74,74,74,76,76,76,76,76,78,78,80,80,80,80,82,82,84,84,84,84,84,100,100,100,100,100,102,104,104,104,104,104,104,104,104],"card_choices":[{"not_picked":["Dodge and Roll","Blade Dance"],"picked":"Setup","floor":1},{"not_picked":["Underhanded Strike","Blade Dance"],"picked":"Infinite Blades","floor":2},{"not_picked":["Backflip","Dodge and Roll"],"picked":"Accuracy","floor":3},{"not_picked":["Deflect","Underhanded Strike"],"picked":"Blur","floor":5},{"not_picked":["Prepared","Doppelganger"],"picked":"All Out Attack","floor":6},{"not_picked":["Flying Knee","Endless Agony"],"picked":"Escape Plan+1","floor":10},{"not_picked":["Underhanded Strike","Crippling Poison+1"],"picked":"PiercingWail+1","floor":13},{"not_picked":["Corpse Explosion+1","Phantasmal Killer+1"],"picked":"A Thousand Cuts","floor":16},{"not_picked":["Riddle With Holes","Heel Hook","Concentrate+1"],"picked":"Singing Bowl","floor":18},{"not_picked":["Sucker Punch","Quick Slash","Dagger Spray+1"],"picked":"Singing Bowl","floor":19},{"not_picked":["Skewer","Outmaneuver+1"],"picked":"Leg Sweep+1","floor":21},{"not_picked":["Backstab","Flying Knee"],"picked":"Setup+1","floor":23},{"not_picked":["Quick Slash","Outmaneuver+1","Dash"],"picked":"Singing Bowl","floor":24},{"not_picked":["Dodge and Roll+1","Prepared+1","Underhanded Strike+1"],"picked":"Singing Bowl","floor":29},{"not_picked":["Catalyst+1","Flying Knee+1","Flechettes"],"picked":"Singing Bowl","floor":31},{"not_picked":["Burst+1","Grand Finale"],"picked":"Tools of the Trade","floor":33},{"not_picked":["Deadly Poison+1","Flying Knee","Acrobatics+1"],"picked":"Singing Bowl","floor":35},{"not_picked":["Slice+1","Acrobatics+1","PiercingWail+1"],"picked":"Singing Bowl","floor":37},{"not_picked":["PanicButton+1","Good Instincts+1"],"picked":"Mayhem","floor":38},{"not_picked":["Dagger Throw","Noxious Fumes","Slice"],"picked":"Singing Bowl","floor":42},{"not_picked":["Noxious Fumes+1","Bane"],"picked":"Venomology+1","floor":45},{"not_picked":["Flying Knee","Choke","Sucker Punch"],"picked":"Singing Bowl","floor":47},{"not_picked":["Calculated Gamble+1","Caltrops","Flying Knee"],"picked":"Singing Bowl","floor":48},{"not_picked":["Concentrate+1","Dodge and Roll+1"],"picked":"Blur+1","floor":54}],"player_experience":193300,"relics_obtained":[{"floor":6,"key":"Singing Bowl"},{"floor":9,"key":"Toxic Egg 2"},{"floor":13,"key":"Bag of Marbles"},{"floor":23,"key":"Bronze Scales"},{"floor":25,"key":"Enchiridion"},{"floor":42,"key":"Mango"},{"floor":43,"key":"Darkstone Periapt"},{"floor":45,"key":"Dodecahedron"},{"floor":54,"key":"Sundial"}],"event_choices":[{"damage_healed":0,"gold_gain":0,"player_choice":"Success","damage_taken":18,"relics_obtained":["Du-Vu Doll"],"max_hp_gain":0,"max_hp_loss":0,"event_name":"Scrap Ooze","floor":4,"gold_loss":0},{"cards_removed":["Strike_G"],"damage_healed":0,"gold_gain":0,"player_choice":"Card Removal","damage_taken":0,"max_hp_gain":0,"max_hp_loss":0,"event_name":"The Cleric","floor":8,"gold_loss":50},{"damage_healed":0,"gold_gain":0,"player_choice":"Rummage","damage_taken":0,"relics_obtained":["WarpedTongs"],"max_hp_gain":0,"max_hp_loss":0,"event_name":"Accursed Blacksmith","floor":14,"gold_loss":0,"cards_obtained":["Pain"]},{"damage_healed":0,"gold_gain":0,"player_choice":"Ignored","damage_taken":0,"max_hp_gain":0,"max_hp_loss":0,"event_name":"Vampires","floor":20,"gold_loss":0},{"cards_removed":["Pain"],"damage_healed":0,"gold_gain":0,"player_choice":"Gave Gold","damage_taken":0,"max_hp_gain":0,"max_hp_loss":0,"event_name":"Beggar","floor":22,"gold_loss":75},{"damage_healed":0,"gold_gain":0,"player_choice":"Obtained Book","damage_taken":16,"max_hp_gain":0,"max_hp_loss":0,"event_name":"Cursed Tome","floor":25,"gold_loss":0},{"damage_healed":0,"gold_gain":0,"player_choice":"Ignored","damage_taken":0,"max_hp_gain":0,"max_hp_loss":0,"event_name":"SecretPortal","floor":36,"gold_loss":0},{"damage_healed":0,"gold_gain":0,"player_choice":"Memory 1","damage_taken":0,"max_hp_gain":0,"max_hp_loss":0,"event_name":"SensoryStone","floor":38,"gold_loss":0}],"is_beta":false,"boss_relics":[{"not_picked":["Black Star","Empty Cage"],"picked":"Astrolabe"},{"not_picked":["Philosopher\u0027s Stone","Velvet Choker"],"picked":"Cursed Key"}],"items_purged_floors":[12,39],"is_endless":false,"potions_floor_spawned":[3,6,13,23,29,31,33,42,48],"killed_by":"The Heart","ascension_level":1}