{"path_per_floor":["M","?","$","?","M","R","$","?","T","R","M","M","M","M","R","B",null,"M","$","?","M","$","R","?","M","T","?","M","M","M","M","R","B",null,"M","$","$","M","?","R","M","?","T","R","?","M","M","$","R","B"],"character_chosen":"THE_SILENT","items_purchased":["Mind Blast","Dodge and Roll","PiercingWail","Noxious Fumes","Toolbox","Bottled Tornado","Backflip","Noxious Fumes","Pen Nib","Noxious Fumes"],"gold_per_floor":[144,144,55,15,60,60,9,9,34,34,79,124,169,214,214,514,514,559,106,136,181,81,81,81,126,126,126,171,216,261,306,306,606,606,651,25,25,70,70,70,115,0,0,0,0,45,90,16,16,16],"floor_reached":51,"campfire_rested":8,"playtime":4959,"current_hp_per_floor":[70,37,37,37,37,58,58,58,58,70,70,70,64,64,70,67,70,70,70,70,63,63,70,70,70,70,70,70,70,70,68,70,42,70,39,39,39,43,43,64,61,61,61,70,61,50,50,50,70,15],"items_purged":["Corpse Explosion","Normality","Concentrate"],"gold":16,"score":769,"play_id":"fab67b2d-5059-458c-ae0b-77a2ac650b18","local_time":"20180316002632","daily_mods":["Heirloom","Midas","Insanity"],"is_prod":false,"is_daily":true,"is_ascension_mode":false,"campfire_upgraded":0,"timestamp":1521185192,"path_taken":["M","?","?","?","?","R","?","?","T","R","M","M","?","M","R","BOSS","M","$","?","M","$","R","?","M","T","?","M","M","M","?","R","BOSS","M","?","$","?","?","R","M","?","T","R","?","M","?","?","R","BOSS"],"build_version":"2018-03-15","purchased_purges":3,"victory":true,"master_deck":["Slice","Finisher","Caltrops","Flying Knee","A Thousand Cuts","Escape Plan","Defend_G","Malaise","Blur","Endless Agony","Noxious Fumes","Escape Plan","Choke","Burst","Blade Dance","Footwork","Distraction","Cloak And Dagger","Tactician","Wraith Form","Calculated Gamble","Concentrate","Outmaneuver","Quick Slash","Doppelganger","Dagger Throw","Neutralize","Expertise","Distraction","Venomology","Heel Hook","Die Die Die","Unload","PiercingWail","A Thousand Cuts","Concentrate","PiercingWail","Storm of Steel","Burst","Distraction","Malaise","Acrobatics","Underhanded Strike","Calculated Gamble","Burst","Dagger Spray","Prepared","Mind Blast","Backflip","Dodge and Roll","Cloak And Dagger","Footwork","Backflip","PiercingWail","Deflect","PiercingWail","Noxious Fumes","Backflip","Madness","Dodge and Roll","Deflect","Backflip","Adrenaline","Blur+1","Backflip","Noxious Fumes","Escape Plan","Backflip","Madness","Madness","PiercingWail","Noxious Fumes"],"max_hp_per_floor":[70,70,70,70,70,70,70,70,70,70,70,70,70,70,70,70,70,70,70,70,70,70,70,70,70,70,70,70,70,70,70,70,70,70,70,70,70,70,70,70,70,70,70,70,70,70,70,70,70,70],"relics":["Ring of the Snake","Thread and Needle","Centennial Puzzle","Lantern","White Beast Statue","Toolbox","Tiny Chest","Frozen Eye","The Specimen","Bottled Tornado","Pen Nib","Red Mask","Oddly Smooth Stone"],"card_choices":[{"not_picked":["Sucker Punch","Phantasmal Killer"],"picked":"Backflip"},{"not_picked":["Accuracy","Acrobatics"],"picked":"Cloak And Dagger"},{"not_picked":["Skewer","Reflex"],"picked":"Footwork"},{"not_picked":["Choke","Sucker Punch"],"picked":"Backflip"},{"not_picked":["Quick Slash","Acrobatics"],"picked":"PiercingWail"},{"not_picked":["Distraction","Malaise"],"picked":"Deflect"},{"not_picked":["Poisoned Stab","Underhanded Strike"],"picked":"Dodge and Roll"},{"not_picked":["Deadly Poison","Sucker Punch"],"picked":"Deflect"},{"not_picked":["Malaise","Outmaneuver"],"picked":"Backflip"},{"not_picked":["Venomology","Wraith Form"],"picked":"Adrenaline"},{"not_picked":["Cloak And Dagger","Skewer"],"picked":"Blur"},{"not_picked":["Cloak And Dagger","Masterful Stab"],"picked":"Escape Plan"},{"not_picked":["Flying Knee","Acrobatics"],"picked":"Backflip"},{"not_picked":["Predator","Bane"],"picked":"PiercingWail"}],"player_experience":364197,"potions_floor_usage":[13,16,16,18,18,21,25,28,28,29,30,30,31,33,33,33,38,41,46,47,50,50,50,50],"damage_taken":[{"damage":0,"enemies":"Jaw Worm","floor":1,"turns":2},{"damage":0,"enemies":"Cultist","floor":5,"turns":3},{"damage":0,"enemies":"2 Louse","floor":11,"turns":2},{"damage":0,"enemies":"Lots of Slimes","floor":12,"turns":3},{"damage":6,"enemies":"Exordium Wildlife","floor":13,"turns":4},{"damage":0,"enemies":"Red Slaver","floor":14,"turns":2},{"damage":3,"enemies":"The Guardian","floor":16,"turns":13},{"damage":0,"enemies":"Chosen","floor":18,"turns":6},{"damage":7,"enemies":"Shell Parasite","floor":21,"turns":3},{"damage":0,"enemies":"Centurion and Healer","floor":25,"turns":5},{"damage":0,"enemies":"Chosen and Byrds","floor":28,"turns":5},{"damage":0,"enemies":"Snake Plant","floor":29,"turns":3},{"damage":0,"enemies":"Centurion and Healer","floor":30,"turns":10},{"damage":2,"enemies":"Slaver and Parasite","floor":31,"turns":8},{"damage":43,"enemies":"Automaton","floor":33,"turns":12},{"damage":31,"enemies":"Flame Bruiser 1 Orb","floor":35,"turns":9},{"damage":0,"enemies":"3 Shapes","floor":38,"turns":3},{"damage":3,"enemies":"Sphere and 2 Shapes","floor":41,"turns":5},{"damage":11,"enemies":"Maw","floor":46,"turns":9},{"damage":0,"enemies":"4 Shapes","floor":47,"turns":5},{"damage":55,"enemies":"Donu and Deca","floor":50,"turns":9}],"event_choices":[{"event_name":"Scrap Ooze","player_choice":"success","floor":2,"damage_taken":33},{"event_name":"The Woman in Blue","player_choice":"Bought 3 Potions","floor":4,"damage_taken":0},{"event_name":"The Cleric","player_choice":"Leave","floor":8,"damage_taken":0},{"event_name":"Accursed Blacksmith","player_choice":"Rummage","floor":20,"damage_taken":0},{"event_name":"Match and Keep!","player_choice":"2 cards matched","floor":24,"damage_taken":0},{"event_name":"Purifier","player_choice":"One Purge","floor":27,"damage_taken":0},{"event_name":"Mysterious Sphere","player_choice":"Ignore","floor":39,"damage_taken":0},{"event_name":"Tomb of Lord Red Mask","player_choice":"Paid","floor":42,"damage_taken":0},{"event_name":"Winding Halls","player_choice":"Embrace Madness","floor":45,"damage_taken":0}],"boss_relics":[{"not_picked":["Philosopher\u0027s Stone","Pandora\u0027s Box"],"picked":"White Beast Statue"},{"not_picked":["Question Card","Snecko Eye"],"picked":"The Specimen"}],"potions_floor_spawned":[11,12,16,18,21,25,28,29,30,31,33,35,38,41,46,47],"seed_played":"5375251351321028032","ascension_level":0,"is_trial":false}