{"path_per_floor":["M","?","?","M","T","E","R","$","T","M","$","M","?","M","R","B",null,"M","?","M","$","M","E","R","M","T","?","M","M","$","?","R","B",null,"M","M","?","?","M","R","M","?","T","M","E","M","M","$","R","B"],"character_chosen":"IRONCLAD","items_purchased":["Self Forming Clay","Inflame","Metallicize","Question Card","Dead Branch","Champion Belt","Ancient Potion","Anchor","Bird Faced Urn","Strength Potion","Enlightenment","Ancient Potion"],"gold_per_floor":[144,144,144,189,189,279,279,29,29,74,7,52,52,97,97,397,397,442,642,687,70,115,205,205,250,300,300,345,390,40,40,40,340,340,385,430,430,430,475,475,520,520,520,565,655,700,745,8,8,8],"floor_reached":51,"campfire_rested":6,"playtime":4051,"current_hp_per_floor":[80,80,80,83,83,72,86,86,86,86,86,86,91,91,91,85,91,81,81,87,87,87,91,91,91,91,91,89,91,91,91,91,66,91,91,81,81,81,75,94,94,94,94,79,73,79,78,78,94,77],"items_purged":[],"gold":8,"score":1101,"play_id":"47aaf38a-3ba8-47d3-9d4f-bce2f0b9c16a","local_time":"20180416232251","daily_mods":["Insanity","Midas","Hoarder"],"is_prod":false,"is_daily":true,"chose_seed":false,"is_ascension_mode":false,"campfire_upgraded":0,"timestamp":1523946171,"path_taken":["M","?","?","M","?","E","R","?","T","M","$","?","?","M","R","BOSS","M","?","?","$","M","E","R","M","T","?","?","M","$","?","R","BOSS","M","?","?","?","?","R","M","?","T","M","E","M","?","$","R","BOSS"],"build_version":"2018-04-13","seed_source_timestamp":0,"purchased_purges":0,"victory":true,"master_deck":["Infernal Blade","Twin Strike","Bludgeon","Heavy Blade","Fire Breathing","Pummel","Pommel Strike","Anger","Impervious","Perfected Strike","Hemokinesis","Bloodletting","Demon Form","Strike_R","Blood for Blood","Combust","Heavy Blade","Second Wind","Shockwave","Dropkick","Rampage","Clothesline","Twin Strike","Burning Pact","Ghostly Armor","Blood for Blood","Limit Break","Feed","Juggernaut","Demon Form","Searing Blow","Rupture","Pummel","Infernal Blade","Reaper","Havoc","Reckless Charge","Shockwave","Shockwave","Infernal Blade","Juggernaut","Headbutt","Berserk","Carnage","Infernal Blade","Strike_R","Fire Breathing","Shockwave","Feel No Pain","Inflame","Inflame","Inflame","Rupture","Rupture","Rupture","Flex","Flex","Flex","Inflame","Inflame","Inflame","Shrug It Off","Shrug It Off","Shrug It Off","Metallicize","Metallicize","Metallicize","Rage","Rage","Rage","Perfected Strike+1","Perfected Strike+1","Perfected Strike+1","Metallicize","Metallicize","Metallicize","Bloodletting","Bloodletting","Bloodletting","Rage","Rage","Rage","Brutality","Brutality","Brutality","Armaments+1","Armaments+1","Armaments+1","Iron Wave","Iron Wave","Iron Wave","Iron Wave","Iron Wave","Iron Wave","Reckless Charge","Reckless Charge","Reckless Charge","Seeing Red+1","Seeing Red+1","Seeing Red+1","Shrug It Off","Shrug It Off","Shrug It Off","Warcry+1","Warcry+1","Warcry+1","Fire Breathing+1","Fire Breathing+1","Fire Breathing+1","Perfected Strike","Perfected Strike","Perfected Strike","Enlightenment","Enlightenment","Enlightenment"],"max_hp_per_floor":[80,80,80,83,83,86,86,86,86,86,86,86,91,91,91,91,91,91,91,91,91,91,91,91,91,91,91,91,91,91,91,91,91,91,91,91,91,91,94,94,94,94,94,94,94,94,94,94,94,94],"relics":["Black Blood","Toolbox","Bag of Marbles","Self Forming Clay","Thread and Needle","Question Card","Dead Branch","Art of War","Prayer Wheel","Champion Belt","Orrery","Orichalcum","Mummified Hand","Anchor","Bird Faced Urn"],"card_choices":[{"not_picked":["Perfected Strike","Thunderclap"],"picked":"Flex","floor":6},{"not_picked":["Twin Strike","Thunderclap"],"picked":"Shrug It Off","floor":12},{"not_picked":["Clothesline","Barricade","Anger"],"picked":"Rage","floor":23},{"not_picked":["Feel No Pain","Entrench","Dropkick"],"picked":"Perfected Strike","floor":25},{"not_picked":["Headbutt","Heavy Blade","Body Slam"],"picked":"Bloodletting","floor":28},{"not_picked":["Rupture","Twin Strike","Sentinel"],"picked":"Rage","floor":29},{"not_picked":["Feed","Demon Form","Juggernaut"],"picked":"Brutality","floor":33},{"not_picked":["Headbutt","Pommel Strike","Body Slam"],"picked":"Armaments","floor":34},{"not_picked":["Burning Pact","Flex","Searing Blow"],"picked":"Iron Wave","floor":34},{"not_picked":["Wild Strike","Anger","True Grit"],"picked":"Iron Wave","floor":34},{"not_picked":["Burning Pact","Twin Strike","Pommel Strike"],"picked":"Reckless Charge","floor":34},{"not_picked":["Heavy Blade","Sword Boomerang","Anger"],"picked":"Seeing Red","floor":39},{"not_picked":["Whirlwind","Bloodletting","Fiend Fire"],"picked":"Shrug It Off","floor":41},{"not_picked":["Anger","Thunderclap","Uppercut"],"picked":"Warcry","floor":44},{"not_picked":["Power Through","Perfected Strike","Thunderclap"],"picked":"Fire Breathing","floor":45},{"not_picked":["Carnage","Infernal Blade","Armaments"],"picked":"Perfected Strike","floor":46}],"player_experience":443659,"potions_floor_usage":[6,23,23,35,36,41,41,45,50],"damage_taken":[{"damage":2,"enemies":"2 Louse","floor":1,"turns":3},{"damage":0,"enemies":"Cultist","floor":4,"turns":2},{"damage":20,"enemies":"Gremlin Nob","floor":6,"turns":4},{"damage":0,"enemies":"Small Slimes","floor":10,"turns":1},{"damage":4,"enemies":"Gremlin Gang","floor":12,"turns":4},{"damage":1,"enemies":"2 Fungi Beasts","floor":14,"turns":3},{"damage":12,"enemies":"The Guardian","floor":16,"turns":8},{"damage":30,"enemies":"Spheric Guardian","floor":18,"turns":6},{"damage":4,"enemies":"Chosen","floor":20,"turns":4},{"damage":26,"enemies":"Centurion and Healer","floor":22,"turns":8},{"damage":0,"enemies":"Slavers","floor":23,"turns":1},{"damage":1,"enemies":"Cultist and Chosen","floor":25,"turns":5},{"damage":14,"enemies":"Snake Plant","floor":28,"turns":5},{"damage":3,"enemies":"Centurion and Healer","floor":29,"turns":4},{"damage":35,"enemies":"Champ","floor":33,"turns":9},{"damage":6,"enemies":"3 Shapes","floor":35,"turns":6},{"damage":42,"enemies":"Flame Bruiser 1 Orb","floor":36,"turns":7},{"damage":19,"enemies":"Sphere and 2 Shapes","floor":39,"turns":6},{"damage":3,"enemies":"Maw","floor":41,"turns":6},{"damage":25,"enemies":"3 Darklings","floor":44,"turns":5},{"damage":20,"enemies":"Nemesis","floor":45,"turns":7},{"damage":4,"enemies":"4 Shapes","floor":46,"turns":4},{"damage":11,"enemies":"Maw","floor":47,"turns":5},{"damage":43,"enemies":"Time Eater","floor":50,"turns":6}],"event_choices":[{"event_name":"Match and Keep!","player_choice":"1 cards matched","floor":2,"damage_taken":0},{"event_name":"Transmorgrifier","player_choice":"Transform","floor":3,"damage_taken":0},{"event_name":"Big Fish","player_choice":"Donut","floor":13,"damage_taken":0},{"event_name":"The Joust","player_choice":"Bet on Owner","floor":19,"damage_taken":0},{"event_name":"The Library","player_choice":"Read","floor":27,"damage_taken":0},{"event_name":"The Mausoleum","player_choice":"No","floor":31,"damage_taken":0},{"event_name":"The Lab","player_choice":"Got Potions","floor":37,"damage_taken":0},{"event_name":"The Woman in Blue","player_choice":"Bought 0 Potions","floor":38,"damage_taken":0},{"event_name":"Transmorgrifier","player_choice":"Skipped","floor":42,"damage_taken":0}],"boss_relics":[{"not_picked":["Eternal Feather","Black Star"],"picked":"Black Blood"},{"not_picked":["Astrolabe","Velvet Choker"],"picked":"Orrery"}],"potions_floor_spawned":[1,12,22,28,29,36,41,46],"seed_played":"5806895975017709107","ascension_level":0,"is_trial":false}