{"path_per_floor":["M","?","?","M","M","E","?","R","T","$","T","E","R","?","R","B",null,"M","M","M","M","$","E","R","E","T","R","?","M","$","M","R","B",null,"M","?","?","?","$","E","R","$","T","R","T","M","M","M","R","B"],"character_chosen":"THE_SILENT","items_purchased":["Slice","Footwork","Regal Pillow","Accuracy","Malaise","Panache","Footwork","Bottled Tornado","Mind Blast","Footwork","Slice","Pen Nib","Quick Slash"],"gold_per_floor":[144,144,144,189,234,324,399,399,424,324,374,464,464,464,464,764,764,809,854,899,944,615,705,705,795,795,795,795,840,562,607,607,907,907,952,952,952,1015,238,328,328,46,71,71,71,116,161,206,206,206],"floor_reached":51,"campfire_rested":9,"playtime":3849,"current_hp_per_floor":[70,63,68,68,68,58,47,69,69,69,69,69,75,75,75,70,75,74,74,74,74,74,73,75,61,75,89,89,89,89,89,89,89,89,79,79,68,61,61,18,59,59,59,89,89,89,38,38,79,13],"items_purged":["Bouncing Flask","Bane","Clumsy","Expertise"],"gold":206,"score":849,"play_id":"6f9da86e-a81e-4461-862e-f87d33e6a7fa","local_time":"20180328204739","daily_mods":["Draft","Midas","Elite Swarm"],"is_prod":false,"is_daily":true,"is_ascension_mode":false,"campfire_upgraded":0,"timestamp":1522295259,"path_taken":["M","?","?","M","M","E","?","R","T","$","?","E","R","?","R","BOSS","M","M","?","M","$","E","R","E","T","R","?","M","$","M","R","BOSS","M","?","?","?","$","E","R","$","T","R","?","M","?","M","R","BOSS"],"build_version":"2018-03-27v2","purchased_purges":6,"victory":true,"master_deck":["Outmaneuver","PiercingWail","PiercingWail","PiercingWail","Flying Knee","Backflip","PiercingWail","Malaise+1","Blur","PiercingWail","Infinite Blades","Terror","Cloak And Dagger","Sucker Punch","Adrenaline","Slice","A Thousand Cuts+1","A Thousand Cuts+1","Accuracy+1","Deflect","Slice","Footwork+1","Adrenaline","Burst","Cloak And Dagger","Accuracy+1","Malaise","Accuracy+1","Doppelganger","Accuracy+1","Madness","Madness","Quick Slash+1","Panache+1","Footwork+1","Mind Blast","Glass Knife","Footwork+1","Slice","Quick Slash","Decay","Injury","Slice+1","Slice","Choke+1"],"max_hp_per_floor":[70,70,75,75,75,75,75,75,75,75,75,75,75,75,75,75,75,75,75,75,75,75,75,75,75,89,89,89,89,89,89,89,89,89,89,89,89,89,89,89,89,89,89,89,89,89,89,89,89,89],"relics":["Ring of the Snake","Shuriken","Frozen Egg 2","Oddly Smooth Stone","War Paint","Bag of Marbles","Cursed Key","Regal Pillow","Bronze Scales","Dead Branch","Mango","White Beast Statue","Gambling Chip","Bottled Tornado","Vajra","Pen Nib","Dream Catcher","Tingsha"],"card_choices":[{"not_picked":["Deadly Poison","Calculated Gamble"],"picked":"Outmaneuver","floor":0},{"not_picked":["Dash","Infinite Blades"],"picked":"PiercingWail","floor":0},{"not_picked":["Slice","Flying Knee"],"picked":"PiercingWail","floor":0},{"not_picked":["Backstab","Outmaneuver"],"picked":"PiercingWail","floor":0},{"not_picked":["Deflect","Acrobatics"],"picked":"Poisoned Stab","floor":0},{"not_picked":["Dagger Spray","Underhanded Strike"],"picked":"Flying Knee","floor":0},{"not_picked":["Dodge and Roll","Quick Slash"],"picked":"Backflip","floor":0},{"not_picked":["Backflip","Skewer"],"picked":"Catalyst","floor":0},{"not_picked":["Malaise","Endless Agony"],"picked":"PiercingWail","floor":0},{"not_picked":["Masterful Stab","Expertise"],"picked":"Malaise","floor":0},{"not_picked":["Eviscerate","Dodge and Roll"],"picked":"Bane","floor":0},{"not_picked":["Acrobatics","Eviscerate"],"picked":"Blur","floor":0},{"not_picked":["Catalyst","Outmaneuver"],"picked":"PiercingWail","floor":0},{"not_picked":["Well Laid Plans","Underhanded Strike"],"picked":"Bouncing Flask","floor":0},{"not_picked":["Slice","Acrobatics"],"picked":"Infinite Blades","floor":0},{"not_picked":["Poisoned Stab","Slice"],"picked":"Terror","floor":1},{"not_picked":["Flying Knee","Sucker Punch"],"picked":"Cloak And Dagger","floor":4},{"not_picked":["Quick Slash","All Out Attack"],"picked":"Sucker Punch","floor":5},{"not_picked":["Unload","Venomology"],"picked":"Adrenaline","floor":6},{"not_picked":["Storm of Steel","Die Die Die"],"picked":"A Thousand Cuts","floor":12},{"not_picked":["Burst","Venomology"],"picked":"A Thousand Cuts","floor":16},{"not_picked":["Noxious Fumes","Caltrops"],"picked":"Accuracy","floor":18},{"not_picked":["Underhanded Strike","Backflip"],"picked":"Deflect","floor":20},{"not_picked":["Leg Sweep","Outmaneuver"],"picked":"Slice","floor":21},{"not_picked":["Tools of the Trade","Die Die Die"],"picked":"Adrenaline","floor":23},{"not_picked":["Night Terror","Corpse Explosion"],"picked":"Burst","floor":25},{"not_picked":["Acrobatics","Concentrate"],"picked":"Cloak And Dagger","floor":29},{"not_picked":["Underhanded Strike","Sucker Punch"],"picked":"Accuracy","floor":31},{"not_picked":["Venomology","Unload"],"picked":"Doppelganger","floor":33},{"not_picked":["Concentrate","Flying Knee"],"picked":"Accuracy","floor":35},{"not_picked":["Bane","Terror"],"picked":"Quick Slash","floor":38},{"not_picked":["Doppelganger","Unload"],"picked":"Glass Knife","floor":40},{"not_picked":["Dagger Spray","Well Laid Plans"],"picked":"Slice","floor":46},{"not_picked":["Flechettes","Prepared"],"picked":"Slice","floor":47},{"not_picked":["Backstab","Terror"],"picked":"Choke","floor":49}],"player_experience":390825,"potions_floor_usage":[6,19,25,33,33,33,38,47,48,50,50,50],"damage_taken":[{"damage":0,"enemies":"Cultist","floor":1,"turns":3},{"damage":0,"enemies":"2 Louse","floor":4,"turns":3},{"damage":0,"enemies":"Small Slimes","floor":5,"turns":5},{"damage":10,"enemies":"3 Sentries","floor":6,"turns":6},{"damage":0,"enemies":"Gremlin Nob","floor":12,"turns":4},{"damage":5,"enemies":"The Guardian","floor":16,"turns":7},{"damage":1,"enemies":"Shell Parasite","floor":18,"turns":4},{"damage":0,"enemies":"Chosen","floor":19,"turns":3},{"damage":0,"enemies":"Centurion and Healer","floor":20,"turns":5},{"damage":0,"enemies":"Snecko","floor":21,"turns":4},{"damage":1,"enemies":"Gremlin Leader","floor":23,"turns":6},{"damage":14,"enemies":"Slavers","floor":25,"turns":3},{"damage":0,"enemies":"Snake Plant","floor":29,"turns":2},{"damage":0,"enemies":"3 Cultists","floor":31,"turns":2},{"damage":0,"enemies":"Collector","floor":33,"turns":7},{"damage":10,"enemies":"Flame Bruiser 1 Orb","floor":35,"turns":4},{"damage":7,"enemies":"Mysterious Sphere","floor":38,"turns":4},{"damage":43,"enemies":"Nemesis","floor":40,"turns":7},{"damage":0,"enemies":"Orb Walker","floor":46,"turns":3},{"damage":51,"enemies":"Spire Growth","floor":47,"turns":4},{"damage":0,"enemies":"Sphere and 2 Shapes","floor":48,"turns":3},{"damage":66,"enemies":"Time Eater","floor":50,"turns":6}],"event_choices":[{"event_name":"Scrap Ooze","player_choice":"success","floor":2,"damage_taken":7},{"event_name":"Big Fish","player_choice":"Donut","floor":3,"damage_taken":0},{"event_name":"World of Goop","player_choice":"Gather Gold","floor":7,"damage_taken":0},{"event_name":"Transmorgrifier","player_choice":"Transform","floor":14,"damage_taken":0},{"event_name":"Vampires","player_choice":"Ignored","floor":28,"damage_taken":0},{"event_name":"Winding Halls","player_choice":"Embrace Madness","floor":37,"damage_taken":0},{"event_name":"Mysterious Sphere","player_choice":"Fight","floor":38,"damage_taken":0}],"boss_relics":[{"not_picked":["Eternal Feather","Ectoplasm"],"picked":"Cursed Key"},{"not_picked":["Orrery","Black Star"],"picked":"White Beast Statue"}],"potions_floor_spawned":[4,5,16,23,29,31,33,35,38,40,46,47,48],"seed_played":"-5446097650958542841","ascension_level":0,"is_trial":false}