{"gold_per_floor":[116,129,129,149,159,159,191,191,191,210,224,234,234,266,266,340,340,355,355,367,367,10,10,45,45,45,55,55,69,69],"floor_reached":30,"playtime":949,"items_purged":[],"score":624,"play_id":"7c96bcf4-4358-4eb3-a576-1204d5f80264","local_time":"20190929153019","is_ascension_mode":true,"campfire_choices":[{"data":"Armaments","floor":6.0,"key":"SMITH"},{"data":"Brutality","floor":13.0,"key":"SMITH"},{"data":"Hemokinesis","floor":15.0,"key":"SMITH"},{"data":"Barricade","floor":23.0,"key":"SMITH"},{"floor":25.0,"key":"REST"}],"neow_cost":"NONE","seed_source_timestamp":1091255454117400,"circlet_count":0,"master_deck":["AscendersBane","Strike_R","Strike_R","Defend_R","Defend_R","Defend_R","Defend_R","Bash","Carnage","Armaments+1","Anger","Wild Strike","Shrug It Off","Bloodletting","Brutality+1","Blood for Blood","Hemokinesis+1","Barricade+1","Hemokinesis","True Grit","Feel No Pain","Hemokinesis","J.A.X.","Feel No Pain"],"special_seed":0,"relics":["Burning Blood","Happy Flower","Mercury Hourglass","TungstenRod","Mark of Pain","Lizard Tail","Self Forming Clay","Smiling Mask","Magic Flower"],"potions_floor_usage":[],"damage_taken":[{"damage":1.0,"enemies":"Small Slimes","floor":1.0,"turns":4.0},{"damage":0.0,"enemies":"2 Louse","floor":2.0,"turns":2.0},{"damage":0.0,"enemies":"Cultist","floor":4.0,"turns":4.0},{"damage":7.0,"enemies":"Large Slime","floor":5.0,"turns":5.0},{"damage":35.0,"enemies":"Lagavulin","floor":7.0,"turns":5.0},{"damage":3.0,"enemies":"Looter","floor":10.0,"turns":2.0},{"damage":4.0,"enemies":"Red Slaver","floor":11.0,"turns":3.0},{"damage":3.0,"enemies":"Blue Slaver","floor":12.0,"turns":1.0},{"damage":13.0,"enemies":"3 Sentries","floor":14.0,"turns":7.0},{"damage":4.0,"enemies":"Slime Boss","floor":16.0,"turns":7.0},{"damage":12.0,"enemies":"3 Byrds","floor":18.0,"turns":6.0},{"damage":14.0,"enemies":"2 Thieves","floor":20.0,"turns":3.0},{"damage":46.0,"enemies":"Gremlin Leader","floor":24.0,"turns":11.0},{"damage":69.0,"enemies":"3 Cultists","floor":27.0,"turns":6.0},{"damage":24,"enemies":"Sentry and Sphere","floor":29,"turns":5},{"damage":21,"enemies":"Book of Stabbing","floor":30,"turns":4}],"seed_played":"-4299810247863798679","potions_obtained":[{"floor":1.0,"key":"Dexterity Potion"},{"floor":10.0,"key":"SmokeBomb"},{"floor":14.0,"key":"AttackPotion"},{"floor":16.0,"key":"GamblersBrew"},{"floor":20.0,"key":"ElixirPotion"}],"is_trial":false,"path_per_floor":["M","M","?","M","M","R","E","?","T","M","M","M","R","E","R","B",null,"M","?","M","?","$","R","E","R","T","M","?","M","E"],"character_chosen":"IRONCLAD","items_purchased":["Self Forming Clay","Feel No Pain"],"campfire_rested":1,"item_purchase_floors":[22,22],"current_hp_per_floor":[73,75,68,74,73,73,44,44,44,47,49,52,52,45,45,47,68,62,62,54,54,54,54,14,36,36,35,35,20,0],"gold":69,"neow_bonus":"REMOVE_CARD","is_prod":false,"is_daily":false,"chose_seed":false,"campfire_upgraded":4,"win_rate":0,"timestamp":1569796219,"path_taken":["M","M","?","M","M","R","E","?","T","M","?","M","R","E","R","BOSS","M","?","M","?","$","R","E","R","T","?","?","M","E"],"build_version":"2019-09-27","purchased_purges":0,"victory":false,"max_hp_per_floor":[75,75,75,75,75,75,75,75,75,75,75,75,75,75,75,75,75,75,75,75,75,75,75,75,75,75,75,75,75,75],"card_choices":[{"not_picked":["Perfected Strike","Havoc"],"picked":"Carnage","floor":1.0},{"not_picked":["Heavy Blade","Havoc"],"picked":"Armaments","floor":2.0},{"not_picked":["Havoc","Heavy Blade"],"picked":"Anger","floor":4.0},{"not_picked":["Dropkick","Infernal Blade"],"picked":"Wild Strike","floor":5.0},{"not_picked":["Wild Strike","Armaments"],"picked":"Shrug It Off","floor":7.0},{"not_picked":["Headbutt","Flame Barrier"],"picked":"Brutality","floor":10.0},{"not_picked":["Wild Strike","Havoc","Clash"],"picked":"SKIP","floor":11.0},{"not_picked":["Blood for Blood","Wild Strike","Flex"],"picked":"SKIP","floor":12.0},{"not_picked":["Wild Strike","Flex"],"picked":"Blood for Blood","floor":12.0},{"not_picked":["Sever Soul","Shrug It Off"],"picked":"Hemokinesis","floor":14.0},{"not_picked":["Reaper","Brutality"],"picked":"Barricade","floor":16.0},{"not_picked":["Dual Wield","Clothesline"],"picked":"Hemokinesis","floor":18.0},{"not_picked":["Sever Soul","Clothesline"],"picked":"True Grit","floor":20.0},{"not_picked":["Perfected Strike","Rampage","Twin Strike+1"],"picked":"SKIP","floor":24.0},{"not_picked":["Inflame","Heavy Blade"],"picked":"Hemokinesis","floor":27.0},{"not_picked":["Headbutt","Flame Barrier"],"picked":"Feel No Pain","floor":29}],"player_experience":1120949,"relics_obtained":[{"floor":7.0,"key":"Happy Flower"},{"floor":9.0,"key":"Mercury Hourglass"},{"floor":14.0,"key":"TungstenRod"},{"floor":24.0,"key":"Smiling Mask"},{"floor":26.0,"key":"Magic Flower"}],"event_choices":[{"cards_removed":["Strike_R"],"damage_healed":0.0,"max_hp_gain":0.0,"max_hp_loss":0.0,"gold_gain":0.0,"event_name":"Golden Wing","player_choice":"Card Removal","floor":3.0,"gold_loss":0.0,"damage_taken":7.0},{"damage_healed":0.0,"max_hp_gain":0.0,"max_hp_loss":0.0,"gold_gain":0.0,"cards_transformed":["Strike_R"],"event_name":"Transmorgrifier","player_choice":"Transformed","floor":8.0,"gold_loss":0.0,"damage_taken":0.0,"cards_obtained":["Bloodletting"]},{"damage_healed":0.0,"max_hp_gain":0.0,"max_hp_loss":0.0,"gold_gain":0.0,"event_name":"Ghosts","player_choice":"Ignored","floor":19.0,"gold_loss":0.0,"damage_taken":0.0},{"damage_healed":0.0,"max_hp_gain":0.0,"max_hp_loss":0.0,"gold_gain":0.0,"event_name":"WeMeetAgain","player_choice":"Gave Potion","floor":21.0,"gold_loss":0.0,"damage_taken":0.0,"relics_obtained":["Lizard Tail"]},{"damage_healed":0,"gold_gain":0,"player_choice":"Obtain J.A.X.","damage_taken":0,"max_hp_gain":0,"max_hp_loss":0,"event_name":"Drug Dealer","floor":28,"gold_loss":0,"cards_obtained":["J.A.X."]}],"is_beta":true,"boss_relics":[{"not_picked":["Black Star","Runic Dome"],"picked":"Mark of Pain"}],"items_purged_floors":[],"is_endless":false,"potions_floor_spawned":[1,10,14,16,20],"killed_by":"Book of Stabbing","ascension_level":20}