{"gold_per_floor":[114,125,125,140,65,65,92,112,112,127,127,154,154,166,166,240,240,260,288,288,106,119,119,144,162,162,162,31,31,56,66,66,139,139,153,15,28,28,28,28,28,41,41,66,86,102,136,149,149,149,149],"floor_reached":51,"playtime":3155,"items_purged":["Strike_R"],"score":1414,"play_id":"a4064bd8-1a6f-4b59-814c-88595c4f860d","local_time":"20190930200010","is_ascension_mode":true,"campfire_choices":[{"data":"Fiend Fire","floor":6.0,"key":"SMITH"},{"data":"Bash","floor":11.0,"key":"SMITH"},{"data":"Power Through","floor":13.0,"key":"SMITH"},{"data":"Shrug It Off","floor":15.0,"key":"SMITH"},{"data":"Offering","floor":23.0,"key":"SMITH"},{"data":"Spot Weakness","floor":27.0,"key":"SMITH"},{"data":"Juggernaut","floor":32.0,"key":"SMITH"},{"data":"Limit Break","floor":40,"key":"SMITH"},{"floor":49,"key":"REST"}],"neow_cost":"NONE","seed_source_timestamp":1191501802490000,"circlet_count":0,"master_deck":["AscendersBane","Strike_R+1","Strike_R+1","Strike_R","Defend_R","Defend_R","Defend_R","Defend_R","Bash+1","Ghostly Armor","Rampage+1","Fiend Fire+1","Power Through+1","Shrug It Off+1","Offering+1","CurseOfTheBell","Spot Weakness+1","Disarm+1","Metallicize+1","Feel No Pain","Shrug It Off","Battle Trance+1","Battle Trance","Disarm","Second Wind","Juggernaut+1","Shrug It Off","Limit Break+1","Power Through+1"],"special_seed":0,"relics":["Burning Blood","Sundial","The Courier","Orichalcum","Calling Bell","PreservedInsect","Meat on the Bone","Gambling Chip","Red Mask","Potion Belt","HornCleat","Orrery","Gremlin Horn","Busted Crown","DollysMirror","Bottled Flame","Whetstone","Nunchaku"],"potions_floor_usage":[33,33,33,44,50,50,50,51],"damage_taken":[{"damage":6.0,"enemies":"Jaw Worm","floor":1.0,"turns":6.0},{"damage":7.0,"enemies":"Small Slimes","floor":2.0,"turns":4.0},{"damage":7.0,"enemies":"Cultist","floor":4.0,"turns":4.0},{"damage":10.0,"enemies":"3 Sentries","floor":7.0,"turns":6.0},{"damage":15.0,"enemies":"Large Slime","floor":8.0,"turns":5.0},{"damage":10.0,"enemies":"Exordium Thugs","floor":10.0,"turns":4.0},{"damage":36.0,"enemies":"Lagavulin","floor":12.0,"turns":9.0},{"damage":1.0,"enemies":"Looter","floor":14.0,"turns":3.0},{"damage":27.0,"enemies":"Hexaghost","floor":16.0,"turns":10.0},{"damage":6.0,"enemies":"Spheric Guardian","floor":18.0,"turns":1.0},{"damage":19.0,"enemies":"Masked Bandits","floor":19.0,"turns":7.0},{"damage":6.0,"enemies":"Chosen","floor":22.0,"turns":9.0},{"damage":9.0,"enemies":"Slavers","floor":24.0,"turns":8.0},{"damage":6.0,"enemies":"3 Cultists","floor":25.0,"turns":6.0},{"damage":19.0,"enemies":"Gremlin Leader","floor":30.0,"turns":6.0},{"damage":7.0,"enemies":"Shelled Parasite and Fungi","floor":31.0,"turns":7.0},{"damage":43,"enemies":"Champ","floor":33,"turns":31},{"damage":10,"enemies":"3 Shapes","floor":35,"turns":5},{"damage":0,"enemies":"Orb Walker","floor":37,"turns":3},{"damage":8,"enemies":"3 Darklings","floor":42,"turns":6},{"damage":8,"enemies":"Reptomancer","floor":44,"turns":3},{"damage":13,"enemies":"Jaw Worm Horde","floor":45,"turns":5},{"damage":6,"enemies":"Maw","floor":46,"turns":5},{"damage":14,"enemies":"Nemesis","floor":47,"turns":7},{"damage":19,"enemies":"Writhing Mass","floor":48,"turns":7},{"damage":28,"enemies":"Time Eater","floor":50,"turns":12},{"damage":63,"enemies":"Awakened One","floor":51,"turns":5}],"seed_played":"3055562850397955258","potions_obtained":[{"floor":2.0,"key":"Swift Potion"},{"floor":4.0,"key":"Explosive Potion"},{"floor":8.0,"key":"Energy Potion"},{"floor":10.0,"key":"Strength Potion"},{"floor":16.0,"key":"ElixirPotion"},{"floor":22.0,"key":"Dexterity Potion"},{"floor":24.0,"key":"Strength Potion"},{"floor":30.0,"key":"Regen Potion"},{"floor":31.0,"key":"LiquidBronze"},{"floor":37,"key":"Explosive Potion"},{"floor":44,"key":"Fire Potion"},{"floor":46,"key":"Block Potion"},{"floor":47,"key":"Swift Potion"},{"floor":48,"key":"Block Potion"}],"is_trial":false,"path_per_floor":["M","M","?","M","?","R","E","M","T","M","R","E","R","M","R","B",null,"M","?","?","$","M","R","E","M","T","R","$","?","E","M","R","B",null,"M","$","M","?","$","R","?","M","T","E","M","M","E","M","R","B","B"],"character_chosen":"IRONCLAD","items_purchased":["Metallicize","Feel No Pain","Orrery","DollysMirror"],"campfire_rested":1,"item_purchase_floors":[21,21,28,36],"current_hp_per_floor":[75,74,74,73,73,73,69,60,60,56,56,26,26,31,31,10,64,64,51,46,46,58,58,55,55,55,55,55,55,54,53,53,43,72,68,68,74,74,74,74,74,72,72,70,63,63,55,54,78,56,0],"gold":149,"neow_bonus":"TEN_PERCENT_HP_BONUS","is_prod":false,"is_daily":false,"chose_seed":false,"campfire_upgraded":8,"win_rate":0,"timestamp":1569898810,"path_taken":["M","M","?","M","?","R","E","M","T","M","R","E","R","M","R","BOSS","M","?","?","$","?","R","E","M","T","R","$","?","E","M","R","BOSS","M","$","M","?","?","R","?","?","T","E","M","M","E","M","R","BOSS","BOSS"],"build_version":"2019-09-27","purchased_purges":1,"victory":false,"max_hp_per_floor":[82,82,82,82,82,82,82,82,82,82,82,82,82,82,82,82,82,82,82,82,82,82,82,82,82,82,82,82,82,82,82,82,82,82,82,82,82,82,82,82,82,82,82,82,82,82,82,82,82,82,82],"card_choices":[{"not_picked":["Cleave","Searing Blow"],"picked":"Ghostly Armor","floor":1.0},{"not_picked":["Thunderclap","True Grit"],"picked":"Rampage","floor":2.0},{"not_picked":["Combust","Clothesline"],"picked":"Fiend Fire","floor":4.0},{"not_picked":["Blood for Blood","Havoc","Rupture"],"picked":"SKIP","floor":7.0},{"not_picked":["Metallicize","Corruption"],"picked":"Power Through","floor":8.0},{"not_picked":["Flex","Body Slam"],"picked":"Shrug It Off","floor":10.0},{"not_picked":["Flex","Armaments","Infernal Blade"],"picked":"SKIP","floor":12.0},{"not_picked":["Hemokinesis","Body Slam","Warcry"],"picked":"SKIP","floor":14.0},{"not_picked":["Dark Embrace","Feed"],"picked":"Offering","floor":16.0},{"not_picked":["Entrench","Sever Soul"],"picked":"Spot Weakness","floor":18.0},{"not_picked":["Wild Strike","Anger"],"picked":"Disarm+1","floor":19.0},{"not_picked":["Armaments","Blood for Blood","Shockwave"],"picked":"SKIP","floor":22.0},{"not_picked":["Dropkick+1","Cleave"],"picked":"Shrug It Off","floor":24.0},{"not_picked":["Clash","Bludgeon","Heavy Blade"],"picked":"SKIP","floor":25.0},{"not_picked":["Clothesline","Body Slam"],"picked":"Battle Trance+1","floor":28.0},{"not_picked":["Clash+1","Thunderclap"],"picked":"Battle Trance","floor":28.0},{"not_picked":["True Grit","Anger"],"picked":"Disarm","floor":28.0},{"not_picked":["Twin Strike","Wild Strike"],"picked":"Second Wind","floor":28.0},{"not_picked":["Clothesline","Searing Blow"],"picked":"Juggernaut","floor":28.0},{"not_picked":["Thunderclap","Armaments+1"],"picked":"Shrug It Off","floor":30.0},{"not_picked":["Hemokinesis","Dropkick","Twin Strike"],"picked":"SKIP","floor":31.0},{"not_picked":["Reaper","Demon Form"],"picked":"Limit Break","floor":33},{"not_picked":["Bloodletting"],"picked":"SKIP","floor":35},{"not_picked":["Warcry"],"picked":"SKIP","floor":37},{"not_picked":["Blood for Blood+1"],"picked":"SKIP","floor":42},{"not_picked":["Flex+1"],"picked":"SKIP","floor":44},{"not_picked":["Pommel Strike"],"picked":"SKIP","floor":45},{"not_picked":["Pommel Strike+1"],"picked":"SKIP","floor":46},{"not_picked":["Pummel+1"],"picked":"SKIP","floor":47},{"not_picked":["Sword Boomerang"],"picked":"SKIP","floor":48}],"player_experience":1158463,"relics_obtained":[{"floor":7.0,"key":"Sundial"},{"floor":9.0,"key":"The Courier"},{"floor":12.0,"key":"Orichalcum"},{"floor":17.0,"key":"PreservedInsect"},{"floor":17.0,"key":"Meat on the Bone"},{"floor":17.0,"key":"Gambling Chip"},{"floor":19.0,"key":"Red Mask"},{"floor":24.0,"key":"Potion Belt"},{"floor":26.0,"key":"HornCleat"},{"floor":30.0,"key":"Gremlin Horn"},{"floor":43,"key":"Bottled Flame"},{"floor":44,"key":"Whetstone"},{"floor":47,"key":"Nunchaku"}],"event_choices":[{"damage_healed":0.0,"max_hp_gain":0.0,"max_hp_loss":0.0,"gold_gain":0.0,"event_name":"Living Wall","player_choice":"Grow","floor":3.0,"gold_loss":0.0,"damage_taken":0.0,"cards_upgraded":["Rampage"]},{"cards_removed":["Strike_R"],"damage_healed":0.0,"max_hp_gain":0.0,"max_hp_loss":0.0,"gold_gain":0.0,"event_name":"The Cleric","player_choice":"Card Removal","floor":5.0,"gold_loss":75.0,"damage_taken":0.0},{"damage_healed":0.0,"max_hp_gain":0.0,"max_hp_loss":0.0,"gold_gain":0.0,"event_name":"Masked Bandits","player_choice":"Fought Bandits","floor":19.0,"gold_loss":0.0,"damage_taken":0.0},{"damage_healed":0.0,"max_hp_gain":0.0,"max_hp_loss":0.0,"gold_gain":0.0,"event_name":"Designer","player_choice":"Punched","floor":20.0,"gold_loss":0.0,"damage_taken":5.0},{"damage_healed":0.0,"max_hp_gain":0.0,"max_hp_loss":0.0,"gold_gain":0.0,"event_name":"Forgotten Altar","player_choice":"Smashed Altar","floor":29.0,"gold_loss":0.0,"damage_taken":0.0,"cards_obtained":["Decay"]},{"cards_removed":["Decay"],"damage_healed":0,"gold_gain":0,"player_choice":"Removed Curses","damage_taken":0,"max_hp_gain":0,"max_hp_loss":0,"event_name":"Fountain of Cleansing","floor":38,"gold_loss":0},{"damage_healed":0,"gold_gain":0,"player_choice":"Upgraded","damage_taken":0,"max_hp_gain":0,"max_hp_loss":0,"event_name":"Upgrade Shrine","floor":41,"gold_loss":0,"cards_upgraded":["Metallicize"]}],"is_beta":true,"boss_relics":[{"not_picked":["SacredBark","Philosopher\u0027s Stone"],"picked":"Calling Bell"},{"not_picked":["Tiny House","Coffee Dripper"],"picked":"Busted Crown"}],"items_purged_floors":[21],"is_endless":false,"potions_floor_spawned":[2,4,8,10,14,16,22,24,30,31,37,44,46,47,48],"killed_by":"Awakened One","ascension_level":20}