{"gold_per_floor":[117,17,17,17,17,17,46,46,46,77,2,32,52,65,65,139,139,158,208,219,248,65,65,14,14,14,14,32,32],"floor_reached":29,"playtime":971,"items_purged":["Strike_G","Strike_G"],"score":554,"play_id":"9f00a68f-ed37-4fe8-9921-991bac278202","local_time":"20190718162925","is_ascension_mode":true,"campfire_choices":[{"data":"Dagger Spray","floor":6.0,"key":"SMITH"},{"data":"Neutralize","floor":8.0,"key":"SMITH"},{"data":"Leg Sweep","floor":15.0,"key":"SMITH"},{"data":"Well Laid Plans","floor":23.0,"key":"SMITH"},{"data":"Endless Agony","floor":25.0,"key":"SMITH"}],"neow_cost":"NONE","seed_source_timestamp":9353223674615806,"circlet_count":0,"master_deck":["AscendersBane","Strike_G","Strike_G+1","Defend_G","Defend_G","Defend_G","Defend_G","Survivor","Neutralize+1","Riddle With Holes","Footwork+1","Dagger Spray+1","Endless Agony+1","Leg Sweep+1","Adrenaline","Poisoned Stab","Poisoned Stab+1","Poisoned Stab","Backflip+1"],"special_seed":0,"relics":["Ring of the Serpent","NeowsBlessing","Ornamental Fan","Gremlin Horn","Gambling Chip","Red Mask","Blue Candle","Art of War"],"potions_floor_usage":[],"damage_taken":[{"damage":0.0,"enemies":"Small Slimes","floor":1.0,"turns":1.0},{"damage":0.0,"enemies":"Lagavulin","floor":7.0,"turns":1.0},{"damage":0.0,"enemies":"Gremlin Nob","floor":10.0,"turns":1.0},{"damage":0.0,"enemies":"Jaw Worm","floor":13.0,"turns":4.0},{"damage":0.0,"enemies":"2 Louse","floor":14.0,"turns":2.0},{"damage":13.0,"enemies":"The Guardian","floor":16.0,"turns":15.0},{"damage":3.0,"enemies":"Shell Parasite","floor":18.0,"turns":9.0},{"damage":9.0,"enemies":"Chosen","floor":20.0,"turns":5.0},{"damage":0.0,"enemies":"Masked Bandits","floor":21.0,"turns":4.0},{"damage":6.0,"enemies":"Snecko","floor":28.0,"turns":5.0},{"damage":38,"enemies":"Book of Stabbing","floor":29,"turns":6}],"seed_played":"4151839028595440264","potions_obtained":[{"floor":1.0,"key":"FearPotion"},{"floor":13.0,"key":"SteroidPotion"},{"floor":20.0,"key":"GhostInAJar"}],"is_trial":false,"path_per_floor":["M","$","?","?","?","R","E","R","T","E","$","?","M","M","R","B",null,"M","?","M","?","$","R","$","R","T","?","M","E"],"character_chosen":"THE_SILENT","items_purchased":["Footwork","Dagger Spray","Well Laid Plans","Poisoned Stab"],"campfire_rested":0,"item_purchase_floors":[2,2,22,24],"current_hp_per_floor":[59,59,52,32,32,32,32,32,32,32,32,32,32,32,32,19,54,51,51,42,42,42,42,42,42,42,42,36,0],"gold":32,"neow_bonus":"THREE_ENEMY_KILL","is_prod":false,"is_daily":false,"chose_seed":false,"campfire_upgraded":5,"win_rate":0,"timestamp":1563445765,"path_taken":["M","$","?","?","?","R","E","R","T","E","?","?","?","M","R","BOSS","M","?","?","?","$","R","$","R","T","?","?","E"],"build_version":"2019-07-17","purchased_purges":2,"victory":false,"max_hp_per_floor":[66,66,66,66,66,66,66,66,66,66,66,66,66,66,66,66,66,66,66,66,66,66,66,66,66,66,66,66,66],"card_choices":[{"not_picked":["Flechettes","Bane"],"picked":"Riddle With Holes","floor":1.0},{"not_picked":["Backflip","Accuracy"],"picked":"Endless Agony","floor":7.0},{"not_picked":["Dagger Spray","Choke"],"picked":"Leg Sweep","floor":10.0},{"not_picked":["Infinite Blades","Sucker Punch","Dagger Spray"],"picked":"SKIP","floor":13.0},{"not_picked":["Outmaneuver","Slice","Flying Knee"],"picked":"SKIP","floor":14.0},{"not_picked":["Tools of the Trade","Doppelganger"],"picked":"Adrenaline","floor":16.0},{"not_picked":["Masterful Stab","Endless Agony"],"picked":"Poisoned Stab","floor":18.0},{"not_picked":["PiercingWail","Footwork"],"picked":"Poisoned Stab+1","floor":20.0},{"not_picked":["Reflex","Sucker Punch"],"picked":"Backflip+1","floor":28.0}],"player_experience":1560001,"relics_obtained":[{"floor":7.0,"key":"Ornamental Fan"},{"floor":9.0,"key":"Gremlin Horn"},{"floor":10.0,"key":"Gambling Chip"},{"floor":21.0,"key":"Red Mask"},{"floor":26.0,"key":"Blue Candle"}],"event_choices":[{"cards_removed":["Defend_G"],"damage_healed":0.0,"max_hp_gain":0.0,"max_hp_loss":0.0,"gold_gain":0.0,"event_name":"Golden Wing","player_choice":"Card Removal","floor":3.0,"gold_loss":0.0,"damage_taken":7.0},{"damage_healed":0.0,"max_hp_gain":0.0,"max_hp_loss":0.0,"gold_gain":0.0,"event_name":"Shining Light","player_choice":"Entered Light","floor":4.0,"gold_loss":0.0,"damage_taken":20.0,"cards_upgraded":["Strike_G","Footwork"]},{"cards_removed":["Strike_G"],"damage_healed":0.0,"max_hp_gain":0.0,"max_hp_loss":0.0,"gold_gain":0.0,"event_name":"Living Wall","player_choice":"Forget","floor":5.0,"gold_loss":0.0,"damage_taken":0.0},{"damage_healed":0.0,"max_hp_gain":0.0,"max_hp_loss":0.0,"gold_gain":30.0,"event_name":"Dead Adventurer","player_choice":"Searched \u00271\u0027 times","floor":12.0,"gold_loss":0.0,"damage_taken":0.0},{"damage_healed":0.0,"max_hp_gain":0.0,"max_hp_loss":0.0,"gold_gain":100.0,"event_name":"The Joust","player_choice":"Bet on Murderer","floor":19.0,"gold_loss":50.0,"damage_taken":0.0},{"damage_healed":0.0,"max_hp_gain":0.0,"max_hp_loss":0.0,"gold_gain":0.0,"event_name":"Masked Bandits","player_choice":"Fought Bandits","floor":21.0,"gold_loss":0.0,"damage_taken":0.0},{"cards_removed":["Well Laid Plans"],"damage_healed":0.0,"max_hp_gain":0.0,"max_hp_loss":0.0,"gold_gain":0.0,"event_name":"WeMeetAgain","player_choice":"Gave Card","floor":27.0,"gold_loss":0.0,"damage_taken":0.0,"relics_obtained":["Art of War"]}],"is_beta":false,"boss_relics":[{"not_picked":["Orrery","White Beast Statue"],"picked":"Ring of the Serpent"}],"items_purged_floors":[11,22],"is_endless":false,"potions_floor_spawned":[1,13,14,20],"killed_by":"Book of Stabbing","ascension_level":20}