{"gold_per_floor":[117,135,154,170,181,209,221,233,245,271,309,321,368,391,403,510,522,553,211,223,236,250,250,281,299,322,322,332,332,347,362,362,459,459,476,496,86,99,112,138,149,165,165,165,200,217,230,243,243,243],"floor_reached":51,"playtime":4473,"items_purged":[],"score":1005,"play_id":"f5204916-ca31-46c0-b5e5-7d1004c6568b","local_time":"20190314004337","daily_mods":["Insanity","Chimera","Vintage","Heirloom"],"is_ascension_mode":false,"campfire_choices":[{"data":"Infinite Blades","floor":15.0,"key":"SMITH"},{"floor":23.0,"key":"REST"},{"data":"Zap","floor":32.0,"key":"SMITH"},{"floor":44,"key":"REST"},{"floor":49,"key":"REST"}],"neow_cost":"","seed_source_timestamp":0,"circlet_count":0,"master_deck":["Demon Form","Wraith Form v2","Echo Form","Bash","Survivor","Zap+1","Strike_R","Strike_G","Strike_B","Defend_R","Defend_G","Defend_B","Escape Plan","Bane","Prepared","Quick Slash","Acrobatics","Outmaneuver","Backflip","Slice","Prepared","Reflex","Quick Slash","Blade Dance","Backflip","Infinite Blades+1","Blade Dance","Dagger Throw+1","Dagger Throw","Catalyst","Expertise","Endless Agony+1","Distraction","Riddle With Holes","PiercingWail","Slice","Dodge and Roll","Flying Knee","Choke","Backflip","Backflip","Sucker Punch","Poisoned Stab","Poisoned Stab","Dodge and Roll","Outmaneuver","Dodge and Roll","Prepared+1","Backflip","Cloak And Dagger","Tactician","Sucker Punch","Slice","Cloak And Dagger+1","Acrobatics","Sucker Punch","Accuracy","Dash","PiercingWail","PiercingWail","Prepared","Flying Knee","Skewer","After Image+1","After Image+1","Storm of Steel","Footwork+1","Setup+1"],"special_seed":0,"relics":["Snecko Eye","Ice Cream","Blue Candle","Whetstone","Thread and Needle","Ornamental Fan","MawBank","Gambling Chip","Anchor","Kunai","Strawberry","Bag of Marbles","Prayer Wheel","Potion Belt","Frozen Egg 2","Busted Crown","Oddly Smooth Stone","Tiny Chest","Bronze Scales","War Paint","Vajra","Happy Flower","PreservedInsect","The Courier","Pen Nib","Regal Pillow","FossilizedHelix","Matryoshka","Question Card","Letter Opener","Black Star","Centennial Puzzle","Dodecahedron","PrismaticShard","Molten Egg 2","Art of War","Pantograph","Paper Crane","Bottled Tornado","Ninja Scroll","The Specimen","Juzu Bracelet","Bottled Lightning","Toxic Egg 2","Bag of Preparation","Sundial","Smiling Mask","Nunchaku"],"potions_floor_usage":[40,41,50,50],"damage_taken":[{"damage":0.0,"enemies":"Small Slimes","floor":1.0,"turns":2.0},{"damage":0.0,"enemies":"Cultist","floor":2.0,"turns":2.0},{"damage":0.0,"enemies":"Jaw Worm","floor":3.0,"turns":3.0},{"damage":0.0,"enemies":"Looter","floor":4.0,"turns":2.0},{"damage":0.0,"enemies":"Exordium Thugs","floor":5.0,"turns":5.0},{"damage":2.0,"enemies":"2 Fungi Beasts","floor":6.0,"turns":3.0},{"damage":0.0,"enemies":"Blue Slaver","floor":10.0,"turns":2.0},{"damage":7.0,"enemies":"Gremlin Nob","floor":11.0,"turns":4.0},{"damage":0.0,"enemies":"3 Sentries","floor":13.0,"turns":5.0},{"damage":0.0,"enemies":"3 Louse","floor":14.0,"turns":2.0},{"damage":15.0,"enemies":"Hexaghost","floor":16.0,"turns":5.0},{"damage":10.0,"enemies":"3 Byrds","floor":18.0,"turns":4.0},{"damage":0.0,"enemies":"Chosen","floor":20.0,"turns":4.0},{"damage":0.0,"enemies":"Snecko","floor":21.0,"turns":4.0},{"damage":0.0,"enemies":"Cultist and Chosen","floor":22.0,"turns":4.0},{"damage":0.0,"enemies":"Gremlin Leader","floor":24.0,"turns":7.0},{"damage":0.0,"enemies":"Shelled Parasite and Fungi","floor":25.0,"turns":3.0},{"damage":0.0,"enemies":"Chosen and Byrds","floor":28.0,"turns":4.0},{"damage":0.0,"enemies":"Snake Plant","floor":30.0,"turns":2.0},{"damage":0.0,"enemies":"Snecko","floor":31.0,"turns":4.0},{"damage":26.0,"enemies":"Collector","floor":33.0,"turns":7.0},{"damage":11.0,"enemies":"3 Darklings","floor":35.0,"turns":3.0},{"damage":0.0,"enemies":"Orb Walker","floor":36.0,"turns":3.0},{"damage":0.0,"enemies":"Spire Growth","floor":38.0,"turns":3.0},{"damage":13.0,"enemies":"Sphere and 2 Shapes","floor":39.0,"turns":4.0},{"damage":0,"enemies":"Nemesis","floor":40,"turns":5},{"damage":12,"enemies":"4 Shapes","floor":41,"turns":4},{"damage":0,"enemies":"Transient","floor":42,"turns":5},{"damage":0,"enemies":"Reptomancer","floor":45,"turns":3},{"damage":10,"enemies":"Jaw Worm Horde","floor":46,"turns":3},{"damage":0,"enemies":"Writhing Mass","floor":47,"turns":6},{"damage":0,"enemies":"Maw","floor":48,"turns":5},{"damage":0,"enemies":"Donu and Deca","floor":50,"turns":8}],"seed_played":"7910024040429473026","potions_obtained":[{"floor":1.0,"key":"Ancient Potion"},{"floor":4.0,"key":"GhostInAJar"},{"floor":5.0,"key":"PowerPotion"},{"floor":13.0,"key":"Energy Potion"},{"floor":20.0,"key":"Ancient Potion"},{"floor":21.0,"key":"Dexterity Potion"},{"floor":25.0,"key":"PowerPotion"},{"floor":28.0,"key":"PowerPotion"},{"floor":35.0,"key":"SpeedPotion"},{"floor":41,"key":"Ancient Potion"},{"floor":47,"key":"Fruit Juice"}],"is_trial":true,"path_per_floor":["M","M","M","M","M","M","?","?","T","M","E","?","E","M","R","B",null,"M","$","M","M","M","R","E","M","T","T","M","T","M","M","R","B",null,"M","M","$","M","M","E","M","M","T","R","E","M","M","M","R","B",null],"character_chosen":"THE_SILENT","items_purchased":["After Image+1","Tiny Chest","Bronze Scales","Footwork+1","PrismaticShard","Molten Egg 2"],"campfire_rested":3,"item_purchase_floors":[19,19,19,37,37,37],"current_hp_per_floor":[70,70,70,70,70,68,65,65,65,72,65,65,65,65,65,50,77,67,67,67,67,67,77,77,77,77,77,77,77,77,77,77,51,77,66,66,66,66,53,53,41,41,41,77,77,67,67,67,77,77],"gold":243,"neow_bonus":"","is_prod":false,"is_daily":false,"chose_seed":false,"campfire_upgraded":2,"win_rate":0.0,"timestamp":1552538617,"path_taken":["M","M","M","M","M","M","?","?","T","M","E","?","E","M","R","BOSS","M","$","M","M","M","R","E","M","T","?","M","?","M","M","R","BOSS","M","M","$","M","M","E","M","M","T","R","E","M","M","M","R","BOSS"],"build_version":"2019-01-23","purchased_purges":0,"victory":true,"max_hp_per_floor":[70,70,70,70,70,70,70,70,70,77,77,77,77,77,77,77,77,77,77,77,77,77,77,77,77,77,77,77,77,77,77,77,77,77,77,77,77,77,77,77,77,77,77,77,77,77,77,77,77,77],"card_choices":[{"not_picked":["Sucker Punch","Heel Hook"],"picked":"Skewer","floor":11.0},{"not_picked":["Backflip","Outmaneuver","Sucker Punch"],"picked":"SKIP","floor":13.0},{"not_picked":["Glass Knife","A Thousand Cuts+1"],"picked":"After Image+1","floor":16.0},{"not_picked":["Distraction"],"picked":"SKIP","floor":24.0},{"not_picked":["Corpse Explosion"],"picked":"Storm of Steel","floor":33.0},{"not_picked":["Second Wind"],"picked":"Setup+1","floor":40},{"not_picked":["Anger+1","Flame Barrier"],"picked":"SKIP","floor":45}],"player_experience":48899,"relics_obtained":[{"floor":1.0,"key":"Blue Candle"},{"floor":2.0,"key":"Whetstone"},{"floor":3.0,"key":"Thread and Needle"},{"floor":4.0,"key":"Ornamental Fan"},{"floor":5.0,"key":"MawBank"},{"floor":6.0,"key":"Gambling Chip"},{"floor":9.0,"key":"Kunai"},{"floor":10.0,"key":"Strawberry"},{"floor":11.0,"key":"Bag of Marbles"},{"floor":13.0,"key":"Potion Belt"},{"floor":14.0,"key":"Frozen Egg 2"},{"floor":18.0,"key":"Oddly Smooth Stone"},{"floor":20.0,"key":"War Paint"},{"floor":21.0,"key":"Vajra"},{"floor":22.0,"key":"Happy Flower"},{"floor":24.0,"key":"PreservedInsect"},{"floor":25.0,"key":"The Courier"},{"floor":26.0,"key":"Pen Nib"},{"floor":27.0,"key":"Regal Pillow"},{"floor":28.0,"key":"FossilizedHelix"},{"floor":29.0,"key":"Matryoshka"},{"floor":30.0,"key":"Question Card"},{"floor":31.0,"key":"Letter Opener"},{"floor":35.0,"key":"Centennial Puzzle"},{"floor":36.0,"key":"Dodecahedron"},{"floor":38.0,"key":"Art of War"},{"floor":39.0,"key":"Pantograph"},{"floor":40,"key":"Paper Crane"},{"floor":40,"key":"Bottled Tornado"},{"floor":41,"key":"Ninja Scroll"},{"floor":42,"key":"The Specimen"},{"floor":43,"key":"Juzu Bracelet"},{"floor":43,"key":"Bottled Lightning"},{"floor":45,"key":"Toxic Egg 2"},{"floor":45,"key":"Bag of Preparation"},{"floor":46,"key":"Sundial"},{"floor":47,"key":"Smiling Mask"},{"floor":48,"key":"Nunchaku"}],"event_choices":[{"damage_healed":0.0,"max_hp_gain":0.0,"max_hp_loss":0.0,"gold_gain":0.0,"event_name":"Scrap Ooze","player_choice":"Success","floor":7.0,"gold_loss":0.0,"damage_taken":3.0,"relics_obtained":["Anchor"]},{"damage_healed":0.0,"max_hp_gain":0.0,"max_hp_loss":0.0,"gold_gain":0.0,"event_name":"Liars Game","player_choice":"Ignored","floor":8.0,"gold_loss":0.0,"damage_taken":0.0},{"damage_healed":0.0,"max_hp_gain":0.0,"max_hp_loss":0.0,"gold_gain":0.0,"event_name":"WeMeetAgain","player_choice":"Gave Potion","floor":12.0,"gold_loss":0.0,"damage_taken":0.0,"relics_obtained":["Prayer Wheel"]}],"is_beta":false,"boss_relics":[{"not_picked":["Coffee Dripper","Fusion Hammer"],"picked":"Busted Crown"},{"not_picked":["Calling Bell","Velvet Choker"],"picked":"Black Star"}],"items_purged_floors":[],"is_endless":false,"potions_floor_spawned":[1,4,5,11,13,20,21,24,25,28,31,35,41,46,47],"ascension_level":0}