{"gold_per_floor":[114,129,129,99,114,144,144,144,194,209,209,224,239,269,269,369,419,434,449,464,479,129,129,159,159,184,199,199,49,49,64,64,164,164,179,179,194,209,224,254,254,254,279,29,29,59,74,89,89,89],"floor_reached":51,"playtime":3047,"items_purged":[],"score":768,"play_id":"e2ab5bc6-a831-4843-9d1f-1da98313d5bb","local_time":"20190314111750","daily_mods":["Heirloom","Green Cards","Binary"],"is_ascension_mode":false,"campfire_choices":[{"data":"Bash","floor":11,"key":"SMITH"},{"floor":15,"key":"REST"},{"floor":23,"key":"REST"},{"data":"Metallicize","floor":25,"key":"SMITH"},{"floor":28,"key":"REST"},{"data":"Juggernaut","floor":32,"key":"SMITH"},{"floor":41,"key":"REST"},{"floor":49,"key":"REST"}],"neow_cost":"","seed_source_timestamp":0,"circlet_count":0,"master_deck":["Strike_R","Strike_R","Strike_R","Strike_R","Strike_R","Defend_R","Defend_R","Defend_R+1","Defend_R","Bash+1","Metallicize+1","Flying Knee","Perfected Strike","Finisher","Juggernaut+1","Feed","Outmaneuver+1","PiercingWail","Glass Knife","Shockwave+1","Backflip+1","Phantasmal Killer","Footwork+1","Metallicize","Whirlwind+1","Skewer","Unload"],"special_seed":17969,"relics":["Burning Blood","Magic Flower","PreservedInsect","Dream Catcher","Bottled Tornado","Tiny House","Blood Vial","Brimstone","Pocketwatch","Orichalcum","Bag of Marbles","Fusion Hammer","Art of War","Vajra","Kunai","Nunchaku"],"potions_floor_usage":[6,10,14,16,16,19,24,33,33,40,45,46,50],"damage_taken":[{"damage":5,"enemies":"Jaw Worm","floor":1,"turns":4},{"damage":1,"enemies":"Cultist","floor":2,"turns":4},{"damage":4,"enemies":"2 Louse","floor":5,"turns":3},{"damage":18,"enemies":"3 Sentries","floor":6,"turns":12},{"damage":6,"enemies":"2 Fungi Beasts","floor":10,"turns":4},{"damage":13,"enemies":"Lots of Slimes","floor":12,"turns":6},{"damage":10,"enemies":"Exordium Thugs","floor":13,"turns":4},{"damage":15,"enemies":"Lagavulin","floor":14,"turns":6},{"damage":39,"enemies":"The Guardian","floor":16,"turns":8},{"damage":17,"enemies":"Spheric Guardian","floor":18,"turns":5},{"damage":39,"enemies":"2 Thieves","floor":19,"turns":4},{"damage":33,"enemies":"Snake Plant","floor":20,"turns":6},{"damage":7,"enemies":"Snecko","floor":21,"turns":4},{"damage":7,"enemies":"Gremlin Leader","floor":24,"turns":4},{"damage":19,"enemies":"Centurion and Healer","floor":27,"turns":6},{"damage":18,"enemies":"Sentry and Sphere","floor":31,"turns":4},{"damage":6,"enemies":"Champ","floor":33,"turns":6},{"damage":7,"enemies":"Orb Walker","floor":35,"turns":3},{"damage":6,"enemies":"3 Darklings","floor":37,"turns":4},{"damage":11,"enemies":"Spire Growth","floor":38,"turns":4},{"damage":0,"enemies":"Maw","floor":39,"turns":5},{"damage":0,"enemies":"Nemesis","floor":40,"turns":3},{"damage":0,"enemies":"4 Shapes","floor":45,"turns":1},{"damage":2,"enemies":"Giant Head","floor":46,"turns":4},{"damage":0,"enemies":"Transient","floor":47,"turns":5},{"damage":22,"enemies":"Spire Growth","floor":48,"turns":4},{"damage":78,"enemies":"Awakened One","floor":50,"turns":8}],"seed_played":"-4649029589415809822","potions_obtained":[{"floor":2,"key":"FearPotion"},{"floor":4,"key":"Poison Potion"},{"floor":4,"key":"SkillPotion"},{"floor":6,"key":"Weak Potion"},{"floor":10,"key":"EssenceOfSteel"},{"floor":16,"key":"Explosive Potion"},{"floor":17,"key":"GamblersBrew"},{"floor":19,"key":"AttackPotion"},{"floor":24,"key":"PowerPotion"},{"floor":27,"key":"AttackPotion"},{"floor":33,"key":"Energy Potion"},{"floor":37,"key":"SteroidPotion"},{"floor":40,"key":"SmokeBomb"},{"floor":47,"key":"FearPotion"}],"is_trial":false,"path_per_floor":["M","M","$","?","M","E","$","$","T","M","R","M","M","E","R","B",null,"M","M","M","M","$","R","E","R","T","M","R","$","?","M","R","B",null,"M","?","M","M","M","E","R","?","T","$","M","E","M","M","R","B",null],"character_chosen":"IRONCLAD","items_purchased":["Blood Vial","Brimstone","Bag of Marbles","Kunai"],"campfire_rested":5,"item_purchase_floors":[22,22,29,44],"current_hp_per_floor":[80,80,80,80,80,71,71,71,71,74,74,70,69,63,80,50,85,77,47,28,35,35,62,67,67,67,65,93,93,93,85,85,91,94,97,88,94,95,97,100,100,100,100,100,100,100,100,87,100,31],"gold":89,"neow_bonus":"","is_prod":false,"is_daily":true,"chose_seed":false,"campfire_upgraded":3,"win_rate":0,"timestamp":1552576670,"path_taken":["M","M","$","?","M","E","?","$","T","M","R","M","M","E","R","BOSS","M","M","M","M","$","R","E","R","T","M","R","$","?","M","R","BOSS","M","?","M","M","?","E","R","?","T","$","M","E","M","M","R","BOSS"],"build_version":"2019-01-23","purchased_purges":0,"victory":true,"max_hp_per_floor":[80,80,80,80,80,80,80,80,80,80,80,80,80,80,80,80,85,85,85,88,91,91,91,91,91,91,94,94,94,94,94,94,94,94,97,97,97,97,97,100,100,100,100,100,100,100,100,100,100,100],"card_choices":[{"not_picked":["Flex","Escape Plan"],"picked":"SKIP","floor":1},{"not_picked":["Perfected Strike"],"picked":"Metallicize","floor":2},{"not_picked":["Twin Strike","Deflect"],"picked":"SKIP","floor":5},{"not_picked":["Sword Boomerang"],"picked":"Flying Knee","floor":6},{"not_picked":["Outmaneuver","Sever Soul"],"picked":"SKIP","floor":10},{"not_picked":["Masterful Stab","Deflect"],"picked":"SKIP","floor":12},{"not_picked":["Blade Dance"],"picked":"Perfected Strike","floor":13},{"not_picked":["Warcry"],"picked":"Finisher","floor":14},{"not_picked":["Prepared"],"picked":"Juggernaut","floor":15},{"not_picked":["Immolate"],"picked":"Feed","floor":16},{"not_picked":["Clash+1","Wild Strike"],"picked":"SKIP","floor":18},{"not_picked":["Blade Dance"],"picked":"Outmaneuver+1","floor":19},{"not_picked":["Twin Strike","Second Wind"],"picked":"SKIP","floor":20},{"not_picked":["Searing Blow"],"picked":"PiercingWail","floor":21},{"not_picked":["Combust+1","Clash"],"picked":"SKIP","floor":24},{"not_picked":["Masterful Stab"],"picked":"Glass Knife","floor":27},{"not_picked":["Deflect"],"picked":"Backflip+1","floor":31},{"not_picked":["Fiend Fire"],"picked":"Phantasmal Killer","floor":33},{"not_picked":["Deflect"],"picked":"Footwork+1","floor":35},{"not_picked":["Power Through","Iron Wave"],"picked":"SKIP","floor":37},{"not_picked":["Deflect","Thunderclap"],"picked":"SKIP","floor":38},{"not_picked":["Deflect","Burning Pact"],"picked":"SKIP","floor":39},{"not_picked":["Heavy Blade+1"],"picked":"Metallicize","floor":40},{"not_picked":["Slice"],"picked":"Whirlwind+1","floor":41},{"not_picked":["Sucker Punch"],"picked":"Skewer","floor":46},{"not_picked":["Clash+1","Bane+1"],"picked":"SKIP","floor":47},{"not_picked":["Anger"],"picked":"Unload","floor":48}],"player_experience":53372,"relics_obtained":[{"floor":6,"key":"PreservedInsect"},{"floor":9,"key":"Dream Catcher"},{"floor":14,"key":"Bottled Tornado"},{"floor":24,"key":"Pocketwatch"},{"floor":26,"key":"Orichalcum"},{"floor":40,"key":"Art of War"},{"floor":43,"key":"Vajra"},{"floor":46,"key":"Nunchaku"}],"event_choices":[{"damage_healed":0,"gold_gain":0,"player_choice":"Bought 2 Potions","damage_taken":0,"max_hp_gain":0,"max_hp_loss":0,"event_name":"The Woman in Blue","floor":4,"gold_loss":0},{"damage_healed":0,"gold_gain":0,"player_choice":"Read","damage_taken":0,"max_hp_gain":0,"max_hp_loss":0,"event_name":"The Library","floor":30,"gold_loss":0,"cards_obtained":["Shockwave"]},{"damage_healed":0,"gold_gain":0,"player_choice":"Damaged","damage_taken":9,"max_hp_gain":0,"max_hp_loss":0,"event_name":"Wheel of Change","floor":36,"gold_loss":0},{"damage_healed":0,"gold_gain":0,"player_choice":"Forge","damage_taken":0,"max_hp_gain":0,"max_hp_loss":0,"event_name":"Accursed Blacksmith","floor":42,"gold_loss":0,"cards_upgraded":["Shockwave"]}],"is_beta":false,"boss_relics":[{"not_picked":["Astrolabe","Coffee Dripper"],"picked":"Tiny House"},{"not_picked":["Busted Crown","Black Star"],"picked":"Fusion Hammer"}],"items_purged_floors":[],"is_endless":false,"potions_floor_spawned":[2,6,10,16,19,24,27,33,37,40,45,47],"ascension_level":0}