{"gold_per_floor":[116,116,116,132,148,179,179,179,226,236,248,282,282,282,282,383,383,396,426,443,443,443,443,474,485,532,532,52,71,71],"floor_reached":30,"playtime":1628,"items_purged":["Strike_G"],"score":297,"play_id":"df5088b0-627a-4b5e-9769-74cf238992eb","local_time":"20190318161513","is_ascension_mode":true,"campfire_choices":[{"floor":7,"key":"RECALL"},{"data":"Well Laid Plans","floor":13,"key":"SMITH"},{"floor":15,"key":"REST"},{"floor":23,"key":"REST"},{"floor":27,"key":"REST"}],"neow_cost":"NONE","seed_source_timestamp":60492816862310,"circlet_count":0,"master_deck":["Defend_G","Defend_G","Defend_G","Defend_G","Defend_G","Strike_G","Strike_G","Strike_G","Strike_G+1","Survivor","Neutralize+1","Venomology+1","Flying Knee+1","Poisoned Stab","Corpse Explosion","Well Laid Plans+1","Expertise","After Image+1","Catalyst","PiercingWail","Poisoned Stab","PiercingWail+1","Dodge and Roll"],"relics":["Ring of the Snake","Happy Flower","Frozen Egg 2","Mercury Hourglass","White Beast Statue","Red Mask","Regal Pillow","Whetstone","Letter Opener","Strawberry"],"potions_floor_usage":[6,6,6,11,12,12,12,12,16,16,18,19,19,19,19,19,20,20,20,20,20,21,21,24,25,25,29,30,30],"damage_taken":[{"damage":0,"enemies":"Jaw Worm","floor":1,"turns":6},{"damage":0,"enemies":"2 Louse","floor":4,"turns":2},{"damage":0,"enemies":"Small Slimes","floor":5,"turns":3},{"damage":8,"enemies":"3 Sentries","floor":6,"turns":7},{"damage":0,"enemies":"Red Slaver","floor":10,"turns":3},{"damage":0,"enemies":"3 Louse","floor":11,"turns":4},{"damage":8,"enemies":"Gremlin Nob","floor":12,"turns":4},{"damage":35,"enemies":"The Guardian","floor":16,"turns":8},{"damage":19,"enemies":"Spheric Guardian","floor":18,"turns":6},{"damage":30,"enemies":"Masked Bandits","floor":19,"turns":6},{"damage":0,"enemies":"2 Thieves","floor":20,"turns":3},{"damage":1,"enemies":"Colosseum Slavers","floor":21,"turns":3},{"damage":0,"enemies":"Book of Stabbing","floor":24,"turns":7},{"damage":14,"enemies":"Centurion and Healer","floor":25,"turns":6},{"damage":15,"enemies":"Snecko","floor":29,"turns":5},{"damage":63,"enemies":"Gremlin Leader","floor":30,"turns":5}],"seed_played":"-7232843888281710449","potions_obtained":[{"floor":6,"key":"Energy Potion"},{"floor":10,"key":"EntropicBrew"},{"floor":12,"key":"SteroidPotion"},{"floor":16,"key":"Swift Potion"},{"floor":18,"key":"EssenceOfSteel"},{"floor":19,"key":"Weak Potion"},{"floor":20,"key":"PowerPotion"},{"floor":24,"key":"GamblersBrew"},{"floor":25,"key":"Strength Potion"}],"is_trial":false,"path_per_floor":["M","?","?","M","M","E","R","$","T","M","M","E","R","?","R","B",null,"M","?","M","?","?","R","E","M","T","R","$","M","E"],"character_chosen":"THE_SILENT","items_purchased":["Letter Opener","Strawberry"],"campfire_rested":3,"item_purchase_floors":[28,28],"current_hp_per_floor":[70,70,70,70,70,62,62,62,62,62,62,54,54,47,68,33,70,51,21,21,20,20,41,41,27,27,63,70,55,0],"gold":71,"neow_bonus":"ONE_RANDOM_RARE_CARD","is_prod":false,"is_daily":false,"chose_seed":false,"campfire_upgraded":1,"win_rate":0,"timestamp":1552940113,"path_taken":["M","?","?","M","M","E","R","$","T","M","M","E","R","?","R","BOSS","M","?","M","?","?","R","E","M","T","R","$","M","E"],"build_version":"2019-01-23","purchased_purges":1,"victory":false,"max_hp_per_floor":[70,70,70,70,70,70,70,70,70,70,70,70,70,70,70,70,70,70,70,70,70,70,70,70,70,70,70,77,77,77],"card_choices":[{"not_picked":["Deflect","Blade Dance"],"picked":"Flying Knee","floor":1},{"not_picked":["Flying Knee","Cloak And Dagger","Deflect"],"picked":"SKIP","floor":4},{"not_picked":["Bane","Deadly Poison"],"picked":"Poisoned Stab","floor":5},{"not_picked":["Calculated Gamble","Sucker Punch"],"picked":"Corpse Explosion","floor":6},{"not_picked":["Eviscerate","Backflip"],"picked":"Well Laid Plans","floor":10},{"not_picked":["Deflect","Heel Hook","Outmaneuver"],"picked":"SKIP","floor":11},{"not_picked":["Calculated Gamble","Poisoned Stab"],"picked":"Expertise","floor":12},{"not_picked":["Storm of Steel","Corpse Explosion"],"picked":"After Image+1","floor":16},{"not_picked":["Slice","Dodge and Roll"],"picked":"Catalyst","floor":18},{"not_picked":["Dodge and Roll","Outmaneuver"],"picked":"PiercingWail","floor":19},{"not_picked":["Outmaneuver","Dagger Spray","Masterful Stab"],"picked":"SKIP","floor":20},{"not_picked":["Blade Dance","Prepared"],"picked":"Poisoned Stab","floor":24},{"not_picked":["Underhanded Strike","Prepared"],"picked":"PiercingWail+1","floor":25},{"not_picked":["Blade Dance+1","Dagger Spray"],"picked":"Dodge and Roll","floor":29}],"player_experience":84943,"relics_obtained":[{"floor":6,"key":"Happy Flower"},{"floor":12,"key":"Frozen Egg 2"},{"floor":19,"key":"Red Mask"},{"floor":24,"key":"Regal Pillow"},{"floor":26,"key":"Whetstone"}],"event_choices":[{"damage_healed":0,"gold_gain":0,"player_choice":"Grow","damage_taken":0,"max_hp_gain":0,"max_hp_loss":0,"event_name":"Living Wall","floor":2,"gold_loss":0,"cards_upgraded":["Venomology"]},{"damage_healed":0,"gold_gain":0,"player_choice":"Ignored","damage_taken":0,"max_hp_gain":0,"max_hp_loss":0,"event_name":"Golden Wing","floor":3,"gold_loss":0},{"damage_healed":0,"gold_gain":0,"player_choice":"Success","damage_taken":7,"relics_obtained":["Mercury Hourglass"],"max_hp_gain":0,"max_hp_loss":0,"event_name":"Scrap Ooze","floor":14,"gold_loss":0},{"damage_healed":0,"gold_gain":0,"player_choice":"Fought Bandits","damage_taken":0,"max_hp_gain":0,"max_hp_loss":0,"event_name":"Masked Bandits","floor":19,"gold_loss":0},{"damage_healed":0,"gold_gain":0,"player_choice":"Fight","damage_taken":0,"max_hp_gain":0,"max_hp_loss":0,"event_name":"Colosseum","floor":21,"gold_loss":0},{"damage_healed":0,"gold_gain":0,"player_choice":"Fled From Nobs","damage_taken":0,"max_hp_gain":0,"max_hp_loss":0,"event_name":"Colosseum","floor":21,"gold_loss":0},{"damage_healed":0,"gold_gain":0,"player_choice":"Upgraded","damage_taken":0,"max_hp_gain":0,"max_hp_loss":0,"event_name":"Upgrade Shrine","floor":22,"gold_loss":0,"cards_upgraded":["Neutralize"]}],"is_beta":false,"boss_relics":[{"not_picked":["Ectoplasm","Velvet Choker"],"picked":"White Beast Statue"}],"items_purged_floors":[28],"is_endless":false,"potions_floor_spawned":[6,10,11,12,16,18,19,20,21,24,25,29],"killed_by":"Gremlin Leader","ascension_level":1}