{"gold_per_floor":[112,126,126,126,141,141,7,7,7,7,28,71,71,118,118,118],"floor_reached":16,"playtime":906,"items_purged":["Strike_R"],"score":216,"play_id":"d1a4b510-4a1e-43fc-8f9f-6295140db501","local_time":"20190921174214","is_ascension_mode":true,"campfire_choices":[{"data":"Bash","floor":6,"key":"SMITH"},{"floor":13,"key":"REST"},{"floor":15,"key":"REST"}],"neow_cost":"NONE","seed_source_timestamp":127931494567600,"circlet_count":0,"master_deck":["AscendersBane","Strike_R","Strike_R","Strike_R","Defend_R","Defend_R","Defend_R","Defend_R","Bash+1","Sword Boomerang","Anger","Body Slam+1","Clothesline+1","Entrench","Burning Pact","Shrug It Off","Spot Weakness"],"relics":["Black Star","Golden Idol","Molten Egg 2","Shuriken","Paper Frog","Omamori","Bottled Lightning","CeramicFish"],"potions_floor_usage":[16],"damage_taken":[{"damage":5,"enemies":"Small Slimes","floor":1,"turns":4},{"damage":11,"enemies":"Jaw Worm","floor":2,"turns":4},{"damage":9,"enemies":"2 Louse","floor":5,"turns":3},{"damage":15,"enemies":"Large Slime","floor":11,"turns":5},{"damage":20,"enemies":"Lagavulin","floor":12,"turns":6},{"damage":19,"enemies":"Gremlin Nob","floor":14,"turns":4},{"damage":30,"enemies":"The Guardian","floor":16,"turns":6}],"seed_played":"8612738570963395322","potions_obtained":[{"floor":14,"key":"Swift Potion"}],"is_trial":false,"path_per_floor":["M","M","?","T","M","R","$","?","T","?","M","E","R","E","R","B"],"character_chosen":"IRONCLAD","items_purchased":["Clothesline+1"],"campfire_rested":2,"item_purchase_floors":[7],"current_hp_per_floor":[63,52,52,52,43,43,43,43,43,43,28,8,28,9,29,0],"gold":118,"neow_bonus":"BOSS_RELIC","is_prod":false,"is_daily":false,"chose_seed":false,"campfire_upgraded":1,"win_rate":0,"timestamp":1569055334,"path_taken":["M","M","?","?","M","R","?","?","T","?","?","E","R","E","R","BOSS"],"build_version":"2019-09-20","purchased_purges":1,"victory":false,"max_hp_per_floor":[75,75,68,68,68,68,68,68,68,68,68,68,68,68,68,68],"card_choices":[{"not_picked":["Thunderclap","Rage"],"picked":"Sword Boomerang","floor":1},{"not_picked":["Burning Pact","Iron Wave"],"picked":"Anger","floor":2},{"not_picked":["Heavy Blade+1","Berserk"],"picked":"Body Slam+1","floor":5},{"not_picked":["Clothesline+1","Cleave+1"],"picked":"Burning Pact","floor":11},{"not_picked":["Flex","Spot Weakness"],"picked":"Shrug It Off","floor":12},{"not_picked":["Carnage+1","Power Through"],"picked":"Spot Weakness","floor":14}],"player_experience":801980,"relics_obtained":[{"floor":4,"key":"Molten Egg 2"},{"floor":9,"key":"Shuriken"},{"floor":12,"key":"Paper Frog"},{"floor":12,"key":"Omamori"},{"floor":14,"key":"Bottled Lightning"},{"floor":14,"key":"CeramicFish"}],"event_choices":[{"damage_healed":0,"gold_gain":0,"player_choice":"Lose Max HP","damage_taken":0,"relics_obtained":["Golden Idol"],"max_hp_gain":0,"max_hp_loss":7,"event_name":"Golden Idol","floor":3,"gold_loss":0},{"damage_healed":0,"gold_gain":0,"player_choice":"Ignored","damage_taken":0,"max_hp_gain":0,"max_hp_loss":0,"event_name":"Liars Game","floor":8,"gold_loss":0},{"damage_healed":0,"gold_gain":0,"cards_transformed":["Strike_R"],"player_choice":"Change","damage_taken":0,"max_hp_gain":0,"max_hp_loss":0,"event_name":"Living Wall","floor":10,"gold_loss":0,"cards_obtained":["Entrench"]}],"is_beta":true,"boss_relics":[],"items_purged_floors":[7],"is_endless":false,"potions_floor_spawned":[14],"killed_by":"The Guardian","ascension_level":20}