{"gold_per_floor":[360,360,378,16,16,60,74,108,108,108,108,80,100,119,119,243,243,267,267,291,310,310,310,210,248,272,272,288,163,13,44,44,44],"floor_reached":33,"playtime":1622,"items_purged":["Injury","Defend_B+1","Defend_B+1","Defend_B+1"],"score":333,"play_id":"cc86cb73-a5f5-401d-8614-ef469e094393","local_time":"20191001150133","is_ascension_mode":true,"campfire_choices":[{"floor":15,"key":"REST"},{"data":"Redo","floor":23,"key":"SMITH"},{"data":"Sweeping Beam","floor":27,"key":"SMITH"},{"data":"Hello World","floor":32,"key":"SMITH"}],"neow_cost":"PERCENT_DAMAGE","seed_source_timestamp":164930653131600,"circlet_count":0,"master_deck":["Defend_B+1","Zap+1","Dualcast","Cold Snap","Consume+1","Leap","Leap","Ball Lightning","Redo+1","Seek","Reinforced Body+1","Sweeping Beam+1","Bite","Bite","Bite","Bite","Bite","Self Repair+1","Hello World+1"],"relics":["Cracked Core","Golden Idol","Symbiotic Virus","Emotion Chip","Darkstone Periapt","Cables","Eternal Feather","Sozu","Orichalcum","Potion Belt","Mercury Hourglass"],"potions_floor_usage":[31],"damage_taken":[{"damage":5,"enemies":"Small Slimes","floor":1,"turns":4},{"damage":1,"enemies":"Jaw Worm","floor":3,"turns":3},{"damage":9,"enemies":"Gremlin Nob","floor":6,"turns":3},{"damage":0,"enemies":"2 Louse","floor":7,"turns":3},{"damage":13,"enemies":"Lagavulin","floor":8,"turns":6},{"damage":1,"enemies":"Looter","floor":13,"turns":2},{"damage":0,"enemies":"Large Slime","floor":14,"turns":4},{"damage":14,"enemies":"The Guardian","floor":16,"turns":7},{"damage":7,"enemies":"Shell Parasite","floor":18,"turns":3},{"damage":0,"enemies":"Chosen","floor":20,"turns":3},{"damage":18,"enemies":"Snake Plant","floor":21,"turns":4},{"damage":28,"enemies":"Gremlin Leader","floor":25,"turns":6},{"damage":10,"enemies":"Shelled Parasite and Fungi","floor":28,"turns":4},{"damage":21,"enemies":"Slavers","floor":31,"turns":3},{"damage":81,"enemies":"Champ","floor":33,"turns":9}],"seed_played":"-7902879733423760925","potions_obtained":[{"floor":8,"key":"SteroidPotion"}],"is_trial":false,"path_per_floor":["M","?","M","$","?","E","M","E","T","T","?","?","M","M","R","B",null,"M","?","M","M","?","R","$","E","T","R","M","$","$","E","R","B"],"character_chosen":"DEFECT","items_purchased":["Symbiotic Virus","Leap"],"campfire_rested":1,"item_purchase_floors":[4,4],"current_hp_per_floor":[49,49,48,48,48,39,39,26,26,26,11,11,10,10,41,27,75,68,68,68,50,50,52,52,36,36,48,52,52,52,47,52,0],"gold":44,"neow_bonus":"TWO_FIFTY_GOLD","is_prod":false,"is_daily":false,"chose_seed":false,"campfire_upgraded":3,"win_rate":0,"timestamp":1569967293,"path_taken":["M","?","M","$","?","E","M","E","T","?","?","?","M","M","R","BOSS","M","?","M","M","?","R","$","E","T","R","M","?","$","E","R","BOSS"],"build_version":"2019-10-01","purchased_purges":4,"victory":false,"max_hp_per_floor":[75,75,75,75,75,75,75,75,75,75,75,75,75,75,75,75,75,75,75,75,75,52,52,52,52,52,52,52,52,52,52,52,52],"card_choices":[{"not_picked":["Go for the Eyes","Barrage"],"picked":"Cold Snap","floor":1},{"not_picked":["Leap","Ball Lightning"],"picked":"Consume","floor":3},{"not_picked":["Skim","Beam Cell","Hologram"],"picked":"SKIP","floor":6},{"not_picked":["Hologram","Gash"],"picked":"Leap","floor":7},{"not_picked":["Sweeping Beam","Chaos"],"picked":"Ball Lightning","floor":8},{"not_picked":["Leap","Barrage"],"picked":"Redo","floor":13},{"not_picked":["Hyperbeam","Barrage","Ball Lightning"],"picked":"SKIP","floor":14},{"not_picked":["All For One","Amplify"],"picked":"Seek","floor":16},{"not_picked":["Go for the Eyes","Steam"],"picked":"Reinforced Body+1","floor":18},{"not_picked":["Compile Driver","Go for the Eyes"],"picked":"Sweeping Beam","floor":20},{"not_picked":["Go for the Eyes","Barrage+1","Hologram"],"picked":"SKIP","floor":21},{"not_picked":["Sweeping Beam","Double Energy+1"],"picked":"Self Repair+1","floor":25},{"not_picked":["Consume","Conserve Battery"],"picked":"Hello World","floor":28},{"not_picked":["Turbo","Scrape","Stack+1"],"picked":"SKIP","floor":31}],"player_experience":793286,"relics_obtained":[{"floor":6,"key":"Emotion Chip"},{"floor":8,"key":"Darkstone Periapt"},{"floor":9,"key":"Cables"},{"floor":10,"key":"Eternal Feather"},{"floor":25,"key":"Orichalcum"},{"floor":26,"key":"Potion Belt"},{"floor":31,"key":"Mercury Hourglass"}],"event_choices":[{"damage_healed":0,"gold_gain":0,"player_choice":"Take Wound","damage_taken":0,"relics_obtained":["Golden Idol"],"max_hp_gain":0,"max_hp_loss":0,"event_name":"Golden Idol","floor":2,"gold_loss":0,"cards_obtained":["Injury"]},{"damage_healed":0,"gold_gain":0,"player_choice":"Grow","damage_taken":0,"max_hp_gain":0,"max_hp_loss":0,"event_name":"Living Wall","floor":5,"gold_loss":0,"cards_upgraded":["Zap"]},{"damage_healed":0,"gold_gain":0,"player_choice":"Entered Light","damage_taken":15,"max_hp_gain":0,"max_hp_loss":0,"event_name":"Shining Light","floor":11,"gold_loss":0,"cards_upgraded":["Consume","Defend_B"]},{"damage_healed":0,"gold_gain":0,"player_choice":"Left Gold","damage_taken":0,"max_hp_gain":0,"max_hp_loss":0,"event_name":"World of Goop","floor":12,"gold_loss":28},{"damage_healed":0,"gold_gain":0,"player_choice":"Simplicity","damage_taken":0,"max_hp_gain":0,"max_hp_loss":0,"event_name":"Back to Basics","floor":19,"gold_loss":0,"cards_upgraded":["Strike_B","Strike_B","Strike_B","Strike_B","Defend_B","Defend_B","Defend_B"]},{"damage_healed":0,"gold_gain":0,"player_choice":"Became a vampire","damage_taken":0,"max_hp_gain":0,"max_hp_loss":23,"event_name":"Vampires","floor":22,"gold_loss":0,"cards_obtained":["Bite","Bite","Bite","Bite","Bite"]}],"is_beta":true,"boss_relics":[{"not_picked":["Philosopher\u0027s Stone","Runic Pyramid"],"picked":"Sozu"}],"items_purged_floors":[4,24,29,30],"is_endless":false,"potions_floor_spawned":[8,18,28,31],"killed_by":"Champ","ascension_level":1}