{"gold_per_floor":[109,109,125,135,49,49,60,89,158,169,202,221,221,238,238,313,313,329,346,346,87,98,98,98],"floor_reached":24,"playtime":686,"items_purged":["Strike_R"],"score":420,"play_id":"b13091e1-cc12-4c46-a64a-34f2b219ae70","local_time":"20191001085751","is_ascension_mode":true,"campfire_choices":[{"data":"Hemokinesis","floor":6.0,"key":"SMITH"},{"data":"Demon Form","floor":13.0,"key":"SMITH"},{"floor":15.0,"key":"REST"},{"data":"Heavy Blade","floor":23,"key":"SMITH"}],"neow_cost":"NONE","seed_source_timestamp":0,"circlet_count":0,"master_deck":["AscendersBane","Strike_R","Strike_R","Strike_R","Strike_R","Defend_R","Defend_R","Defend_R","Defend_R","Bash","Anger","Hemokinesis+1","Demon Form+1","Feel No Pain","Immolate","Heavy Blade+1","Ghostly Armor","Reaper","Flame Barrier","Ghostly","Ghostly","Ghostly","Metallicize"],"special_seed":0,"relics":["Burning Blood","Pen Nib","Regal Pillow","The Courier","Letter Opener","Coffee Dripper","Lee\u0027s Waffle"],"potions_floor_usage":[24,24],"damage_taken":[{"damage":6.0,"enemies":"2 Louse","floor":1.0,"turns":4.0},{"damage":1.0,"enemies":"Cultist","floor":3.0,"turns":3.0},{"damage":8.0,"enemies":"Small Slimes","floor":4.0,"turns":2.0},{"damage":4.0,"enemies":"Looter","floor":7.0,"turns":3.0},{"damage":24.0,"enemies":"Lagavulin","floor":8.0,"turns":5.0},{"damage":0.0,"enemies":"Lots of Slimes","floor":10.0,"turns":1.0},{"damage":40.0,"enemies":"3 Sentries","floor":11.0,"turns":8.0},{"damage":11.0,"enemies":"2 Fungi Beasts","floor":12.0,"turns":3.0},{"damage":12.0,"enemies":"Exordium Thugs","floor":14.0,"turns":3.0},{"damage":28.0,"enemies":"Slime Boss","floor":16.0,"turns":6.0},{"damage":42,"enemies":"Chosen","floor":18,"turns":6},{"damage":28,"enemies":"Spheric Guardian","floor":19,"turns":5},{"damage":38,"enemies":"Snake Plant","floor":22,"turns":7},{"damage":17,"enemies":"Slavers","floor":24,"turns":1}],"seed_played":"-5192154144926567604","potions_obtained":[{"floor":4.0,"key":"Explosive Potion"},{"floor":8.0,"key":"SteroidPotion"},{"floor":10.0,"key":"Strength Potion"},{"floor":12.0,"key":"Energy Potion"},{"floor":22,"key":"Explosive Potion"}],"is_trial":false,"path_per_floor":["M","?","M","M","$","R","M","E","T","M","E","M","R","M","R","B",null,"M","M","?","$","M","R","E"],"character_chosen":"IRONCLAD","items_purchased":["Demon Form","Lee\u0027s Waffle","Metallicize"],"campfire_rested":1,"item_purchase_floors":[5,21,21],"current_hp_per_floor":[68,75,75,73,73,73,75,57,57,63,29,24,24,18,55,33,65,29,7,7,44,12,12,0],"gold":98,"neow_bonus":"RANDOM_COMMON_RELIC","is_prod":false,"is_daily":false,"chose_seed":false,"campfire_upgraded":3,"win_rate":0,"timestamp":1569945471,"path_taken":["M","?","M","M","?","R","M","E","T","M","E","M","R","M","R","BOSS","M","M","?","$","M","R","E"],"build_version":"2019-09-27","purchased_purges":1,"victory":false,"max_hp_per_floor":[75,75,75,75,75,75,75,75,75,75,75,75,75,75,75,75,75,75,75,37,44,44,44,44],"card_choices":[{"not_picked":["Wild Strike","Metallicize"],"picked":"Anger","floor":1.0},{"not_picked":["Clash","Sever Soul"],"picked":"Hemokinesis","floor":3.0},{"not_picked":["Intimidate","Havoc","Twin Strike"],"picked":"SKIP","floor":4.0},{"not_picked":["Heavy Blade","True Grit"],"picked":"Feel No Pain","floor":7.0},{"not_picked":["Thunderclap","Heavy Blade"],"picked":"Immolate","floor":8.0},{"not_picked":["Dual Wield","Cleave"],"picked":"Heavy Blade","floor":10.0},{"not_picked":["Sever Soul","Anger","Flex"],"picked":"SKIP","floor":11.0},{"not_picked":["Perfected Strike","Iron Wave"],"picked":"Ghostly Armor","floor":12.0},{"not_picked":["Havoc","Flex","Clothesline"],"picked":"SKIP","floor":14.0},{"not_picked":["Double Tap","Impervious"],"picked":"Reaper","floor":16.0},{"not_picked":["Burning Pact","Headbutt"],"picked":"Flame Barrier","floor":18},{"not_picked":["Bloodletting+1","Iron Wave+1","Clash"],"picked":"SKIP","floor":19},{"not_picked":["Twin Strike","Iron Wave","Clothesline"],"picked":"SKIP","floor":22}],"player_experience":1171277,"relics_obtained":[{"floor":8.0,"key":"Regal Pillow"},{"floor":9.0,"key":"The Courier"},{"floor":11.0,"key":"Letter Opener"}],"event_choices":[{"damage_healed":7.0,"max_hp_gain":0.0,"max_hp_loss":0.0,"gold_gain":0.0,"event_name":"Wheel of Change","player_choice":"Full Heal","floor":2.0,"gold_loss":0.0,"damage_taken":0.0},{"damage_healed":0,"gold_gain":0,"player_choice":"Became a Ghost","damage_taken":0,"max_hp_gain":0,"max_hp_loss":38,"event_name":"Ghosts","floor":20,"gold_loss":0,"cards_obtained":["Ghostly","Ghostly","Ghostly"]}],"is_beta":true,"boss_relics":[{"not_picked":["Tiny House","Empty Cage"],"picked":"Coffee Dripper"}],"items_purged_floors":[21],"is_endless":false,"potions_floor_spawned":[4,8,10,12,22],"killed_by":"Slavers","ascension_level":20}