{"gold_per_floor":[117,21,33,33,60,86,102,131,155,190,115,115,134,145,145,224,224,238,238,238,238,125,125,138,138,208,4,4,16,16],"floor_reached":30,"playtime":1388,"items_purged":["Strike_G"],"score":540,"play_id":"d4ebe7eb-738c-4dda-b979-542c36cae6f2","local_time":"20190711135253","is_ascension_mode":true,"campfire_choices":[{"floor":15.0,"key":"REST"},{"data":"1","floor":23.0,"key":"LIFT"},{"data":"2","floor":25,"key":"LIFT"}],"neow_cost":"NONE","seed_source_timestamp":8738591436047720,"circlet_count":0,"master_deck":["AscendersBane","Defend_G","Defend_G","Defend_G","Defend_G","Defend_G","Survivor","Neutralize","Poisoned Stab","Footwork","Bane","PiercingWail","Footwork","Deflect","Blade Dance+1","Prepared","A Thousand Cuts","Prepared","Bite","Bite","Bite","Bite","Bite","Blade Dance","Deflect","Dagger Spray","Cloak And Dagger","Infinite Blades","Good Instincts"],"special_seed":0,"relics":["Ring of the Snake","NeowsBlessing","Potion Belt","Juzu Bracelet","Girya","PreservedInsect","Kunai","WristBlade","Matryoshka","Omamori","Bottled Flame"],"potions_floor_usage":[24,24,29,30],"damage_taken":[{"damage":0.0,"enemies":"Jaw Worm","floor":1.0,"turns":1.0},{"damage":0.0,"enemies":"Small Slimes","floor":3.0,"turns":1.0},{"damage":0.0,"enemies":"3 Sentries","floor":6.0,"turns":2.0},{"damage":0.0,"enemies":"Cultist","floor":7.0,"turns":3.0},{"damage":18.0,"enemies":"Lagavulin","floor":8.0,"turns":9.0},{"damage":13.0,"enemies":"Gremlin Nob","floor":10.0,"turns":4.0},{"damage":12.0,"enemies":"Lots of Slimes","floor":13.0,"turns":9.0},{"damage":0.0,"enemies":"Exordium Thugs","floor":14.0,"turns":6.0},{"damage":23.0,"enemies":"The Guardian","floor":16.0,"turns":20.0},{"damage":13.0,"enemies":"3 Byrds","floor":18.0,"turns":6.0},{"damage":13,"enemies":"Spheric Guardian","floor":24,"turns":4},{"damage":16,"enemies":"Chosen and Byrds","floor":29,"turns":7},{"damage":44,"enemies":"Cultist and Chosen","floor":30,"turns":5}],"seed_played":"-6469323662395807939","potions_obtained":[{"floor":7.0,"key":"SteroidPotion"},{"floor":8.0,"key":"SpeedPotion"},{"floor":16.0,"key":"FearPotion"},{"floor":21.0,"key":"PowerPotion"},{"floor":21.0,"key":"Energy Potion"},{"floor":24,"key":"GhostInAJar"}],"is_trial":false,"path_per_floor":["M","$","M","?","T","E","M","E","T","E","$","?","M","M","R","B",null,"M","?","?","?","$","R","M","R","T","$","T","M","M"],"character_chosen":"THE_SILENT","items_purchased":["Footwork","Bane","Blade Dance","Deflect","Cloak And Dagger","Infinite Blades","Good Instincts"],"campfire_rested":1,"item_purchase_floors":[2,2,22,22,27,27,27],"current_hp_per_floor":[59,59,59,64,64,64,64,46,46,33,33,26,14,14,35,12,56,43,43,43,43,43,43,36,36,36,36,36,28,0],"gold":16,"neow_bonus":"THREE_ENEMY_KILL","is_prod":false,"is_daily":false,"chose_seed":false,"campfire_upgraded":0,"win_rate":0,"timestamp":1562831573,"path_taken":["M","$","M","?","?","E","M","E","T","E","$","?","M","M","R","BOSS","M","?","?","?","$","R","M","R","T","?","?","M","M"],"build_version":"2019-07-05","purchased_purges":1,"victory":false,"max_hp_per_floor":[66,66,66,71,71,71,71,71,71,71,71,71,71,71,71,71,71,71,49,49,49,49,49,49,49,49,49,49,49,49],"card_choices":[{"not_picked":["Choke","Backflip"],"picked":"Poisoned Stab","floor":1.0},{"not_picked":["Backflip","Underhanded Strike"],"picked":"PiercingWail","floor":3.0},{"not_picked":["Dodge and Roll","Dagger Throw"],"picked":"Footwork","floor":6.0},{"not_picked":["Flechettes","Dagger Throw","Slice"],"picked":"SKIP","floor":7.0},{"not_picked":["Skewer","Dagger Throw"],"picked":"Deflect","floor":8.0},{"not_picked":["Outmaneuver","Dagger Throw","Predator"],"picked":"SKIP","floor":10.0},{"not_picked":["Predator","Slice"],"picked":"Blade Dance","floor":13.0},{"not_picked":["Crippling Poison","Underhanded Strike"],"picked":"Prepared","floor":14.0},{"not_picked":["Envenom","Burst"],"picked":"A Thousand Cuts","floor":16.0},{"not_picked":["PiercingWail","Footwork+1"],"picked":"Prepared","floor":18.0},{"not_picked":["Quick Slash+1","Flying Knee"],"picked":"Dagger Spray","floor":24},{"not_picked":["Distraction","Dash","Catalyst+1"],"picked":"SKIP","floor":29}],"player_experience":1517582,"relics_obtained":[{"floor":5.0,"key":"Potion Belt"},{"floor":6.0,"key":"Juzu Bracelet"},{"floor":8.0,"key":"Girya"},{"floor":9.0,"key":"PreservedInsect"},{"floor":10.0,"key":"Kunai"},{"floor":26,"key":"Matryoshka"},{"floor":28,"key":"Omamori"},{"floor":28,"key":"Bottled Flame"}],"event_choices":[{"damage_healed":0.0,"max_hp_gain":5.0,"max_hp_loss":0.0,"gold_gain":0.0,"event_name":"Big Fish","player_choice":"Donut","floor":4.0,"gold_loss":0.0,"damage_taken":0.0},{"cards_removed":["Strike_G"],"damage_healed":0.0,"max_hp_gain":0.0,"max_hp_loss":0.0,"gold_gain":0.0,"event_name":"Golden Wing","player_choice":"Card Removal","floor":12.0,"gold_loss":0.0,"damage_taken":7.0},{"damage_healed":0.0,"max_hp_gain":0.0,"max_hp_loss":22.0,"gold_gain":0.0,"event_name":"Vampires","player_choice":"Became a vampire","floor":19.0,"gold_loss":0.0,"damage_taken":0.0,"cards_obtained":["Bite","Bite","Bite","Bite","Bite"]},{"damage_healed":0.0,"max_hp_gain":0.0,"max_hp_loss":0.0,"gold_gain":0.0,"event_name":"Upgrade Shrine","player_choice":"Upgraded","floor":20.0,"gold_loss":0.0,"damage_taken":0.0,"cards_upgraded":["Blade Dance"]},{"damage_healed":0.0,"max_hp_gain":0.0,"max_hp_loss":0.0,"gold_gain":0.0,"event_name":"Lab","player_choice":"Got Potions","floor":21.0,"gold_loss":0.0,"damage_taken":0.0}],"is_beta":false,"boss_relics":[{"not_picked":["Velvet Choker","Sozu"],"picked":"WristBlade"}],"items_purged_floors":[11],"is_endless":false,"potions_floor_spawned":[7,8,16,24],"killed_by":"Cultist and Chosen","ascension_level":18}