{"gold_per_floor":[113,263,263,1,1,1,30,30,54,87,104,117,129,144,144,221,221,232,97,117,117],"floor_reached":21,"playtime":1524,"items_purged":["Doubt"],"score":478,"play_id":"2bf62532-6d58-4ba2-94b9-c6d307a9ae09","local_time":"20190930223328","is_ascension_mode":true,"campfire_choices":[{"data":"True Grit","floor":6,"key":"SMITH"},{"data":"Disarm","floor":8,"key":"SMITH"},{"data":"Strike_R","floor":15,"key":"PURGE"}],"neow_cost":"NONE","seed_source_timestamp":1202487746154500,"circlet_count":0,"master_deck":["AscendersBane","Strike_R","Strike_R","Strike_R","Strike_R","Defend_R","Defend_R","Defend_R","Defend_R","Bash","Anger","Inflame+1","Carnage","True Grit+1","Disarm+1","Immolate","Inflame","Feed","Reaper","Inflame","Shrug It Off"],"relics":["Burning Blood","NeowsBlessing","White Beast Statue","Dream Catcher","Peace Pipe","Snecko Eye"],"potions_floor_usage":[13,14,21],"damage_taken":[{"damage":0,"enemies":"Jaw Worm","floor":1,"turns":1},{"damage":0,"enemies":"Lagavulin","floor":7,"turns":1},{"damage":0,"enemies":"Gremlin Nob","floor":10,"turns":1},{"damage":0,"enemies":"2 Louse","floor":11,"turns":1},{"damage":3,"enemies":"Cultist","floor":12,"turns":4},{"damage":10,"enemies":"Exordium Wildlife","floor":13,"turns":4},{"damage":9,"enemies":"Lots of Slimes","floor":14,"turns":4},{"damage":43,"enemies":"Hexaghost","floor":16,"turns":11},{"damage":31,"enemies":"2 Thieves","floor":18,"turns":4},{"damage":38,"enemies":"Chosen","floor":20,"turns":5},{"damage":40,"enemies":"Sentry and Sphere","floor":21,"turns":5}],"seed_played":"4505761555466144617","potions_obtained":[{"floor":10,"key":"Fire Potion"},{"floor":11,"key":"Ancient Potion"},{"floor":12,"key":"SkillPotion"},{"floor":13,"key":"Energy Potion"},{"floor":14,"key":"Energy Potion"},{"floor":16,"key":"Strength Potion"},{"floor":20,"key":"Block Potion"}],"is_trial":false,"path_per_floor":["M","?","?","$","?","R","E","R","T","E","M","M","M","M","R","B",null,"M","$","M","M"],"character_chosen":"IRONCLAD","items_purchased":["Inflame","Carnage","True Grit","Inflame","Shrug It Off"],"campfire_rested":0,"item_purchase_floors":[4,4,4,19,19],"current_hp_per_floor":[74,74,79,79,79,79,80,80,80,80,80,80,76,73,73,36,69,56,56,27,0],"gold":117,"neow_bonus":"THREE_ENEMY_KILL","is_prod":false,"is_daily":false,"chose_seed":false,"campfire_upgraded":2,"win_rate":0,"timestamp":1569908008,"path_taken":["M","?","?","$","?","R","E","R","T","E","M","?","M","M","R","BOSS","M","$","M","M"],"build_version":"2019-09-27","purchased_purges":1,"victory":false,"max_hp_per_floor":[75,75,80,80,80,80,80,80,80,80,80,80,80,80,80,80,80,83,83,86,89],"card_choices":[{"not_picked":["Armaments","Dual Wield"],"picked":"Anger","floor":1},{"not_picked":["Sword Boomerang","Intimidate"],"picked":"Disarm","floor":7},{"not_picked":["Heavy Blade","Headbutt"],"picked":"Immolate","floor":10},{"not_picked":["Clash","Rampage","Armaments"],"picked":"SKIP","floor":11},{"not_picked":["Twin Strike","Warcry","Clash"],"picked":"SKIP","floor":12},{"not_picked":["Corruption","Pummel"],"picked":"Inflame","floor":13},{"not_picked":["Fire Breathing","Heavy Blade"],"picked":"Feed","floor":14},{"not_picked":["Brutality","Immolate"],"picked":"Reaper","floor":16},{"not_picked":["Perfected Strike","Anger","Armaments"],"picked":"SKIP","floor":18},{"not_picked":["Wild Strike","Iron Wave","Bloodletting"],"picked":"SKIP","floor":20}],"player_experience":1169156,"relics_obtained":[{"floor":7,"key":"White Beast Statue"},{"floor":9,"key":"Dream Catcher"},{"floor":10,"key":"Peace Pipe"}],"event_choices":[{"damage_healed":0,"gold_gain":150,"player_choice":"AGREE","damage_taken":0,"max_hp_gain":0,"max_hp_loss":0,"event_name":"Liars Game","floor":2,"gold_loss":0,"cards_obtained":["Doubt"]},{"damage_healed":0,"gold_gain":0,"player_choice":"Donut","damage_taken":0,"max_hp_gain":5,"max_hp_loss":0,"event_name":"Big Fish","floor":3,"gold_loss":0},{"damage_healed":0,"gold_gain":0,"player_choice":"Upgraded","damage_taken":0,"max_hp_gain":0,"max_hp_loss":0,"event_name":"Upgrade Shrine","floor":5,"gold_loss":0,"cards_upgraded":["Inflame"]}],"is_beta":true,"boss_relics":[{"not_picked":["Runic Dome","SacredBark"],"picked":"Snecko Eye"}],"items_purged_floors":[4],"is_endless":false,"potions_floor_spawned":[10,11,12,13,14,16,18,20],"killed_by":"Sentry and Sphere","ascension_level":20}