{"path_per_floor":["M","M","M","?","T","E","$","M","T","M","M","R","E","$","R","B",null,"M","?","M","$","?","E","M","E","T","M","M","$","?","M","R","B",null,"M","?","?","M","M","E","$","?","T","M","E","?","R","M","R","B"],"character_chosen":"IRONCLAD","items_purchased":["Inflame","Mummified Hand","Limit Break","Limit Break","Bag of Marbles","Oddly Smooth Stone","Dramatic Entrance+1","Shuriken","Mind Blast+1","Bottled Tornado","Strength Potion"],"gold_per_floor":[144,189,234,234,234,324,4,49,49,94,139,139,229,89,89,389,389,434,434,479,326,251,341,386,476,501,546,591,191,106,151,151,451,451,496,496,496,541,586,676,35,35,35,80,170,290,290,335,335,335],"floor_reached":51,"campfire_rested":5,"playtime":2573,"item_purchase_floors":[7,7,14,21,29,29,29,41,41,41,41],"current_hp_per_floor":[80,80,80,80,80,59,59,59,59,57,58,80,80,80,80,57,80,70,70,76,76,76,47,50,42,42,28,16,16,16,22,46,42,80,80,80,70,67,65,48,48,48,48,50,56,62,80,80,80,80],"items_purged":[],"gold":335,"score":1109,"play_id":"78789896-d2d3-4210-b756-732d4900caeb","local_time":"20180529002510","daily_mods":["Heirloom","Midas","Hoarder"],"is_prod":false,"is_daily":true,"chose_seed":false,"is_ascension_mode":false,"campfire_upgraded":0,"win_rate":0,"timestamp":1527578710,"campfire_choices":[{"floor":12,"key":"REST"},{"floor":15,"key":"REST"},{"floor":32,"key":"REST"},{"floor":47,"key":"REST"},{"floor":49,"key":"REST"}],"path_taken":["M","M","M","?","?","E","$","M","T","?","?","R","E","?","R","BOSS","M","?","M","$","?","E","M","E","T","?","M","$","?","?","R","BOSS","M","?","?","M","M","E","$","?","T","M","E","?","R","M","R","BOSS"],"build_version":"2018-05-27","seed_source_timestamp":0,"purchased_purges":0,"victory":true,"master_deck":["Strike_R","Strike_R","Strike_R","Defend_R","Defend_R","Defend_R","Defend_R","Bash","Intimidate","Intimidate","Intimidate","Inflame","Inflame","Inflame","Clash","Clash","Clash","Flex+1","Flex","Flex","Pommel Strike","Pommel Strike","Pommel Strike","Rage","Rage","Rage","Limit Break","Limit Break","Limit Break+1","Clash","Clash","Clash","Pummel","Pummel","Pummel","Limit Break","Limit Break","Limit Break","Thunderclap","Thunderclap","Thunderclap","Ghostly Armor+1","Ghostly Armor+1","Ghostly Armor+1","Dramatic Entrance+1","Dramatic Entrance+1","Dramatic Entrance+1","Inflame","Inflame","Inflame","Offering","Offering","Offering","Madness","Madness","Madness","Madness","Madness","Heavy Blade+1","Heavy Blade+1","Heavy Blade+1","Armaments+1","Armaments+1","Armaments+1","Mind Blast+1","Mind Blast+1","Mind Blast+1","Sword Boomerang+1","Sword Boomerang+1","Sword Boomerang+1"],"max_hp_per_floor":[80,80,80,80,80,80,80,80,80,80,80,80,80,80,80,80,80,80,80,80,80,80,80,80,80,80,80,80,80,80,80,80,80,80,80,80,80,80,80,80,80,80,80,80,80,80,80,80,80,80],"relics":["Burning Blood","Ginger","Paper Frog","Dream Catcher","Mummified Hand","Bottled Flame","Matryoshka","Black Star","Smiling Mask","Self Forming Clay","Molten Egg 2","Toolbox","Pantograph","War Paint","Bag of Marbles","Oddly Smooth Stone","Bronze Scales","Eternal Feather","Anchor","Potion Belt","Shuriken","Bottled Tornado","Toxic Egg 2","Art of War","Omamori","Bag of Preparation","Champion Belt"],"card_choices":[{"not_picked":["Pommel Strike","Clothesline","Flame Barrier"],"picked":"SKIP","floor":1},{"not_picked":["Burning Pact","Flame Barrier","Blood for Blood"],"picked":"SKIP","floor":2},{"not_picked":["Dual Wield","Twin Strike","Carnage"],"picked":"SKIP","floor":3},{"not_picked":["Anger","Pommel Strike"],"picked":"Intimidate","floor":6},{"not_picked":["Carnage","Hemokinesis"],"picked":"Clash","floor":8},{"not_picked":["Sever Soul","Immolate","Pommel Strike"],"picked":"SKIP","floor":10},{"not_picked":["Armaments","Thunderclap"],"picked":"Flex","floor":11},{"not_picked":["Seeing Red","Armaments"],"picked":"Pommel Strike","floor":12},{"not_picked":["Clothesline","Twin Strike"],"picked":"Rage","floor":13},{"not_picked":["Shockwave+1","Body Slam"],"picked":"Clash","floor":18},{"not_picked":["Wild Strike+1","Hemokinesis+1"],"picked":"Pummel","floor":20},{"not_picked":["Anger","Corruption"],"picked":"Thunderclap","floor":23},{"not_picked":["Warcry","Shockwave","Spot Weakness"],"picked":"SKIP","floor":24},{"not_picked":["Flame Barrier","Berserk"],"picked":"Ghostly Armor+1","floor":25},{"not_picked":["Clothesline+1","Warcry","Reckless Charge+1"],"picked":"SKIP","floor":27},{"not_picked":["Clothesline+1","Warcry","Reckless Charge+1"],"picked":"SKIP","floor":27},{"not_picked":["Clothesline+1","Fire Breathing","Pummel+1"],"picked":"SKIP","floor":28},{"not_picked":["Twin Strike+1","Evolve","Anger+1"],"picked":"SKIP","floor":31},{"not_picked":["Anger+1","Wild Strike+1"],"picked":"Inflame","floor":32},{"not_picked":["Berserk","Double Tap"],"picked":"Offering","floor":33},{"not_picked":["Bloodletting","Cleave+1","Flex"],"picked":"SKIP","floor":35},{"not_picked":["True Grit","Searing Blow+1"],"picked":"Heavy Blade+1","floor":38},{"not_picked":["Spot Weakness+1","Headbutt+1"],"picked":"Armaments+1","floor":39},{"not_picked":["Anger+1","Twin Strike+1","Carnage+1"],"picked":"SKIP","floor":40},{"not_picked":["Clash+1","True Grit+1","Twin Strike+1"],"picked":"SKIP","floor":44},{"not_picked":["Shockwave+1","Feel No Pain+1","Dark Embrace"],"picked":"SKIP","floor":45},{"not_picked":["Sever Soul+1","Searing Blow+1"],"picked":"Sword Boomerang+1","floor":47},{"not_picked":["Rampage+1","Iron Wave+1","Anger+1"],"picked":"SKIP","floor":48}],"player_experience":523718,"potions_floor_usage":[6,6,10,16,20,24,25,25,45,50,50,50],"damage_taken":[{"damage":0,"enemies":"2 Louse","floor":1,"turns":2},{"damage":6,"enemies":"Cultist","floor":2,"turns":3},{"damage":6,"enemies":"Jaw Worm","floor":3,"turns":3},{"damage":27,"enemies":"Gremlin Nob","floor":6,"turns":5},{"damage":6,"enemies":"Exordium Thugs","floor":8,"turns":4},{"damage":8,"enemies":"Lots of Slimes","floor":10,"turns":3},{"damage":5,"enemies":"Looter","floor":11,"turns":2},{"damage":5,"enemies":"3 Sentries","floor":13,"turns":4},{"damage":29,"enemies":"The Guardian","floor":16,"turns":4},{"damage":16,"enemies":"Shell Parasite","floor":18,"turns":6},{"damage":0,"enemies":"3 Byrds","floor":20,"turns":4},{"damage":35,"enemies":"Slavers","floor":23,"turns":5},{"damage":3,"enemies":"3 Cultists","floor":24,"turns":4},{"damage":22,"enemies":"Gremlin Leader","floor":25,"turns":4},{"damage":20,"enemies":"Centurion and Healer","floor":27,"turns":3},{"damage":18,"enemies":"Snecko","floor":28,"turns":6},{"damage":0,"enemies":"Snake Plant","floor":31,"turns":1},{"damage":35,"enemies":"Collector","floor":33,"turns":5},{"damage":0,"enemies":"3 Darklings","floor":35,"turns":1},{"damage":9,"enemies":"3 Shapes","floor":38,"turns":1},{"damage":8,"enemies":"Spire Growth","floor":39,"turns":1},{"damage":23,"enemies":"Giant Head","floor":40,"turns":4},{"damage":4,"enemies":"Transient","floor":44,"turns":5},{"damage":0,"enemies":"2 Orb Walkers","floor":45,"turns":1},{"damage":0,"enemies":"Mysterious Sphere","floor":46,"turns":1},{"damage":0,"enemies":"Flame Bruiser 2 Orb","floor":48,"turns":1},{"damage":0,"enemies":"Time Eater","floor":50,"turns":1}],"relics_obtained":[{"floor":5,"key":"Paper Frog"},{"floor":6,"key":"Dream Catcher"},{"floor":9,"key":"Bottled Flame"},{"floor":13,"key":"Matryoshka"},{"floor":23,"key":"Smiling Mask"},{"floor":23,"key":"Self Forming Clay"},{"floor":25,"key":"Molten Egg 2"},{"floor":25,"key":"Toolbox"},{"floor":26,"key":"Pantograph"},{"floor":26,"key":"War Paint"},{"floor":40,"key":"Anchor"},{"floor":40,"key":"Potion Belt"},{"floor":43,"key":"Toxic Egg 2"},{"floor":43,"key":"Art of War"},{"floor":45,"key":"Omamori"},{"floor":45,"key":"Bag of Preparation"},{"floor":46,"key":"Champion Belt"}],"event_choices":[{"event_name":"Purifier","player_choice":"One Purge","floor":4,"damage_taken":0},{"event_name":"Match and Keep!","player_choice":"0 cards matched","floor":19,"damage_taken":0},{"event_name":"Beggar","player_choice":"Gave Gold","floor":22,"damage_taken":0},{"event_name":"Addict","player_choice":"Obtained Relic","floor":30,"damage_taken":0},{"event_name":"Tomb of Lord Red Mask","player_choice":"Ignored","floor":36,"damage_taken":0},{"event_name":"Winding Halls","player_choice":"Embrace Madness","floor":37,"damage_taken":0},{"event_name":"Mysterious Sphere","player_choice":"Fight","floor":46,"damage_taken":0}],"boss_relics":[{"not_picked":["Snecko Eye","Ectoplasm"],"picked":"Black Star"},{"not_picked":["Orrery","Tiny House"],"picked":"Eternal Feather"}],"items_purged_floors":[],"potions_floor_spawned":[1,2,8,13,18,20,23,24,40,44,45,48],"seed_played":"1251829673718243193","ascension_level":0,"potions_obtained":[{"floor":1,"key":"EssenceOfSteel"},{"floor":2,"key":"PowerPotion"},{"floor":8,"key":"FearPotion"},{"floor":13,"key":"FearPotion"},{"floor":18,"key":"Explosive Potion"},{"floor":20,"key":"BloodPotion"},{"floor":23,"key":"FearPotion"},{"floor":24,"key":"SkillPotion"},{"floor":40,"key":"SpeedPotion"},{"floor":44,"key":"FearPotion"},{"floor":45,"key":"SteroidPotion"},{"floor":48,"key":"Explosive Potion"}],"is_trial":false}