{"gold_per_floor":[109,109,126,144,159,494,506,506,506,535,545,545,561,580,580,677,677,690,677,49,64,79,107,107,117,165,165,195,211,211,225,225,330,380,390,405,405,54,0,0,31,107,107,139,139,139,151,164,164,164],"floor_reached":50,"playtime":2624,"items_purged":["Strike_R"],"score":689,"play_id":"f0e89755-6d37-4e2f-9a71-4ee57734e4af","local_time":"20190513155328","is_ascension_mode":true,"campfire_choices":[{"floor":8,"key":"REST"},{"floor":12,"key":"RECALL"},{"floor":15,"key":"REST"},{"floor":24,"key":"REST"},{"floor":27,"key":"REST"},{"floor":32,"key":"REST"},{"floor":40,"key":"REST"},{"floor":45,"key":"REST"},{"floor":49,"key":"REST"}],"neow_cost":"NONE","seed_source_timestamp":143414196892698,"circlet_count":0,"master_deck":["Strike_R","Strike_R","Strike_R","Strike_R","Defend_R","Defend_R+1","Defend_R","Defend_R","Bash","Bludgeon","Battle Trance","Rage","Whirlwind","Pommel Strike","Shrug It Off","Uppercut","Disarm","Feed","Armaments","Ghostly Armor+1","Flex+1","Cleave+1","Demon Form","Seeing Red+1","Exhume","Inflame+1","Panacea","Armaments+1","Corruption+1"],"relics":["Burning Blood","Old Coin","Bag of Marbles","Dream Catcher","Fusion Hammer","Mercury Hourglass","Torii","Kunai","Bottled Flame","Tiny House","Brimstone","Bronze Scales","Red Mask","Magic Flower","Gremlin Horn","Meat on the Bone","Ancient Tea Set"],"potions_floor_usage":[6,10,13,14,16,16,19,31,33,33,41,41,41,44,44,50,50],"damage_taken":[{"damage":6,"enemies":"Cultist","floor":1,"turns":3},{"damage":10,"enemies":"2 Louse","floor":3,"turns":4},{"damage":15,"enemies":"Jaw Worm","floor":4,"turns":5},{"damage":11,"enemies":"Looter","floor":5,"turns":3},{"damage":27,"enemies":"Gremlin Nob","floor":6,"turns":4},{"damage":12,"enemies":"Blue Slaver","floor":7,"turns":3},{"damage":22,"enemies":"Lagavulin","floor":10,"turns":4},{"damage":5,"enemies":"2 Fungi Beasts","floor":11,"turns":3},{"damage":10,"enemies":"Lots of Slimes","floor":13,"turns":4},{"damage":0,"enemies":"3 Louse","floor":14,"turns":1},{"damage":49,"enemies":"Hexaghost","floor":16,"turns":15},{"damage":2,"enemies":"Spheric Guardian","floor":18,"turns":3},{"damage":8,"enemies":"2 Thieves","floor":19,"turns":4},{"damage":8,"enemies":"Cultist and Chosen","floor":21,"turns":6},{"damage":18,"enemies":"Snake Plant","floor":22,"turns":3},{"damage":34,"enemies":"Book of Stabbing","floor":23,"turns":4},{"damage":18,"enemies":"Centurion and Healer","floor":25,"turns":6},{"damage":33,"enemies":"Slavers","floor":28,"turns":5},{"damage":2,"enemies":"3 Cultists","floor":29,"turns":4},{"damage":22,"enemies":"Chosen and Byrds","floor":31,"turns":5},{"damage":62,"enemies":"Champ","floor":33,"turns":11},{"damage":0,"enemies":"3 Darklings","floor":35,"turns":1},{"damage":16,"enemies":"3 Shapes","floor":36,"turns":4},{"damage":54,"enemies":"Nemesis","floor":41,"turns":5},{"damage":41,"enemies":"Giant Head","floor":44,"turns":6},{"damage":42,"enemies":"Writhing Mass","floor":47,"turns":4},{"damage":25,"enemies":"Maw","floor":48,"turns":5},{"damage":137,"enemies":"Awakened One","floor":50,"turns":9}],"seed_played":"-2952732288117054311","potions_obtained":[{"floor":1,"key":"AttackPotion"},{"floor":4,"key":"SneckoOil"},{"floor":6,"key":"Explosive Potion"},{"floor":10,"key":"Block Potion"},{"floor":11,"key":"Dexterity Potion"},{"floor":14,"key":"EssenceOfSteel"},{"floor":18,"key":"SkillPotion"},{"floor":22,"key":"Regen Potion"},{"floor":25,"key":"Swift Potion"},{"floor":29,"key":"EssenceOfSteel"},{"floor":34,"key":"FearPotion"},{"floor":35,"key":"EssenceOfSteel"},{"floor":36,"key":"EntropicBrew"},{"floor":47,"key":"Explosive Potion"},{"floor":48,"key":"PowerPotion"}],"is_trial":false,"path_per_floor":["M","$","M","M","M","E","M","R","T","E","M","R","M","M","R","B",null,"M","M","$","M","M","E","R","M","T","R","E","M","?","M","R","B",null,"M","M","?","$","?","R","E","T","T","E","R","?","M","M","R","B"],"character_chosen":"IRONCLAD","items_purchased":["Mercury Hourglass","Torii","Brimstone","Bronze Scales"],"campfire_rested":8,"item_purchase_floors":[20,20,38,38],"current_hp_per_floor":[80,80,76,67,62,41,35,59,59,43,44,44,40,46,70,27,80,80,78,78,79,70,42,67,55,55,80,56,63,63,50,78,37,100,100,93,93,93,93,103,55,55,55,46,77,77,62,64,95,0],"gold":164,"neow_bonus":"ONE_RANDOM_RARE_CARD","is_prod":false,"is_daily":false,"chose_seed":false,"campfire_upgraded":0,"win_rate":0,"timestamp":1557777208,"path_taken":["M","$","M","M","M","E","M","R","T","E","M","R","?","M","R","BOSS","M","M","$","M","M","E","R","M","T","R","E","M","?","M","R","BOSS","M","M","?","$","?","R","E","?","T","E","R","?","M","M","R","BOSS"],"build_version":"2019-01-23","purchased_purges":1,"victory":false,"max_hp_per_floor":[80,80,80,80,80,80,80,80,80,80,80,80,80,80,80,80,80,80,80,80,83,86,86,86,86,86,86,89,92,92,95,95,95,100,100,103,103,103,103,103,103,103,103,106,106,106,106,106,106,110],"card_choices":[{"not_picked":["Rage","Pommel Strike"],"picked":"Battle Trance","floor":1},{"not_picked":["Clothesline","Clash","Sword Boomerang"],"picked":"SKIP","floor":3},{"not_picked":["Anger","Blood for Blood"],"picked":"Rage","floor":4},{"not_picked":["Hemokinesis","Clash"],"picked":"Whirlwind","floor":5},{"not_picked":["Hemokinesis","Battle Trance"],"picked":"Pommel Strike","floor":6},{"not_picked":["Flex","Thunderclap"],"picked":"Shrug It Off","floor":7},{"not_picked":["Bludgeon","Clothesline"],"picked":"Uppercut","floor":10},{"not_picked":["Body Slam","Clothesline","Anger"],"picked":"SKIP","floor":11},{"not_picked":["Flex","Warcry","Second Wind"],"picked":"SKIP","floor":13},{"not_picked":["Pommel Strike","Heavy Blade","Anger"],"picked":"SKIP","floor":14},{"not_picked":["Searing Blow","Shrug It Off"],"picked":"Disarm","floor":15},{"not_picked":["Demon Form","Immolate"],"picked":"Feed","floor":16},{"not_picked":["Twin Strike+1","Wild Strike"],"picked":"Armaments","floor":18},{"not_picked":["Shrug It Off","Iron Wave"],"picked":"Ghostly Armor+1","floor":19},{"not_picked":["Anger","Body Slam+1","Clothesline+1"],"picked":"SKIP","floor":21},{"not_picked":["True Grit","Uppercut"],"picked":"Flex+1","floor":22},{"not_picked":["Iron Wave","Feel No Pain+1"],"picked":"Cleave+1","floor":23},{"not_picked":["Sentinel","Armaments"],"picked":"Demon Form","floor":24},{"not_picked":["Warcry","Whirlwind","Body Slam"],"picked":"SKIP","floor":25},{"not_picked":["Power Through","Cleave"],"picked":"Shrug It Off+1","floor":27},{"not_picked":["Pommel Strike","Burning Pact+1"],"picked":"Seeing Red+1","floor":28},{"not_picked":["Flex","True Grit","Iron Wave"],"picked":"SKIP","floor":29},{"not_picked":["Impervious","Body Slam+1","Whirlwind"],"picked":"SKIP","floor":31},{"not_picked":["Demon Form","Impervious"],"picked":"Exhume","floor":33},{"not_picked":["Sentinel+1","Cleave","Heavy Blade+1"],"picked":"SKIP","floor":35},{"not_picked":["Anger","Bludgeon","Heavy Blade"],"picked":"SKIP","floor":36},{"not_picked":["Corruption+1","Flex+1","Perfected Strike+1"],"picked":"SKIP","floor":41},{"not_picked":["Clothesline","Metallicize+1"],"picked":"Inflame+1","floor":44},{"not_picked":["Magnetism","Flash of Steel"],"picked":"Panacea","floor":46},{"not_picked":["Body Slam","Flex+1","Second Wind"],"picked":"SKIP","floor":47},{"not_picked":["Entrench","Sentinel+1"],"picked":"Armaments+1","floor":48},{"not_picked":["Rupture+1","Armaments"],"picked":"Corruption+1","floor":49}],"player_experience":125231,"relics_obtained":[{"floor":6,"key":"Old Coin"},{"floor":9,"key":"Bag of Marbles"},{"floor":10,"key":"Dream Catcher"},{"floor":23,"key":"Kunai"},{"floor":28,"key":"Bottled Flame"},{"floor":41,"key":"Magic Flower"},{"floor":42,"key":"Gremlin Horn"},{"floor":43,"key":"Meat on the Bone"},{"floor":44,"key":"Ancient Tea Set"}],"event_choices":[{"damage_healed":0,"gold_gain":0,"player_choice":"Ignored","damage_taken":0,"max_hp_gain":0,"max_hp_loss":0,"event_name":"Vampires","floor":30,"gold_loss":0},{"cards_removed":["Shrug It Off"],"damage_healed":0,"gold_gain":0,"player_choice":"Removed Skill","damage_taken":0,"max_hp_gain":0,"max_hp_loss":0,"event_name":"Falling","floor":37,"gold_loss":0},{"damage_healed":0,"gold_gain":0,"player_choice":"Paid","damage_taken":0,"relics_obtained":["Red Mask"],"max_hp_gain":0,"max_hp_loss":0,"event_name":"Tomb of Lord Red Mask","floor":39,"gold_loss":54},{"damage_healed":0,"gold_gain":0,"player_choice":"Memory 1","damage_taken":0,"max_hp_gain":0,"max_hp_loss":0,"event_name":"SensoryStone","floor":46,"gold_loss":0}],"is_beta":false,"boss_relics":[{"not_picked":["Coffee Dripper","Orrery"],"picked":"Fusion Hammer"},{"not_picked":["Busted Crown","Cursed Key"],"picked":"Tiny House"}],"items_purged_floors":[20],"is_endless":false,"potions_floor_spawned":[1,4,6,10,11,14,18,22,25,29,35,36,47,48],"killed_by":"Awakened One","ascension_level":2}