{"gold_per_floor":[113,113,133,153,163,189,189,207,256,282,282,302,302,314,314,417,417,427,445,57,156,167,167],"floor_reached":23,"playtime":2736,"items_purged":["Strike_R"],"score":205,"play_id":"1c30cf38-90dc-472b-ab95-9c3fb7a2ce6f","local_time":"20190308225448","is_ascension_mode":false,"campfire_choices":[{"data":"Demon Form","floor":7,"key":"SMITH"},{"data":"Rampage","floor":13,"key":"SMITH"},{"floor":15,"key":"REST"}],"neow_cost":"","seed_source_timestamp":282334150441670,"circlet_count":0,"master_deck":["Strike_R","Strike_R","Strike_R","Strike_R","Defend_R","Defend_R","Defend_R","Defend_R","Bash","Metallicize","Shrug It Off","Flame Barrier+1","Demon Form+1","Sword Boomerang","Flex","Rampage+1","Berserk","Entrench+1","Reaper","Armaments"],"relics":["Burning Blood","Bag of Preparation","Anchor","Dodecahedron","Sozu","Pen Nib"],"potions_floor_usage":[10,10,12,16],"damage_taken":[{"damage":1,"enemies":"Small Slimes","floor":1,"turns":4},{"damage":1,"enemies":"Cultist","floor":3,"turns":4},{"damage":3,"enemies":"Jaw Worm","floor":4,"turns":3},{"damage":0,"enemies":"2 Fungi Beasts","floor":5,"turns":5},{"damage":12,"enemies":"Lagavulin","floor":6,"turns":7},{"damage":20,"enemies":"Gremlin Gang","floor":8,"turns":6},{"damage":22,"enemies":"Gremlin Nob","floor":10,"turns":5},{"damage":12,"enemies":"Exordium Thugs","floor":12,"turns":9},{"damage":7,"enemies":"Blue Slaver","floor":14,"turns":3},{"damage":33,"enemies":"The Guardian","floor":16,"turns":8},{"damage":7,"enemies":"Shell Parasite","floor":18,"turns":3},{"damage":33,"enemies":"3 Byrds","floor":19,"turns":4},{"damage":44,"enemies":"3 Cultists","floor":22,"turns":6},{"damage":15,"enemies":"Slavers","floor":23,"turns":4}],"seed_played":"5515834799995354923","potions_obtained":[{"floor":3,"key":"Weak Potion"},{"floor":5,"key":"PowerPotion"},{"floor":8,"key":"Ancient Potion"},{"floor":14,"key":"SteroidPotion"},{"floor":16,"key":"Regen Potion"}],"is_trial":false,"path_per_floor":["M","?","M","M","M","E","R","M","T","E","?","M","R","M","R","B",null,"M","M","$","?","M","E"],"character_chosen":"IRONCLAD","items_purchased":["Reaper","Pen Nib"],"campfire_rested":1,"item_purchase_floors":[20,20],"current_hp_per_floor":[80,80,80,80,80,74,74,60,60,44,44,38,38,37,61,34,80,79,52,52,52,14,0],"gold":167,"neow_bonus":"","is_prod":false,"is_daily":false,"chose_seed":false,"campfire_upgraded":2,"win_rate":0.0,"timestamp":1552103688,"path_taken":["M","?","M","M","M","E","R","M","T","E","?","?","R","M","R","BOSS","M","M","$","?","M","E"],"build_version":"2019-01-23","purchased_purges":1,"victory":false,"max_hp_per_floor":[80,80,80,80,80,80,80,80,80,80,80,80,80,80,80,80,80,80,80,80,80,80,80],"card_choices":[{"not_picked":["Armaments","True Grit"],"picked":"Metallicize","floor":1},{"not_picked":["Uppercut","Armaments"],"picked":"Shrug It Off","floor":3},{"not_picked":["Headbutt","Clash"],"picked":"Flame Barrier","floor":4},{"not_picked":["Flame Barrier","Armaments"],"picked":"Demon Form","floor":5},{"not_picked":["Searing Blow","Sever Soul"],"picked":"Sword Boomerang","floor":6},{"not_picked":["Perfected Strike","Anger"],"picked":"Flex","floor":8},{"not_picked":["Sword Boomerang","Iron Wave","Flex"],"picked":"SKIP","floor":10},{"not_picked":["Perfected Strike","Thunderclap"],"picked":"Rampage","floor":12},{"not_picked":["Demon Form","Twin Strike","Body Slam"],"picked":"SKIP","floor":14},{"not_picked":["Fiend Fire","Offering"],"picked":"Berserk","floor":16},{"not_picked":["Body Slam","Pommel Strike","Perfected Strike"],"picked":"SKIP","floor":18},{"not_picked":["Sever Soul","Twin Strike"],"picked":"Entrench+1","floor":19},{"not_picked":["Clothesline+1","Sword Boomerang+1"],"picked":"Armaments","floor":22}],"player_experience":0,"relics_obtained":[{"floor":6,"key":"Bag of Preparation"},{"floor":9,"key":"Anchor"},{"floor":10,"key":"Dodecahedron"}],"event_choices":[{"damage_healed":0,"gold_gain":0,"player_choice":"Ignored","damage_taken":0,"max_hp_gain":0,"max_hp_loss":0,"event_name":"Liars Game","floor":2,"gold_loss":0},{"damage_healed":0,"gold_gain":0,"player_choice":"Forge","damage_taken":0,"max_hp_gain":0,"max_hp_loss":0,"event_name":"Accursed Blacksmith","floor":11,"gold_loss":0,"cards_upgraded":["Flame Barrier"]},{"damage_healed":0,"gold_gain":99,"player_choice":"Stole From Cult","damage_taken":0,"max_hp_gain":0,"max_hp_loss":0,"event_name":"Nest","floor":21,"gold_loss":0}],"is_beta":false,"boss_relics":[{"not_picked":["Astrolabe","Busted Crown"],"picked":"Sozu"}],"items_purged_floors":[20],"is_endless":false,"potions_floor_spawned":[3,5,8,14,16,18,22],"killed_by":"Slavers","ascension_level":0}