{"gold_per_floor":[114,114,189,202,202,202,228,246,246,266,277,277,295,313,313,415,415,396,415,428,439,439,439,464,57,82,104,116,88,22,22],"floor_reached":31,"playtime":2179,"items_purged":[],"score":259,"play_id":"7d7e5c46-ea3c-4dc2-ad68-15fe379e42ea","local_time":"20190311232633","is_ascension_mode":false,"campfire_choices":[{"data":"Leg Sweep","floor":6.0,"key":"SMITH"},{"floor":12.0,"key":"REST"},{"floor":15.0,"key":"REST"},{"floor":23.0,"key":"REST"}],"neow_cost":"NONE","seed_source_timestamp":0,"circlet_count":0,"master_deck":["Defend_G+1","Defend_G+1","Defend_G","Defend_G","Defend_G","Strike_G","Strike_G","Strike_G","Strike_G","Strike_G","Survivor","Neutralize+1","Poisoned Stab","Leg Sweep+1","Sucker Punch","Predator","Dodge and Roll","Envenom","Caltrops","Skewer","Adrenaline","Blur","Die Die Die","Venomology","Necronomicurse","Well Laid Plans"],"special_seed":0,"relics":["Ring of the Snake","Pocketwatch","Matryoshka","Velvet Choker","Mummified Hand","Ninja Scroll","Anchor","Juzu Bracelet","MawBank","Necronomicon"],"potions_floor_usage":[31],"damage_taken":[{"damage":1.0,"enemies":"Cultist","floor":1.0,"turns":4.0},{"damage":0.0,"enemies":"Small Slimes","floor":4.0,"turns":3.0},{"damage":20.0,"enemies":"Gremlin Nob","floor":7.0,"turns":6.0},{"damage":0.0,"enemies":"2 Louse","floor":8.0,"turns":3.0},{"damage":15.0,"enemies":"Exordium Wildlife","floor":10.0,"turns":8.0},{"damage":1.0,"enemies":"Exordium Thugs","floor":11.0,"turns":5.0},{"damage":3.0,"enemies":"Lots of Slimes","floor":13.0,"turns":6.0},{"damage":0.0,"enemies":"Blue Slaver","floor":14.0,"turns":5.0},{"damage":28.0,"enemies":"Hexaghost","floor":16.0,"turns":11.0},{"damage":11.0,"enemies":"2 Thieves","floor":18.0,"turns":4.0},{"damage":0.0,"enemies":"Shell Parasite","floor":19.0,"turns":9.0},{"damage":11.0,"enemies":"Centurion and Healer","floor":20.0,"turns":9.0},{"damage":7.0,"enemies":"Snecko","floor":21.0,"turns":6.0},{"damage":24.0,"enemies":"Slavers","floor":24.0,"turns":8.0},{"damage":25.0,"enemies":"3 Cultists","floor":27.0,"turns":7.0},{"damage":12,"enemies":"Shelled Parasite and Fungi","floor":31,"turns":3}],"seed_played":"-2793695513167711025","potions_obtained":[{"floor":8.0,"key":"FearPotion"},{"floor":11.0,"key":"AttackPotion"},{"floor":13.0,"key":"Strength Potion"},{"floor":16.0,"key":"Fruit Juice"},{"floor":19.0,"key":"Block Potion"},{"floor":21.0,"key":"Fire Potion"},{"floor":27.0,"key":"Strength Potion"}],"is_trial":false,"path_per_floor":["M","?","?","M","?","R","E","M","T","M","M","R","M","M","R","B",null,"M","M","M","M","?","R","E","$","T","M","?","?","$","M"],"character_chosen":"THE_SILENT","items_purchased":["Ninja Scroll","Anchor","Well Laid Plans"],"campfire_rested":3,"item_purchase_floors":[25,25,30],"current_hp_per_floor":[69,69,58,58,58,58,38,38,38,23,22,43,40,40,61,33,70,64,64,53,46,46,68,44,44,44,19,3,3,3,0],"gold":22,"neow_bonus":"UPGRADE_CARD","is_prod":false,"is_daily":false,"chose_seed":false,"campfire_upgraded":1,"win_rate":0.0,"timestamp":1552361193,"path_taken":["M","?","?","M","?","R","E","M","T","M","M","R","M","M","R","BOSS","M","M","M","M","?","R","E","$","T","M","?","?","?","M"],"build_version":"2019-01-23","purchased_purges":0,"victory":false,"max_hp_per_floor":[70,70,70,70,70,70,70,70,70,70,70,70,70,70,70,70,70,75,75,75,75,75,75,75,75,75,75,75,75,75,75],"card_choices":[{"not_picked":["Backflip","Dodge and Roll"],"picked":"Poisoned Stab","floor":1.0},{"not_picked":["Blur","Outmaneuver"],"picked":"Leg Sweep","floor":4.0},{"not_picked":["Dagger Throw","Slice"],"picked":"Sucker Punch","floor":7.0},{"not_picked":["Prepared","Underhanded Strike"],"picked":"Predator","floor":8.0},{"not_picked":["Acrobatics","Backflip"],"picked":"Dodge and Roll","floor":10.0},{"not_picked":["Dagger Spray","Deflect"],"picked":"Envenom","floor":11.0},{"not_picked":["Backstab","Acrobatics"],"picked":"Caltrops","floor":13.0},{"not_picked":["Leg Sweep","Blur"],"picked":"Skewer","floor":14.0},{"not_picked":["A Thousand Cuts","Die Die Die"],"picked":"Adrenaline","floor":16.0},{"not_picked":["Dagger Throw","Riddle With Holes","Finisher+1"],"picked":"SKIP","floor":18.0},{"not_picked":["Quick Slash","Flying Knee"],"picked":"Blur","floor":19.0},{"not_picked":["Underhanded Strike","Outmaneuver","Flying Knee+1"],"picked":"SKIP","floor":20.0},{"not_picked":["Masterful Stab","Deflect","Dagger Throw"],"picked":"SKIP","floor":21.0},{"not_picked":["Slice+1","Leg Sweep"],"picked":"Venomology","floor":24.0},{"not_picked":["Dagger Spray+1","Dodge and Roll","Flying Knee"],"picked":"SKIP","floor":27.0}],"player_experience":32074,"relics_obtained":[{"floor":7.0,"key":"Pocketwatch"},{"floor":9.0,"key":"Matryoshka"},{"floor":24.0,"key":"Mummified Hand"},{"floor":26.0,"key":"Juzu Bracelet"},{"floor":26.0,"key":"MawBank"},{"floor":28.0,"key":"Necronomicon"}],"event_choices":[{"damage_healed":0.0,"max_hp_gain":0.0,"max_hp_loss":0.0,"gold_gain":0.0,"event_name":"Golden Wing","player_choice":"Ignored","floor":2.0,"gold_loss":0.0,"damage_taken":0.0},{"damage_healed":0.0,"max_hp_gain":0.0,"max_hp_loss":0.0,"gold_gain":75.0,"event_name":"World of Goop","player_choice":"Gather Gold","floor":3.0,"gold_loss":0.0,"damage_taken":11.0},{"damage_healed":0.0,"max_hp_gain":0.0,"max_hp_loss":0.0,"gold_gain":0.0,"event_name":"The Cleric","player_choice":"Leave","floor":5.0,"gold_loss":0.0,"damage_taken":0.0},{"damage_healed":0.0,"max_hp_gain":0.0,"max_hp_loss":0.0,"gold_gain":0.0,"event_name":"The Library","player_choice":"Read","floor":22.0,"gold_loss":0.0,"damage_taken":0.0,"cards_obtained":["Die Die Die"]},{"damage_healed":0.0,"max_hp_gain":0.0,"max_hp_loss":0.0,"gold_gain":0.0,"event_name":"Cursed Tome","player_choice":"Obtained Book","floor":28.0,"gold_loss":0.0,"damage_taken":16.0},{"damage_healed":0,"gold_gain":0,"player_choice":"Upgraded Two","damage_taken":0,"max_hp_gain":0,"max_hp_loss":0,"event_name":"Designer","floor":29,"gold_loss":40,"cards_upgraded":["Defend_G","Defend_G"]}],"is_beta":false,"boss_relics":[{"not_picked":["Eternal Feather","HoveringKite"],"picked":"Velvet Choker"}],"items_purged_floors":[],"is_endless":false,"potions_floor_spawned":[8,11,13,16,19,21,27],"killed_by":"Shelled Parasite and Fungi","ascension_level":0}