{"gold_per_floor":[112,132,132,149,167,167,202,202,256,267,267,267,301,47,47,143,193,207,219,219,219],"floor_reached":21,"playtime":823,"items_purged":[],"score":198,"play_id":"e584ce85-ded0-4d6f-bd03-ddfac38e96b0","local_time":"20190821070231","is_ascension_mode":true,"campfire_choices":[{"data":"Darkness","floor":6.0,"key":"SMITH"},{"data":"Fusion","floor":8.0,"key":"SMITH"},{"floor":11.0,"key":"REST"},{"data":"Capacitor","floor":15.0,"key":"SMITH"}],"neow_cost":"NONE","seed_source_timestamp":0,"circlet_count":0,"master_deck":["Strike_B+1","Strike_B","Strike_B","Strike_B","Defend_B","Defend_B","Defend_B","Defend_B","Zap","Dualcast","Capacitor+1","Doom and Gloom+1","Fusion+1","Darkness+1","All For One","Buffer","Loop","Genetic Algorithm"],"special_seed":0,"relics":["Cracked Core","Ornamental Fan","Lantern","Bottled Tornado","Tiny House"],"potions_floor_usage":[21],"damage_taken":[{"damage":3.0,"enemies":"Jaw Worm","floor":1.0,"turns":3.0},{"damage":0.0,"enemies":"2 Louse","floor":2.0,"turns":2.0},{"damage":1.0,"enemies":"Cultist","floor":4.0,"turns":3.0},{"damage":11.0,"enemies":"Exordium Wildlife","floor":5.0,"turns":2.0},{"damage":26.0,"enemies":"3 Sentries","floor":7.0,"turns":5.0},{"damage":16.0,"enemies":"2 Fungi Beasts","floor":10.0,"turns":3.0},{"damage":2.0,"enemies":"Gremlin Nob","floor":13.0,"turns":3.0},{"damage":4.0,"enemies":"Slime Boss","floor":16.0,"turns":6.0},{"damage":14.0,"enemies":"Shell Parasite","floor":18.0,"turns":5.0},{"damage":61.0,"enemies":"Spheric Guardian","floor":19.0,"turns":8.0},{"damage":13,"enemies":"Chosen and Byrds","floor":21,"turns":4}],"seed_played":"-7471892245405553210","potions_obtained":[{"floor":1.0,"key":"Explosive Potion"},{"floor":7.0,"key":"PowerPotion"},{"floor":10.0,"key":"PowerPotion"},{"floor":12.0,"key":"AttackPotion"},{"floor":13.0,"key":"EssenceOfSteel"},{"floor":16.0,"key":"PowerPotion"},{"floor":17.0,"key":"SneckoOil"}],"is_trial":false,"path_per_floor":["M","M","?","M","M","R","E","R","T","M","R","?","E","$","R","B",null,"M","M","?","M"],"character_chosen":"DEFECT","items_purchased":["Bottled Tornado"],"campfire_rested":1,"item_purchase_floors":[14],"current_hp_per_floor":[79,79,79,78,67,67,41,41,41,25,49,49,47,47,47,43,87,73,12,12,0],"gold":219,"neow_bonus":"TEN_PERCENT_HP_BONUS","is_prod":false,"is_daily":false,"chose_seed":false,"campfire_upgraded":3,"win_rate":0,"timestamp":1566385351,"path_taken":["M","M","?","M","M","R","E","R","T","M","R","?","E","$","R","BOSS","M","?","?","M"],"build_version":"2019-07-17","purchased_purges":0,"victory":false,"max_hp_per_floor":[82,82,82,82,82,82,82,82,82,82,82,82,82,82,82,82,87,87,87,87,87],"card_choices":[{"not_picked":["Rebound","Steam"],"picked":"Capacitor","floor":1.0},{"not_picked":["Leap","Recycle"],"picked":"Doom and Gloom","floor":2.0},{"not_picked":["Go for the Eyes","Recycle"],"picked":"Fusion","floor":4.0},{"not_picked":["Steam","Beam Cell"],"picked":"Darkness","floor":5.0},{"not_picked":["Rebound","Barrage","Redo"],"picked":"SKIP","floor":7.0},{"not_picked":["Compile Driver","Steam Power"],"picked":"All For One","floor":10.0},{"not_picked":["Steam","Cold Snap","Recycle"],"picked":"SKIP","floor":13.0},{"not_picked":["Electrodynamics","All For One"],"picked":"Buffer","floor":16.0},{"not_picked":["Sweeping Beam","Reinforced Body"],"picked":"Loop","floor":17.0},{"not_picked":["Beam Cell","Turbo"],"picked":"Genetic Algorithm","floor":18.0},{"not_picked":["Rip and Tear","Steam Power","Aggregate"],"picked":"SKIP","floor":19.0}],"player_experience":172362,"relics_obtained":[{"floor":7.0,"key":"Ornamental Fan"},{"floor":13.0,"key":"Lantern"}],"event_choices":[{"damage_healed":0.0,"max_hp_gain":0.0,"max_hp_loss":0.0,"gold_gain":0.0,"event_name":"Living Wall","player_choice":"Grow","floor":3.0,"gold_loss":0.0,"damage_taken":0.0,"cards_upgraded":["Doom and Gloom"]},{"damage_healed":0.0,"max_hp_gain":0.0,"max_hp_loss":0.0,"gold_gain":0.0,"event_name":"Lab","player_choice":"Got Potions","floor":12.0,"gold_loss":0.0,"damage_taken":0.0},{"damage_healed":0.0,"max_hp_gain":0.0,"max_hp_loss":0.0,"gold_gain":0.0,"event_name":"Vampires","player_choice":"Ignored","floor":20.0,"gold_loss":0.0,"damage_taken":0.0}],"is_beta":false,"boss_relics":[{"not_picked":["Astrolabe","Inserter"],"picked":"Tiny House"}],"items_purged_floors":[],"is_endless":false,"potions_floor_spawned":[1,7,10,13,16],"killed_by":"Chosen and Byrds","ascension_level":1}