{"gold_per_floor":[116,41,41,41,41,41,75,75,75,107,28,55,55,72,72,149,149,160,160,160,160,16,16,29,29,29,29,43,63,73,108,108,179,179,198,1197,1211,1211,676,676,688,688,688,14,14,27,37,70,70,70,70],"floor_reached":52,"playtime":2315,"items_purged":["Shame","Normality","Normality"],"score":1953,"play_id":"05d6f08b-0853-419d-857b-d5433d85e20a","local_time":"20190929163729","is_ascension_mode":true,"campfire_choices":[{"data":"Bash","floor":6,"key":"SMITH"},{"data":"Combust","floor":8,"key":"SMITH"},{"data":"Inflame","floor":15,"key":"SMITH"},{"data":"Immolate","floor":23,"key":"SMITH"},{"data":"Bludgeon","floor":25,"key":"SMITH"},{"floor":32,"key":"REST"},{"data":"Seeing Red","floor":40,"key":"SMITH"},{"data":"Power Through","floor":42,"key":"SMITH"},{"floor":49,"key":"REST"}],"neow_cost":"NONE","seed_source_timestamp":1093929556902700,"circlet_count":0,"master_deck":["AscendersBane","Strike_R+1","Defend_R+1","Defend_R+1","Defend_R+1","Defend_R+1","Bash+1","Second Wind+1","Combust+1","Inflame+1","Anger","Shrug It Off","Flame Barrier","Carnage","Immolate+1","Seeing Red+1","Battle Trance","Bludgeon+1","Second Wind","Power Through+1","Offering","Power Through","Body Slam","Corruption","CurseOfTheBell","Sentinel+1","Power Through","Flash of Steel","Violence","Juggernaut","Body Slam"],"relics":["Burning Blood","NeowsBlessing","Art of War","Kunai","Prayer Wheel","HornCleat","Smiling Mask","Runic Pyramid","Dodecahedron","Turnip","Calling Bell","Potion Belt","Singing Bowl","Calipers","Ice Cream","Eternal Feather","Oddly Smooth Stone","Nunchaku"],"potions_floor_usage":[16,30,31,48,50,51,51],"damage_taken":[{"damage":0,"enemies":"2 Louse","floor":1,"turns":1},{"damage":0,"enemies":"3 Sentries","floor":7,"turns":2},{"damage":0,"enemies":"Lagavulin","floor":10,"turns":1},{"damage":35,"enemies":"Gremlin Nob","floor":12,"turns":4},{"damage":0,"enemies":"Jaw Worm","floor":14,"turns":3},{"damage":19,"enemies":"Slime Boss","floor":16,"turns":8},{"damage":18,"enemies":"2 Thieves","floor":18,"turns":4},{"damage":0,"enemies":"Shell Parasite","floor":24,"turns":4},{"damage":26,"enemies":"Snake Plant","floor":28,"turns":3},{"damage":10,"enemies":"3 Cultists","floor":29,"turns":5},{"damage":8,"enemies":"Centurion and Healer","floor":30,"turns":6},{"damage":17,"enemies":"Book of Stabbing","floor":31,"turns":2},{"damage":18,"enemies":"Automaton","floor":33,"turns":14},{"damage":0,"enemies":"3 Shapes","floor":35,"turns":5},{"damage":26,"enemies":"3 Darklings","floor":37,"turns":9},{"damage":6,"enemies":"Maw","floor":41,"turns":8},{"damage":0,"enemies":"Writhing Mass","floor":46,"turns":5},{"damage":6,"enemies":"4 Shapes","floor":47,"turns":4},{"damage":63,"enemies":"Reptomancer","floor":48,"turns":6},{"damage":32,"enemies":"Time Eater","floor":50,"turns":9},{"damage":21,"enemies":"Donu and Deca","floor":51,"turns":10}],"seed_played":"1375078975157823398","potions_obtained":[{"floor":12,"key":"PowerPotion"},{"floor":16,"key":"PowerPotion"},{"floor":18,"key":"AttackPotion"},{"floor":41,"key":"Ancient Potion"},{"floor":46,"key":"Strength Potion"}],"is_trial":false,"path_per_floor":["M","?","?","$","?","R","E","R","T","E","$","E","?","M","R","B",null,"M","?","?","?","$","R","M","R","T","$","M","M","M","E","R","B",null,"M","?","M","?","$","R","M","R","T","$","?","M","M","E","R","B","B",null],"character_chosen":"IRONCLAD","items_purchased":["Anger","Shrug It Off","Power Through","BloodPotion","Ice Cream","DuplicationPotion","GamblersBrew","Power Through","Oddly Smooth Stone","Flash of Steel","Violence","SneckoOil"],"campfire_rested":2,"item_purchase_floors":[11,11,22,22,39,39,39,44,44,44,44,44],"current_hp_per_floor":[74,74,74,74,51,51,57,57,57,63,63,34,23,29,29,16,60,48,48,48,48,48,48,54,54,54,54,34,30,43,32,54,42,67,77,77,59,59,59,59,63,63,63,63,81,81,85,30,74,48,33],"gold":70,"neow_bonus":"THREE_ENEMY_KILL","is_prod":false,"is_daily":false,"chose_seed":false,"campfire_upgraded":7,"win_rate":0,"timestamp":1569800249,"path_taken":["M","?","?","$","?","R","E","R","T","E","?","E","?","M","R","BOSS","M","?","?","?","$","R","M","R","T","?","M","M","M","E","R","BOSS","M","?","M","?","$","R","M","R","T","$","?","?","M","E","R","BOSS","BOSS"],"build_version":"2019-09-27","purchased_purges":3,"victory":true,"max_hp_per_floor":[75,75,75,75,75,75,75,75,75,75,75,75,75,75,75,75,75,75,75,75,75,75,75,75,75,75,75,75,75,75,75,75,75,75,79,79,81,77,77,77,81,81,81,81,81,81,85,87,87,87,87],"card_choices":[{"not_picked":["Thunderclap","Body Slam","Twin Strike"],"picked":"SKIP","floor":1},{"not_picked":["Thunderclap","Pommel Strike"],"picked":"Combust","floor":7},{"not_picked":["Pommel Strike","Sever Soul"],"picked":"Inflame","floor":10},{"not_picked":["Entrench","Flex","Combust"],"picked":"SKIP","floor":12},{"not_picked":["Perfected Strike","Body Slam"],"picked":"Flame Barrier","floor":14},{"not_picked":["Headbutt","Rage"],"picked":"Carnage","floor":14},{"not_picked":["Reaper","Demon Form"],"picked":"Immolate","floor":16},{"not_picked":["Warcry","Iron Wave"],"picked":"Seeing Red","floor":18},{"not_picked":["Flex","Iron Wave"],"picked":"Battle Trance","floor":18},{"not_picked":["Whirlwind","Twin Strike","Anger"],"picked":"SKIP","floor":24},{"not_picked":["Rampage","Thunderclap+1","Reckless Charge"],"picked":"SKIP","floor":24},{"not_picked":["Heavy Blade","Sever Soul"],"picked":"Offering","floor":28},{"not_picked":["Metallicize","Hemokinesis","Ghostly Armor"],"picked":"SKIP","floor":28},{"not_picked":["Shrug It Off","Armaments"],"picked":"Power Through","floor":29},{"not_picked":["Reckless Charge","Bloodletting","Inflame"],"picked":"SKIP","floor":29},{"not_picked":["Shrug It Off","Clothesline"],"picked":"Body Slam","floor":30},{"not_picked":["Warcry","Fire Breathing"],"picked":"Corruption","floor":30},{"not_picked":["Warcry","Searing Blow","Thunderclap+1"],"picked":"SKIP","floor":31},{"not_picked":["Heavy Blade+1","Clothesline","Armaments"],"picked":"Singing Bowl","floor":35},{"not_picked":["Shockwave","Pommel Strike","Clash"],"picked":"Singing Bowl","floor":35},{"not_picked":["Clothesline","Flex","Shrug It Off"],"picked":"Singing Bowl","floor":37},{"not_picked":["Havoc","Flame Barrier+1"],"picked":"Sentinel+1","floor":37},{"not_picked":["Iron Wave+1","Havoc+1","Pummel"],"picked":"Singing Bowl","floor":41},{"not_picked":["Intimidate","Cleave","True Grit"],"picked":"Singing Bowl","floor":41},{"not_picked":["True Grit","Shrug It Off"],"picked":"Juggernaut","floor":46},{"not_picked":["Whirlwind","Searing Blow+1"],"picked":"Body Slam","floor":46},{"not_picked":["Headbutt","Rage+1","Body Slam"],"picked":"Singing Bowl","floor":47},{"not_picked":["Flex","Twin Strike","Clothesline+1"],"picked":"Singing Bowl","floor":47},{"not_picked":["Flex","Reaper","Perfected Strike+1"],"picked":"Singing Bowl","floor":48}],"player_experience":1123433,"relics_obtained":[{"floor":7,"key":"Art of War"},{"floor":9,"key":"Kunai"},{"floor":10,"key":"Prayer Wheel"},{"floor":12,"key":"HornCleat"},{"floor":31,"key":"Turnip"},{"floor":34,"key":"Potion Belt"},{"floor":34,"key":"Singing Bowl"},{"floor":34,"key":"Calipers"},{"floor":43,"key":"Eternal Feather"},{"floor":48,"key":"Nunchaku"}],"event_choices":[{"cards_removed":["Strike_R"],"damage_healed":0,"gold_gain":0,"player_choice":"Card Removal","damage_taken":0,"max_hp_gain":0,"max_hp_loss":0,"event_name":"The Cleric","floor":2,"gold_loss":75},{"damage_healed":0,"gold_gain":0,"cards_transformed":["Strike_R"],"player_choice":"Change","damage_taken":0,"max_hp_gain":0,"max_hp_loss":0,"event_name":"Living Wall","floor":3,"gold_loss":0,"cards_obtained":["Second Wind"]},{"damage_healed":0,"gold_gain":0,"player_choice":"Entered Light","damage_taken":23,"max_hp_gain":0,"max_hp_loss":0,"event_name":"Shining Light","floor":5,"gold_loss":0,"cards_upgraded":["Defend_R","Second Wind"]},{"damage_healed":0,"gold_gain":0,"player_choice":"Success","damage_taken":11,"relics_obtained":["Smiling Mask"],"max_hp_gain":0,"max_hp_loss":0,"event_name":"Scrap Ooze","floor":13,"gold_loss":0},{"damage_healed":0,"gold_gain":0,"player_choice":"Simplicity","damage_taken":0,"max_hp_gain":0,"max_hp_loss":0,"event_name":"Back to Basics","floor":19,"gold_loss":0,"cards_upgraded":["Strike_R","Strike_R","Strike_R","Defend_R","Defend_R","Defend_R"]},{"damage_healed":0,"gold_gain":0,"cards_transformed":["Strike_R","Strike_R"],"player_choice":"Became Test Subject","damage_taken":0,"max_hp_gain":0,"max_hp_loss":0,"event_name":"Drug Dealer","floor":20,"gold_loss":0,"cards_obtained":["Bludgeon","Second Wind"]},{"damage_healed":0,"gold_gain":0,"player_choice":"Stole Relic","damage_taken":0,"relics_obtained":["Dodecahedron"],"max_hp_gain":0,"max_hp_loss":0,"event_name":"Addict","floor":21,"gold_loss":0,"cards_obtained":["Shame"]},{"damage_healed":0,"gold_gain":999,"player_choice":"Gold","damage_taken":0,"max_hp_gain":0,"max_hp_loss":0,"event_name":"MindBloom","floor":36,"gold_loss":0,"cards_obtained":["Normality","Normality"]},{"damage_healed":0,"gold_gain":0,"player_choice":"Max HP","damage_taken":0,"max_hp_gain":0,"max_hp_loss":4,"event_name":"Winding Halls","floor":38,"gold_loss":0},{"damage_healed":18,"gold_gain":0,"player_choice":"Full Heal","damage_taken":0,"max_hp_gain":0,"max_hp_loss":0,"event_name":"Wheel of Change","floor":45,"gold_loss":0}],"is_beta":true,"boss_relics":[{"not_picked":["Fusion Hammer","Sozu"],"picked":"Runic Pyramid"},{"not_picked":["Philosopher\u0027s Stone","Black Star"],"picked":"Calling Bell"}],"items_purged_floors":[22,39,44],"is_endless":false,"potions_floor_spawned":[12,16,18,28,29,41,46],"ascension_level":20}