{"gold_per_floor":[119,130,147,147,157,157,183,193,193,204,204,10,10,24,24,124,124,141,141,66,66,66,66,92,102,102,134,148,166,176,187,187,289,289,301,315,89,100,175,175,192,192,192,227,241,260,260,287,287,287],"floor_reached":51,"playtime":3407,"items_purged":["Strike_R","Defend_R"],"score":803,"play_id":"41ba1bfb-5658-41eb-bd82-468afeaf0b26","local_time":"20190908181342","is_ascension_mode":false,"campfire_choices":[{"data":"Bash","floor":6,"key":"SMITH"},{"data":"Flame Barrier","floor":11,"key":"SMITH"},{"data":"Sword Boomerang","floor":13,"key":"SMITH"},{"data":"Strike_R","floor":15,"key":"PURGE"},{"data":"Strike_R","floor":23,"key":"PURGE"},{"data":"Strike_R","floor":32,"key":"PURGE"},{"data":"Defend_R","floor":40,"key":"PURGE"},{"data":"Cleave","floor":42,"key":"PURGE"},{"data":"1","floor":47,"key":"LIFT"},{"data":"2","floor":49,"key":"LIFT"}],"neow_cost":"","seed_source_timestamp":130469741500500,"circlet_count":0,"master_deck":["Defend_R","Defend_R","Bash+1","Iron Wave","Twin Strike","Iron Wave","Sword Boomerang+1","Flame Barrier+1","Reaper","Offering","Shrug It Off+1","Ghostly","Ghostly","Ghostly","Ghostly","Ghostly","Berserk","Intimidate+1","Offering","Clothesline+1","Inflame","Battle Trance","Shrug It Off+1","Impervious","Sword Boomerang+1","Whirlwind+1","Shrug It Off+1"],"relics":["Burning Blood","Peace Pipe","Sundial","Brimstone","Fusion Hammer","Question Card","Magic Flower","PreservedInsect","Pen Nib","Molten Egg 2","Velvet Choker","Charon\u0027s Ashes","Girya","Potion Belt"],"potions_floor_usage":[16,33,50,50,50],"damage_taken":[{"damage":1,"enemies":"Cultist","floor":1,"turns":3},{"damage":5,"enemies":"Jaw Worm","floor":2,"turns":4},{"damage":3,"enemies":"2 Louse","floor":3,"turns":3},{"damage":6,"enemies":"Blue Slaver","floor":5,"turns":4},{"damage":35,"enemies":"Lagavulin","floor":7,"turns":7},{"damage":9,"enemies":"Gremlin Gang","floor":8,"turns":4},{"damage":0,"enemies":"Looter","floor":10,"turns":3},{"damage":20,"enemies":"Exordium Thugs","floor":14,"turns":4},{"damage":41,"enemies":"The Guardian","floor":16,"turns":8},{"damage":0,"enemies":"3 Byrds","floor":18,"turns":2},{"damage":0,"enemies":"Slavers","floor":24,"turns":6},{"damage":1,"enemies":"Shell Parasite","floor":25,"turns":3},{"damage":0,"enemies":"Book of Stabbing","floor":27,"turns":4},{"damage":1,"enemies":"Chosen and Byrds","floor":28,"turns":2},{"damage":1,"enemies":"Shelled Parasite and Fungi","floor":29,"turns":3},{"damage":2,"enemies":"Centurion and Healer","floor":30,"turns":5},{"damage":0,"enemies":"Snake Plant","floor":31,"turns":3},{"damage":1,"enemies":"Champ","floor":33,"turns":7},{"damage":0,"enemies":"3 Darklings","floor":35,"turns":4},{"damage":0,"enemies":"3 Shapes","floor":36,"turns":3},{"damage":9,"enemies":"Jaw Worm Horde","floor":38,"turns":5},{"damage":0,"enemies":"Maw","floor":41,"turns":7},{"damage":1,"enemies":"Giant Head","floor":44,"turns":6},{"damage":1,"enemies":"3 Darklings","floor":45,"turns":3},{"damage":1,"enemies":"Writhing Mass","floor":46,"turns":4},{"damage":2,"enemies":"Reptomancer","floor":48,"turns":3},{"damage":1,"enemies":"Awakened One","floor":50,"turns":8}],"seed_played":"3874683591663465968","potions_obtained":[{"floor":1,"key":"FearPotion"},{"floor":7,"key":"SkillPotion"},{"floor":10,"key":"PowerPotion"},{"floor":16,"key":"Poison Potion"},{"floor":45,"key":"LiquidBronze"}],"is_trial":false,"path_per_floor":["M","M","M","?","M","R","E","M","T","M","R","$","R","M","R","B",null,"M","?","$","?","T","R","E","M","T","E","M","M","M","M","R","B",null,"M","M","$","M","?","R","M","R","T","E","M","M","R","E","R","B",null],"character_chosen":"IRONCLAD","items_purchased":["Brimstone","Sword Boomerang+1","LiquidBronze"],"campfire_rested":0,"item_purchase_floors":[12,37,37],"current_hp_per_floor":[80,80,80,80,80,80,51,48,48,54,54,54,54,40,40,25,80,80,80,80,40,40,40,40,40,40,40,40,40,40,40,40,40,40,40,40,40,40,36,36,40,40,40,40,40,40,40,40,40,40],"gold":287,"neow_bonus":"","is_prod":false,"is_daily":false,"chose_seed":false,"campfire_upgraded":3,"win_rate":0.0,"timestamp":1567934022,"path_taken":["M","?","M","?","?","R","E","M","T","M","R","$","R","M","R","BOSS","M","?","$","?","?","R","E","M","T","E","M","?","M","M","R","BOSS","M","M","$","M","?","R","M","R","T","E","M","?","R","E","R","BOSS"],"build_version":"2019-08-26","purchased_purges":2,"victory":true,"max_hp_per_floor":[80,80,80,80,80,80,80,80,80,80,80,80,80,80,80,80,80,80,80,80,40,40,40,40,40,40,40,40,40,40,40,40,40,40,40,40,40,40,40,40,40,40,40,40,40,40,40,40,40,40],"card_choices":[{"not_picked":["Sword Boomerang","Thunderclap"],"picked":"Iron Wave","floor":1},{"not_picked":["Armaments","Iron Wave"],"picked":"Twin Strike","floor":2},{"not_picked":["Thunderclap","Twin Strike"],"picked":"Cleave","floor":3},{"not_picked":["Body Slam","Dual Wield"],"picked":"Sword Boomerang","floor":5},{"not_picked":["Perfected Strike","Pommel Strike"],"picked":"Flame Barrier","floor":7},{"not_picked":["Pommel Strike","Perfected Strike","Thunderclap"],"picked":"SKIP","floor":8},{"not_picked":["Body Slam","Searing Blow","Sword Boomerang"],"picked":"SKIP","floor":10},{"not_picked":["Shrug It Off","True Grit"],"picked":"Reaper","floor":14},{"not_picked":["Berserk","Barricade"],"picked":"Offering","floor":16},{"not_picked":["Hemokinesis","Clash"],"picked":"Shrug It Off+1","floor":18},{"not_picked":["Sword Boomerang","Seeing Red","Whirlwind"],"picked":"Berserk","floor":24},{"not_picked":["Armaments+1","True Grit","Pummel"],"picked":"Intimidate+1","floor":25},{"not_picked":["Searing Blow","Carnage","Dark Embrace"],"picked":"Offering","floor":27},{"not_picked":["Cleave+1","Second Wind+1","True Grit"],"picked":"Clothesline+1","floor":28},{"not_picked":["Armaments","Headbutt+1","Reckless Charge+1"],"picked":"Inflame","floor":29},{"not_picked":["Uppercut+1","Iron Wave+1","Second Wind"],"picked":"Battle Trance","floor":30},{"not_picked":["Anger+1","Cleave+1","True Grit"],"picked":"Shrug It Off+1","floor":31},{"not_picked":["Berserk","Barricade","Brutality"],"picked":"Impervious","floor":33},{"not_picked":["Seeing Red+1","True Grit","Inflame+1","Clothesline+1"],"picked":"SKIP","floor":35},{"not_picked":["Flex+1","Thunderclap+1","Dual Wield+1","Iron Wave+1"],"picked":"SKIP","floor":36},{"not_picked":["Second Wind","Sever Soul+1","Shrug It Off"],"picked":"Whirlwind+1","floor":38},{"not_picked":["Iron Wave+1","Body Slam+1","Twin Strike+1","True Grit+1"],"picked":"SKIP","floor":41},{"not_picked":["Clothesline+1","Combust+1","Inflame+1","Warcry"],"picked":"SKIP","floor":44},{"not_picked":["True Grit","Warcry","Intimidate+1","Clothesline+1"],"picked":"SKIP","floor":45},{"not_picked":["Twin Strike+1","Corruption+1","Bloodletting","Whirlwind+1"],"picked":"SKIP","floor":46},{"not_picked":["Anger+1","Whirlwind+1","Juggernaut"],"picked":"Shrug It Off+1","floor":48}],"player_experience":0,"relics_obtained":[{"floor":7,"key":"Peace Pipe"},{"floor":9,"key":"Sundial"},{"floor":22,"key":"Magic Flower"},{"floor":24,"key":"PreservedInsect"},{"floor":26,"key":"Pen Nib"},{"floor":27,"key":"Molten Egg 2"},{"floor":43,"key":"Charon\u0027s Ashes"},{"floor":44,"key":"Girya"},{"floor":48,"key":"Potion Belt"}],"event_choices":[{"cards_removed":["Strike_R"],"damage_healed":0,"gold_gain":0,"player_choice":"Took Card","damage_taken":0,"max_hp_gain":0,"max_hp_loss":0,"event_name":"NoteForYourself","floor":4,"gold_loss":0,"cards_obtained":["Iron Wave"]},{"damage_healed":0,"gold_gain":0,"player_choice":"Opened","damage_taken":0,"relics_obtained":["Question Card"],"max_hp_gain":0,"max_hp_loss":0,"event_name":"The Mausoleum","floor":19,"gold_loss":0},{"damage_healed":0,"gold_gain":0,"player_choice":"Became a Ghost","damage_taken":0,"max_hp_gain":0,"max_hp_loss":40,"event_name":"Ghosts","floor":21,"gold_loss":0,"cards_obtained":["Ghostly","Ghostly","Ghostly","Ghostly","Ghostly"]},{"damage_healed":0,"gold_gain":75,"player_choice":"Touch","damage_taken":4,"max_hp_gain":0,"max_hp_loss":0,"event_name":"FaceTrader","floor":39,"gold_loss":0}],"is_beta":true,"boss_relics":[{"not_picked":["Calling Bell","Lizard Tail"],"picked":"Fusion Hammer"},{"not_picked":["Orrery","Snecko Eye"],"picked":"Velvet Choker"}],"items_purged_floors":[20,37],"is_endless":false,"potions_floor_spawned":[1,7,10,14,16,25,28,30,41,44,45],"ascension_level":0}