{"gold_per_floor":[13,28,28,47,61,61,61,94,94,125,125,156,156,156,156,156],"floor_reached":16,"playtime":1210,"items_purged":[],"score":236,"play_id":"db54066a-30ee-4f89-a180-3ad0448c4e36","local_time":"20190921184534","is_ascension_mode":true,"campfire_choices":[{"data":"Bash","floor":6,"key":"SMITH"},{"data":"1","floor":13,"key":"LIFT"},{"data":"2","floor":15,"key":"LIFT"}],"neow_cost":"NO_GOLD","seed_source_timestamp":131427269486500,"circlet_count":0,"master_deck":["AscendersBane","Strike_R","Strike_R","Strike_R","Strike_R","Strike_R","Defend_R","Defend_R","Defend_R","Defend_R","Bash+1","Chrysalis","Secret Technique","Anger","Shrug It Off","Inflame","Cleave","Shrug It Off","Heavy Blade","Second Wind"],"relics":["Burning Blood","Blood Vial","Singing Bowl","Girya","PreservedInsect","Anchor"],"potions_floor_usage":[8,12,12],"damage_taken":[{"damage":1,"enemies":"Cultist","floor":1,"turns":5},{"damage":6,"enemies":"2 Louse","floor":2,"turns":4},{"damage":11,"enemies":"Small Slimes","floor":4,"turns":5},{"damage":30,"enemies":"Exordium Thugs","floor":5,"turns":5},{"damage":25,"enemies":"Gremlin Nob","floor":8,"turns":4},{"damage":2,"enemies":"Lagavulin","floor":10,"turns":6},{"damage":32,"enemies":"Gremlin Nob","floor":12,"turns":4},{"damage":24,"enemies":"Hexaghost","floor":16,"turns":9}],"seed_played":"5871980680585461022","potions_obtained":[{"floor":1,"key":"LiquidBronze"},{"floor":3,"key":"PowerPotion"},{"floor":4,"key":"FearPotion"},{"floor":5,"key":"SteroidPotion"},{"floor":10,"key":"AttackPotion"}],"is_trial":false,"path_per_floor":["M","M","?","M","M","R","$","E","T","E","?","E","R","?","R","B"],"character_chosen":"IRONCLAD","items_purchased":[],"campfire_rested":0,"item_purchase_floors":[],"current_hp_per_floor":[73,73,73,68,44,44,44,25,25,31,56,32,32,21,21,0],"gold":156,"neow_bonus":"RANDOM_COLORLESS_2","is_prod":false,"is_daily":false,"chose_seed":false,"campfire_upgraded":1,"win_rate":0,"timestamp":1569059134,"path_taken":["M","M","?","?","?","R","?","E","T","E","?","E","R","?","R","BOSS"],"build_version":"2019-09-20","purchased_purges":0,"victory":false,"max_hp_per_floor":[75,75,75,75,75,75,75,75,75,75,75,75,75,75,75,75],"card_choices":[{"not_picked":["Clash","Sever Soul"],"picked":"Anger","floor":1},{"not_picked":["Combust","Iron Wave"],"picked":"Shrug It Off","floor":2},{"not_picked":["Anger","Headbutt"],"picked":"Inflame","floor":4},{"not_picked":["Bloodletting","Reckless Charge"],"picked":"Cleave","floor":5},{"not_picked":["Rage","Sever Soul"],"picked":"Shrug It Off","floor":8},{"not_picked":["Berserk","Iron Wave"],"picked":"Heavy Blade","floor":10},{"not_picked":["Clothesline","Reckless Charge"],"picked":"Second Wind","floor":12}],"player_experience":805020,"relics_obtained":[{"floor":8,"key":"Blood Vial"},{"floor":9,"key":"Singing Bowl"},{"floor":10,"key":"Girya"},{"floor":12,"key":"PreservedInsect"}],"event_choices":[{"damage_healed":0,"gold_gain":0,"player_choice":"Got Potions","damage_taken":0,"max_hp_gain":0,"max_hp_loss":0,"event_name":"Lab","floor":3,"gold_loss":0},{"damage_healed":25,"gold_gain":0,"player_choice":"Banana","damage_taken":0,"max_hp_gain":0,"max_hp_loss":0,"event_name":"Big Fish","floor":11,"gold_loss":0},{"damage_healed":0,"gold_gain":0,"player_choice":"Success","damage_taken":11,"relics_obtained":["Anchor"],"max_hp_gain":0,"max_hp_loss":0,"event_name":"Scrap Ooze","floor":14,"gold_loss":0}],"is_beta":true,"boss_relics":[],"items_purged_floors":[],"is_endless":false,"potions_floor_spawned":[1,4,5,10],"killed_by":"Hexaghost","ascension_level":20}