{"gold_per_floor":[112,129,204,154,154,183,183,200,200,226,226,501,79,90,90,191,221,240,92,110,110],"floor_reached":21,"playtime":1127,"items_purged":["Regret","Strike_P"],"score":254,"play_id":"ee7d1cec-b2cc-4c59-8ba4-81d6ee5fa4ad","local_time":"20191002173116","is_ascension_mode":true,"campfire_choices":[{"data":"Eruption","floor":7,"key":"SMITH"},{"data":"ReachHeaven","floor":11,"key":"SMITH"},{"data":"Protect","floor":15,"key":"SMITH"}],"neow_cost":"NONE","seed_source_timestamp":78347207732000,"circlet_count":0,"master_deck":["Strike_P","Strike_P","Defend_P","Defend_P","Defend_P","Eruption+1","Vigilance+1","ReachHeaven+1","Swivel","Protect+1","Pray","SandsOfTime+1","Prostrate+1","TalkToTheHand+1","LessonLearned+1","CurseOfTheBell","BowlingBash+1","Protect+1"],"relics":["PureWater","NeowsBlessing","Molten Egg 2","Bag of Preparation","TeardropLocket","Ice Cream","Calling Bell","Tiny Chest","Toxic Egg 2","Nunchaku"],"potions_floor_usage":[10,16],"damage_taken":[{"damage":0,"enemies":"Small Slimes","floor":1,"turns":2},{"damage":0,"enemies":"Jaw Worm","floor":2,"turns":1},{"damage":0,"enemies":"3 Sentries","floor":6,"turns":1},{"damage":0,"enemies":"Cultist","floor":8,"turns":2},{"damage":7,"enemies":"Lagavulin","floor":10,"turns":5},{"damage":11,"enemies":"Lots of Slimes","floor":14,"turns":4},{"damage":19,"enemies":"The Guardian","floor":16,"turns":5},{"damage":39,"enemies":"2 Thieves","floor":18,"turns":5},{"damage":7,"enemies":"Shell Parasite","floor":20,"turns":9},{"damage":46,"enemies":"Sentry and Sphere","floor":21,"turns":5}],"seed_played":"-678064192232119621","potions_obtained":[{"floor":1,"key":"Energy Potion"},{"floor":10,"key":"LiquidBronze"}],"is_trial":false,"path_per_floor":["M","M","?","?","?","E","R","M","T","E","R","?","$","M","R","B",null,"M","$","M","M"],"character_chosen":"WATCHER","items_purchased":["Ice Cream","Prostrate","BowlingBash+1"],"campfire_rested":0,"item_purchase_floors":[13,13,19],"current_hp_per_floor":[72,72,61,61,61,61,61,61,61,54,54,54,54,43,43,24,72,33,33,26,0],"gold":110,"neow_bonus":"THREE_ENEMY_KILL","is_prod":false,"is_daily":false,"chose_seed":false,"campfire_upgraded":3,"win_rate":0,"timestamp":1570062676,"path_taken":["M","M","?","?","?","E","R","M","T","E","R","?","$","?","R","BOSS","M","?","M","M"],"build_version":"2019-10-02","purchased_purges":2,"victory":false,"max_hp_per_floor":[72,72,72,72,72,72,72,72,72,72,72,72,72,72,72,72,72,72,72,72,72],"card_choices":[{"not_picked":["FollowUp","ThirdEye"],"picked":"ReachHeaven","floor":1},{"not_picked":["ClearTheMind","ForeignInfluence"],"picked":"Swivel","floor":2},{"not_picked":["FollowUp","FlyingSleeves"],"picked":"Protect","floor":6},{"not_picked":["EmptyFist+1","CarveReality+1"],"picked":"Pray","floor":8},{"not_picked":["Blasphemy","EmptyFist+1"],"picked":"SandsOfTime+1","floor":10},{"not_picked":["EmptyBody","Conclude+1"],"picked":"TalkToTheHand+1","floor":14},{"not_picked":["Omniscience","Establishment"],"picked":"LessonLearned+1","floor":16},{"not_picked":["JustLucky+1","ReachHeaven+1","Conclude+1"],"picked":"SKIP","floor":18},{"not_picked":["CutThroughFate+1","Halt+1"],"picked":"Protect+1","floor":20}],"player_experience":801826,"relics_obtained":[{"floor":6,"key":"Molten Egg 2"},{"floor":9,"key":"Bag of Preparation"},{"floor":10,"key":"TeardropLocket"},{"floor":17,"key":"Tiny Chest"},{"floor":17,"key":"Toxic Egg 2"},{"floor":17,"key":"Nunchaku"}],"event_choices":[{"damage_healed":0,"gold_gain":75,"player_choice":"Gather Gold","damage_taken":11,"max_hp_gain":0,"max_hp_loss":0,"event_name":"World of Goop","floor":3,"gold_loss":0},{"cards_removed":["Strike_P"],"damage_healed":0,"gold_gain":0,"player_choice":"Card Removal","damage_taken":0,"max_hp_gain":0,"max_hp_loss":0,"event_name":"The Cleric","floor":4,"gold_loss":50},{"cards_removed":["Defend_P"],"damage_healed":0,"gold_gain":0,"player_choice":"Forget","damage_taken":0,"max_hp_gain":0,"max_hp_loss":0,"event_name":"Living Wall","floor":5,"gold_loss":0},{"damage_healed":0,"gold_gain":275,"player_choice":"Desecrate","damage_taken":0,"max_hp_gain":0,"max_hp_loss":0,"event_name":"Golden Shrine","floor":12,"gold_loss":0,"cards_obtained":["Regret"]}],"is_beta":true,"boss_relics":[{"not_picked":["Tiny House","Coffee Dripper"],"picked":"Calling Bell"}],"items_purged_floors":[13,19],"is_endless":false,"potions_floor_spawned":[1,10],"killed_by":"Sentry and Sphere","ascension_level":4}