{"gold_per_floor":[214,41,141,154,169,200,200,210,210,225,225,236,271,271,271,345,345,364,364,378,405,405],"floor_reached":22,"playtime":1198,"items_purged":[],"score":397,"play_id":"249383da-013f-414e-ac67-ea0997bb7ca1","local_time":"20190711143800","is_ascension_mode":true,"campfire_choices":[{"floor":7,"key":"REST"},{"data":"Neutralize","floor":11,"key":"SMITH"},{"data":"Deadly Poison","floor":15,"key":"SMITH"}],"neow_cost":"NONE","seed_source_timestamp":8741683613367133,"circlet_count":0,"master_deck":["AscendersBane","Defend_G","Defend_G","Defend_G","Defend_G","Defend_G","Survivor","Neutralize+1","Quick Slash","Deadly Poison+1","Deadly Poison","Escape Plan","PiercingWail","Footwork","Prepared","Burst","Bite","Bite","Bite","Bite","Bite","Escape Plan"],"relics":["Ring of the Serpent","Oddly Smooth Stone","Lantern","Sundial","Shovel","Red Mask"],"potions_floor_usage":[6,12,13,16,21],"damage_taken":[{"damage":0,"enemies":"2 Louse","floor":1,"turns":3},{"damage":7,"enemies":"Cultist","floor":4,"turns":6},{"damage":4,"enemies":"Jaw Worm","floor":5,"turns":3},{"damage":23,"enemies":"Lagavulin","floor":6,"turns":6},{"damage":1,"enemies":"Blue Slaver","floor":8,"turns":4},{"damage":2,"enemies":"Looter","floor":10,"turns":3},{"damage":1,"enemies":"Exordium Wildlife","floor":12,"turns":3},{"damage":22,"enemies":"3 Sentries","floor":13,"turns":8},{"damage":5,"enemies":"The Guardian","floor":16,"turns":10},{"damage":1,"enemies":"Chosen","floor":18,"turns":6},{"damage":19,"enemies":"3 Byrds","floor":20,"turns":8},{"damage":59,"enemies":"Masked Bandits","floor":21,"turns":7},{"damage":12,"enemies":"Shelled Parasite and Fungi","floor":22,"turns":4}],"seed_played":"8522764557361549744","potions_obtained":[{"floor":1,"key":"Block Potion"},{"floor":6,"key":"Energy Potion"},{"floor":12,"key":"Strength Potion"},{"floor":13,"key":"FearPotion"},{"floor":20,"key":"Poison Potion"}],"is_trial":false,"path_per_floor":["M","$","?","M","M","E","R","M","T","M","R","M","E","?","R","B",null,"M","?","M","?","M"],"character_chosen":"THE_SILENT","items_purchased":["Oddly Smooth Stone"],"campfire_rested":1,"item_purchase_floors":[2],"current_hp_per_floor":[59,59,59,52,48,25,44,43,43,41,41,40,18,23,23,18,58,57,49,46,10,0],"gold":405,"neow_bonus":"HUNDRED_GOLD","is_prod":false,"is_daily":false,"chose_seed":false,"campfire_upgraded":2,"win_rate":0,"timestamp":1562834280,"path_taken":["M","$","?","M","M","E","R","M","T","M","R","?","E","?","R","BOSS","M","?","M","?","M"],"build_version":"2019-07-05","purchased_purges":0,"victory":false,"max_hp_per_floor":[66,66,66,66,66,66,66,66,66,66,66,66,66,71,71,71,71,71,49,49,49,49],"card_choices":[{"not_picked":["Backflip","Dagger Throw"],"picked":"Quick Slash","floor":1},{"not_picked":["Flying Knee","Reflex"],"picked":"Deadly Poison","floor":4},{"not_picked":["Eviscerate","Flying Knee"],"picked":"Deadly Poison","floor":5},{"not_picked":["Blade Dance","Dagger Throw","Sucker Punch"],"picked":"SKIP","floor":6},{"not_picked":["Cloak And Dagger","Catalyst"],"picked":"Escape Plan","floor":8},{"not_picked":["Night Terror","Flying Knee"],"picked":"PiercingWail","floor":10},{"not_picked":["Sucker Punch","Slice"],"picked":"Footwork","floor":12},{"not_picked":["Finisher","Bane"],"picked":"Prepared","floor":13},{"not_picked":["Bullet Time","Glass Knife"],"picked":"Burst","floor":16},{"not_picked":["Bane","Underhanded Strike","Backstab"],"picked":"SKIP","floor":18},{"not_picked":["Sucker Punch","All Out Attack","Slice"],"picked":"SKIP","floor":20},{"not_picked":["Sucker Punch","Deadly Poison"],"picked":"Escape Plan","floor":21}],"player_experience":1518970,"relics_obtained":[{"floor":6,"key":"Lantern"},{"floor":9,"key":"Sundial"},{"floor":13,"key":"Shovel"},{"floor":21,"key":"Red Mask"}],"event_choices":[{"damage_healed":0,"gold_gain":100,"player_choice":"Gold","damage_taken":0,"max_hp_gain":0,"max_hp_loss":0,"event_name":"Wheel of Change","floor":3,"gold_loss":0},{"damage_healed":0,"gold_gain":0,"player_choice":"Donut","damage_taken":0,"max_hp_gain":5,"max_hp_loss":0,"event_name":"Big Fish","floor":14,"gold_loss":0},{"damage_healed":0,"gold_gain":0,"player_choice":"Became a vampire","damage_taken":0,"max_hp_gain":0,"max_hp_loss":22,"event_name":"Vampires","floor":19,"gold_loss":0,"cards_obtained":["Bite","Bite","Bite","Bite","Bite"]},{"damage_healed":0,"gold_gain":0,"player_choice":"Fought Bandits","damage_taken":0,"max_hp_gain":0,"max_hp_loss":0,"event_name":"Masked Bandits","floor":21,"gold_loss":0}],"is_beta":false,"boss_relics":[{"not_picked":["Orrery","Pandora\u0027s Box"],"picked":"Ring of the Serpent"}],"items_purged_floors":[],"is_endless":false,"potions_floor_spawned":[1,6,12,13,20],"killed_by":"Shelled Parasite and Fungi","ascension_level":18}