{"gold_per_floor":[115,80,97,97,122,122,122,47,47,47,66,100,100,25,25,119,119,140,154,154],"floor_reached":20,"playtime":1075,"items_purged":["Strike_R"],"score":344,"play_id":"c0d7e32c-9981-4ca4-a9bc-7203253c1e03","local_time":"20190915124055","is_ascension_mode":true,"campfire_choices":[{"data":"Bash","floor":6,"key":"SMITH"},{"data":"Blood for Blood","floor":10,"key":"SMITH"},{"data":"Inflame","floor":13,"key":"SMITH"},{"data":"Pummel","floor":15,"key":"SMITH"}],"neow_cost":"PERCENT_DAMAGE","seed_source_timestamp":132109511195700,"circlet_count":0,"master_deck":["AscendersBane","Strike_R","Strike_R","Strike_R","Defend_R","Defend_R","Defend_R","Bash+1","Cleave","Blood for Blood+1","Evolve","Inflame+1","Pummel+1","Limit Break","Clothesline"],"relics":["Burning Blood","Golden Idol","PreservedInsect","Dodecahedron","Cursed Key"],"potions_floor_usage":[16,16],"damage_taken":[{"damage":12,"enemies":"Small Slimes","floor":1,"turns":4},{"damage":14,"enemies":"Jaw Worm","floor":3,"turns":4},{"damage":6,"enemies":"2 Louse","floor":5,"turns":3},{"damage":16,"enemies":"2 Fungi Beasts","floor":11,"turns":3},{"damage":8,"enemies":"Gremlin Nob","floor":12,"turns":3},{"damage":36,"enemies":"Slime Boss","floor":16,"turns":7},{"damage":30,"enemies":"3 Byrds","floor":18,"turns":5},{"damage":25,"enemies":"Shell Parasite","floor":19,"turns":3},{"damage":25,"enemies":"Sentry and Sphere","floor":20,"turns":3}],"seed_played":"-4647998069935491645","potions_obtained":[{"floor":11,"key":"BloodPotion"},{"floor":12,"key":"DuplicationPotion"},{"floor":16,"key":"AttackPotion"},{"floor":19,"key":"DuplicationPotion"}],"is_trial":false,"path_per_floor":["M","?","M","?","M","R","?","$","T","R","M","E","R","$","R","B",null,"M","M","M"],"character_chosen":"IRONCLAD","items_purchased":["Inflame"],"campfire_rested":0,"item_purchase_floors":[8],"current_hp_per_floor":[44,62,54,54,54,54,54,54,54,54,44,42,42,42,42,30,64,40,21,0],"gold":154,"neow_bonus":"REMOVE_TWO","is_prod":false,"is_daily":false,"chose_seed":false,"campfire_upgraded":4,"win_rate":0,"timestamp":1568518855,"path_taken":["M","?","M","?","M","R","?","$","T","R","M","E","R","$","R","BOSS","M","M","M"],"build_version":"2019-09-12","purchased_purges":1,"victory":false,"max_hp_per_floor":[75,75,75,75,75,75,75,75,75,75,75,75,75,75,75,75,75,75,75,75],"card_choices":[{"not_picked":["Headbutt","Warcry"],"picked":"Cleave","floor":1},{"not_picked":["Warcry","Havoc"],"picked":"Blood for Blood","floor":3},{"not_picked":["Body Slam","Headbutt"],"picked":"Evolve","floor":5},{"not_picked":["Whirlwind","Intimidate","Pummel"],"picked":"SKIP","floor":11},{"not_picked":["Whirlwind","Intimidate"],"picked":"Pummel","floor":11},{"not_picked":["Corruption","Heavy Blade","Entrench"],"picked":"SKIP","floor":12},{"not_picked":["Exhume","Barricade"],"picked":"Limit Break","floor":16},{"not_picked":["Pommel Strike","Wild Strike","Warcry"],"picked":"SKIP","floor":18},{"not_picked":["Iron Wave","Thunderclap"],"picked":"Clothesline","floor":19}],"player_experience":746540,"relics_obtained":[{"floor":9,"key":"PreservedInsect"},{"floor":12,"key":"Dodecahedron"}],"event_choices":[{"damage_healed":18,"gold_gain":0,"player_choice":"Healed","damage_taken":0,"max_hp_gain":0,"max_hp_loss":0,"event_name":"The Cleric","floor":2,"gold_loss":35},{"damage_healed":0,"gold_gain":0,"player_choice":"Take Wound","damage_taken":0,"relics_obtained":["Golden Idol"],"max_hp_gain":0,"max_hp_loss":0,"event_name":"Golden Idol","floor":4,"gold_loss":0,"cards_obtained":["Injury"]},{"cards_removed":["Injury"],"damage_healed":0,"gold_gain":0,"player_choice":"Forget","damage_taken":0,"max_hp_gain":0,"max_hp_loss":0,"event_name":"Living Wall","floor":7,"gold_loss":0}],"is_beta":true,"boss_relics":[{"not_picked":["Fusion Hammer","Philosopher\u0027s Stone"],"picked":"Cursed Key"}],"items_purged_floors":[14],"is_endless":false,"potions_floor_spawned":[11,12,16,19],"killed_by":"Sentry and Sphere","ascension_level":20}