{"gold_per_floor":[116,126,141,141,27,27,27,27,27,56,56,81,93,112,112,183,183,200,200,220,234,247,247,276,276,276,276,276,0,18,30,30,104,104,117,67,67,78,92,92,104,104,104,134,134,148,163,3,3,3,3],"floor_reached":52,"playtime":2822,"items_purged":[],"score":1878,"play_id":"ed947bcc-9f22-4046-a146-242094dcca96","local_time":"20190930094806","is_ascension_mode":true,"campfire_choices":[{"data":"True Grit","floor":6.0,"key":"SMITH"},{"data":"Bash","floor":8.0,"key":"SMITH"},{"data":"Fiend Fire","floor":11.0,"key":"SMITH"},{"data":"Spot Weakness","floor":15.0,"key":"SMITH"},{"data":"J.A.X.","floor":23.0,"key":"SMITH"},{"data":"Evolve","floor":25.0,"key":"SMITH"},{"data":"Feel No Pain","floor":28.0,"key":"SMITH"},{"floor":32.0,"key":"REST"},{"data":"Battle Trance","floor":40.0,"key":"SMITH"},{"data":"Feed","floor":42.0,"key":"SMITH"},{"floor":45.0,"key":"REST"},{"floor":49.0,"key":"REST"}],"neow_cost":"NONE","seed_source_timestamp":0,"circlet_count":0,"master_deck":["AscendersBane","Strike_R+1","Strike_R+1","Defend_R+1","Defend_R+1","Defend_R+1","Defend_R+1","Bash+1","Anger+1","Battle Trance+1","Evolve+1","True Grit+1","Fiend Fire+1","Spot Weakness+1","Reckless Charge+1","Feed+1","Power Through+1","Reaper+1","Warcry+1","J.A.X.+1","Twin Strike+1","Second Wind+1","Feel No Pain+1","Headbutt+1","Offering+1","True Grit+1","Uppercut+1","Parasite","Limit Break+1"],"special_seed":0,"relics":["Burning Blood","CaptainsWheel","Lantern","StoneCalendar","Astrolabe","Ancient Tea Set","Bottled Tornado","Toxic Egg 2","Busted Crown","Darkstone Periapt","War Paint"],"potions_floor_usage":[51,51],"damage_taken":[{"damage":7.0,"enemies":"Small Slimes","floor":1.0,"turns":4.0},{"damage":9.0,"enemies":"Jaw Worm","floor":2.0,"turns":4.0},{"damage":1.0,"enemies":"Cultist","floor":3.0,"turns":3.0},{"damage":17.0,"enemies":"3 Sentries","floor":10.0,"turns":10.0},{"damage":18.0,"enemies":"Gremlin Nob","floor":12.0,"turns":4.0},{"damage":0.0,"enemies":"Large Slime","floor":13.0,"turns":6.0},{"damage":1.0,"enemies":"2 Fungi Beasts","floor":14.0,"turns":3.0},{"damage":15.0,"enemies":"Hexaghost","floor":16.0,"turns":6.0},{"damage":4.0,"enemies":"Shell Parasite","floor":18.0,"turns":6.0},{"damage":37.0,"enemies":"3 Byrds","floor":20.0,"turns":5.0},{"damage":25.0,"enemies":"Snecko","floor":21.0,"turns":5.0},{"damage":31.0,"enemies":"Shelled Parasite and Fungi","floor":22.0,"turns":4.0},{"damage":33.0,"enemies":"Slavers","floor":24.0,"turns":6.0},{"damage":8.0,"enemies":"Centurion and Healer","floor":30.0,"turns":7.0},{"damage":3.0,"enemies":"Chosen and Byrds","floor":31.0,"turns":4.0},{"damage":56.0,"enemies":"Collector","floor":33.0,"turns":9.0},{"damage":33.0,"enemies":"3 Shapes","floor":35.0,"turns":7.0},{"damage":9.0,"enemies":"Orb Walker","floor":38.0,"turns":4.0},{"damage":19.0,"enemies":"3 Darklings","floor":39.0,"turns":6.0},{"damage":14.0,"enemies":"Sphere and 2 Shapes","floor":41.0,"turns":7.0},{"damage":12.0,"enemies":"Giant Head","floor":44.0,"turns":6.0},{"damage":49.0,"enemies":"Maw","floor":46.0,"turns":8.0},{"damage":18.0,"enemies":"Writhing Mass","floor":47.0,"turns":4.0},{"damage":81.0,"enemies":"Time Eater","floor":50.0,"turns":8.0},{"damage":74,"enemies":"Awakened One","floor":51,"turns":8}],"seed_played":"6505425480680806729","potions_obtained":[{"floor":1.0,"key":"GamblersBrew"},{"floor":7.0,"key":"SpeedPotion"},{"floor":10.0,"key":"SmokeBomb"},{"floor":18.0,"key":"BloodPotion"},{"floor":21.0,"key":"SkillPotion"},{"floor":30.0,"key":"Ancient Potion"},{"floor":38.0,"key":"PowerPotion"},{"floor":44.0,"key":"SteroidPotion"},{"floor":46.0,"key":"SteroidPotion"}],"is_trial":false,"path_per_floor":["M","M","M","?","$","R","?","R","T","E","R","E","M","M","R","B",null,"M","?","M","M","M","R","E","R","T","?","R","$","M","M","R","B",null,"M","?","$","M","M","R","M","R","T","E","R","M","M","$","R","B","B",null],"character_chosen":"IRONCLAD","items_purchased":["Evolve","True Grit","Toxic Egg 2","Limit Break+1"],"campfire_rested":3,"item_purchase_floors":[5,5,29,48],"current_hp_per_floor":[74,71,76,76,76,76,76,76,76,65,65,53,59,64,64,55,75,77,77,63,51,43,43,38,38,38,38,38,38,36,42,68,52,79,52,52,52,60,91,91,86,86,86,80,94,72,66,66,96,21,16],"gold":3,"neow_bonus":"TEN_PERCENT_HP_BONUS","is_prod":false,"is_daily":false,"chose_seed":false,"campfire_upgraded":9,"win_rate":0,"timestamp":1569862086,"path_taken":["M","M","M","?","$","R","?","R","T","E","R","E","?","M","R","BOSS","M","?","M","M","M","R","E","R","T","?","R","$","M","M","R","BOSS","M","?","$","M","M","R","?","R","T","E","R","M","M","$","R","BOSS","BOSS"],"build_version":"2019-09-27","purchased_purges":0,"victory":true,"max_hp_per_floor":[82,82,82,82,82,82,82,82,82,82,82,82,82,82,82,82,82,82,82,85,85,85,85,85,85,85,85,85,85,85,88,88,88,88,88,88,88,91,91,91,94,94,94,94,94,94,100,100,100,100,100],"card_choices":[{"not_picked":["Infernal Blade","Pommel Strike"],"picked":"Anger","floor":1.0},{"not_picked":["Iron Wave","Anger"],"picked":"Battle Trance","floor":2.0},{"not_picked":["Havoc","Blood for Blood","Searing Blow"],"picked":"SKIP","floor":3.0},{"not_picked":["Iron Wave","Perfected Strike"],"picked":"Fiend Fire","floor":10.0},{"not_picked":["Clash","Cleave","Havoc"],"picked":"SKIP","floor":12.0},{"not_picked":["Carnage","Corruption"],"picked":"Spot Weakness","floor":13.0},{"not_picked":["Pommel Strike","Perfected Strike"],"picked":"Reckless Charge","floor":14.0},{"not_picked":["Brutality","Dark Embrace"],"picked":"Feed","floor":16.0},{"not_picked":["Thunderclap","Dropkick","Corruption"],"picked":"SKIP","floor":18.0},{"not_picked":["Warcry","Reckless Charge"],"picked":"Twin Strike+1","floor":20.0},{"not_picked":["Entrench","Anger+1","Dropkick"],"picked":"SKIP","floor":21.0},{"not_picked":["True Grit","Body Slam"],"picked":"Second Wind","floor":22.0},{"not_picked":["Barricade","Rampage"],"picked":"Feel No Pain","floor":24.0},{"not_picked":["Clothesline","Havoc+1","Headbutt"],"picked":"SKIP","floor":30.0},{"not_picked":["Havoc+1","Whirlwind"],"picked":"Headbutt+1","floor":31.0},{"not_picked":["Reaper","Juggernaut"],"picked":"Offering+1","floor":33.0},{"not_picked":["Havoc+1"],"picked":"SKIP","floor":35.0},{"not_picked":[],"picked":"True Grit+1","floor":38.0},{"not_picked":[],"picked":"Uppercut+1","floor":39.0},{"not_picked":["Uppercut"],"picked":"SKIP","floor":41.0},{"not_picked":["Infernal Blade+1"],"picked":"SKIP","floor":44.0},{"not_picked":["Infernal Blade+1"],"picked":"SKIP","floor":44.0},{"not_picked":["Intimidate+1"],"picked":"SKIP","floor":46.0},{"not_picked":["Iron Wave"],"picked":"SKIP","floor":47.0}],"player_experience":1132029,"relics_obtained":[{"floor":9.0,"key":"CaptainsWheel"},{"floor":10.0,"key":"Lantern"},{"floor":12.0,"key":"StoneCalendar"},{"floor":24.0,"key":"Ancient Tea Set"},{"floor":26.0,"key":"Bottled Tornado"},{"floor":43.0,"key":"Darkstone Periapt"},{"floor":44.0,"key":"War Paint"}],"event_choices":[{"damage_healed":0.0,"max_hp_gain":0.0,"max_hp_loss":0.0,"gold_gain":0.0,"event_name":"Living Wall","player_choice":"Grow","floor":4.0,"gold_loss":0.0,"damage_taken":0.0,"cards_upgraded":["Anger"]},{"damage_healed":0.0,"max_hp_gain":0.0,"max_hp_loss":0.0,"gold_gain":0.0,"event_name":"Lab","player_choice":"Got Potions","floor":7.0,"gold_loss":0.0,"damage_taken":0.0},{"damage_healed":0.0,"max_hp_gain":0.0,"max_hp_loss":0.0,"gold_gain":0.0,"event_name":"Drug Dealer","player_choice":"Obtain J.A.X.","floor":19.0,"gold_loss":0.0,"damage_taken":0.0,"cards_obtained":["J.A.X."]},{"damage_healed":0.0,"max_hp_gain":0.0,"max_hp_loss":0.0,"gold_gain":0.0,"event_name":"Back to Basics","player_choice":"Simplicity","floor":27.0,"gold_loss":0.0,"damage_taken":0.0,"cards_upgraded":["Strike_R","Strike_R","Defend_R","Defend_R","Defend_R","Defend_R"]},{"damage_healed":0.0,"max_hp_gain":0.0,"max_hp_loss":0.0,"gold_gain":0.0,"event_name":"Designer","player_choice":"Upgraded Two","floor":36.0,"gold_loss":50.0,"damage_taken":0.0,"cards_upgraded":["Second Wind","Reckless Charge"]}],"is_beta":true,"boss_relics":[{"not_picked":["Tiny House","SlaversCollar"],"picked":"Astrolabe"},{"not_picked":["Coffee Dripper","Empty Cage"],"picked":"Busted Crown"}],"items_purged_floors":[],"is_endless":false,"potions_floor_spawned":[1,10,14,18,20,21,30,38,44,46],"ascension_level":20}