{"gold_per_floor":[119,36,52,0,19,19,54,54,105,115,115,127,177,202,202,202],"floor_reached":16,"playtime":704,"items_purged":[],"score":220,"play_id":"dd0148c9-8c8a-401e-8189-82a4b4a7ab63","local_time":"20190904205138","is_ascension_mode":true,"campfire_choices":[{"data":"Bash","floor":6,"key":"SMITH"},{"data":"Carnage","floor":8,"key":"SMITH"},{"data":"Sword Boomerang","floor":15,"key":"SMITH"}],"neow_cost":"NONE","seed_source_timestamp":72691367770900,"circlet_count":0,"master_deck":["AscendersBane","Strike_R","Strike_R","Strike_R","Strike_R","Strike_R","Defend_R","Defend_R","Defend_R","Defend_R","Bash+1","Evolve","Flex","Sword Boomerang+1","Clothesline","Carnage+1","Limit Break"],"relics":["Burning Blood","NeowsBlessing","Boot","Regal Pillow","Oddly Smooth Stone","Ornamental Fan","Blood Vial"],"potions_floor_usage":[],"damage_taken":[{"damage":0,"enemies":"2 Louse","floor":1,"turns":1},{"damage":0,"enemies":"Cultist","floor":3,"turns":1},{"damage":0,"enemies":"Jaw Worm","floor":5,"turns":1},{"damage":26,"enemies":"Gremlin Nob","floor":7,"turns":4},{"damage":13,"enemies":"Exordium Wildlife","floor":10,"turns":4},{"damage":7,"enemies":"Large Slime","floor":12,"turns":3},{"damage":18,"enemies":"3 Sentries","floor":14,"turns":7},{"damage":28,"enemies":"Hexaghost","floor":16,"turns":7}],"seed_played":"-8324763736105819978","potions_obtained":[{"floor":1,"key":"Fire Potion"},{"floor":5,"key":"SkillPotion"},{"floor":7,"key":"FearPotion"}],"is_trial":false,"path_per_floor":["M","?","M","$","M","R","E","R","T","M","?","M","?","E","R","B"],"character_chosen":"IRONCLAD","items_purchased":["Sword Boomerang"],"campfire_rested":0,"item_purchase_floors":[4],"current_hp_per_floor":[74,74,75,75,75,75,55,55,55,48,37,36,36,24,24,0],"gold":202,"neow_bonus":"THREE_ENEMY_KILL","is_prod":false,"is_daily":false,"chose_seed":false,"campfire_upgraded":3,"win_rate":0,"timestamp":1567597898,"path_taken":["M","?","M","?","?","R","E","R","T","M","?","M","?","E","R","BOSS"],"build_version":"2019-07-17","purchased_purges":0,"victory":false,"max_hp_per_floor":[75,75,75,75,75,75,75,75,75,75,75,75,75,75,75,75],"card_choices":[{"not_picked":["True Grit","Shrug It Off"],"picked":"Evolve","floor":1},{"not_picked":["Sentinel","Thunderclap"],"picked":"Flex","floor":3},{"not_picked":["Heavy Blade","Sentinel"],"picked":"Clothesline","floor":5},{"not_picked":["Wild Strike","Pommel Strike"],"picked":"Carnage","floor":7},{"not_picked":["Blood for Blood","True Grit","Rupture"],"picked":"SKIP","floor":10},{"not_picked":["True Grit","Sword Boomerang","Sentinel"],"picked":"SKIP","floor":12},{"not_picked":["Perfected Strike","Sentinel"],"picked":"Limit Break","floor":14}],"player_experience":622529,"relics_obtained":[{"floor":7,"key":"Regal Pillow"},{"floor":9,"key":"Oddly Smooth Stone"},{"floor":14,"key":"Blood Vial"}],"event_choices":[{"damage_healed":0,"gold_gain":0,"player_choice":"Paid Gold","damage_taken":0,"relics_obtained":["Boot"],"max_hp_gain":0,"max_hp_loss":0,"event_name":"WeMeetAgain","floor":2,"gold_loss":83},{"damage_healed":0,"gold_gain":0,"player_choice":"Success","damage_taken":11,"relics_obtained":["Ornamental Fan"],"max_hp_gain":0,"max_hp_loss":0,"event_name":"Scrap Ooze","floor":11,"gold_loss":0},{"damage_healed":0,"gold_gain":50,"player_choice":"Pray","damage_taken":0,"max_hp_gain":0,"max_hp_loss":0,"event_name":"Golden Shrine","floor":13,"gold_loss":0}],"is_beta":false,"boss_relics":[],"items_purged_floors":[],"is_endless":false,"potions_floor_spawned":[1,5,7,12],"killed_by":"Hexaghost","ascension_level":20}