{"gold_per_floor":[114,131,36,49,69,69,94,110,110,120,48,64,83,95,95,191,191,206,217,228,228],"floor_reached":21,"playtime":1384,"items_purged":[],"score":239,"play_id":"d715950c-6005-40f5-a8dc-cb6b4cd92f8f","local_time":"20190312100239","is_ascension_mode":false,"campfire_choices":[{"data":"Buffer","floor":6,"key":"SMITH"},{"floor":15,"key":"REST"}],"neow_cost":"NONE","seed_source_timestamp":0,"circlet_count":0,"master_deck":["Strike_B","Strike_B","Strike_B","Strike_B","Defend_B","Defend_B","Defend_B","Defend_B","Zap","Dualcast","Gash","Tempest","Redo","Loop","Gash","Go for the Eyes","Buffer+1","Gash","Chaos","Static Discharge","Ball Lightning","Machine Learning","Glacier","Creative AI","Gash","Darkness"],"special_seed":0,"relics":["Cracked Core","Shuriken","Bottled Lightning","Runic Pyramid"],"potions_floor_usage":[16,16,21,21],"damage_taken":[{"damage":6.0,"enemies":"Cultist","floor":1.0,"turns":3.0},{"damage":0,"enemies":"Small Slimes","floor":2,"turns":3},{"damage":6,"enemies":"Jaw Worm","floor":4,"turns":2},{"damage":15,"enemies":"3 Louse","floor":5,"turns":3},{"damage":0,"enemies":"Lagavulin","floor":7,"turns":7},{"damage":6,"enemies":"Large Slime","floor":8,"turns":5},{"damage":3,"enemies":"2 Fungi Beasts","floor":10,"turns":4},{"damage":2,"enemies":"Blue Slaver","floor":12,"turns":4},{"damage":1,"enemies":"Exordium Thugs","floor":13,"turns":3},{"damage":13,"enemies":"Red Slaver","floor":14,"turns":2},{"damage":17,"enemies":"The Guardian","floor":16,"turns":8},{"damage":26,"enemies":"2 Thieves","floor":18,"turns":4},{"damage":0,"enemies":"Chosen","floor":19,"turns":9},{"damage":46,"enemies":"Snecko","floor":20,"turns":6},{"damage":4,"enemies":"Snake Plant","floor":21,"turns":3}],"seed_played":"5383947815158203001","potions_obtained":[{"floor":1.0,"key":"PowerPotion"},{"floor":4,"key":"EssenceOfSteel"},{"floor":10,"key":"FearPotion"},{"floor":18,"key":"EssenceOfSteel"}],"is_trial":false,"path_per_floor":["M","M","$","M","M","R","E","M","T","M","$","M","M","M","R","B",null,"M","M","M","M"],"character_chosen":"DEFECT","items_purchased":["Loop","Gash","Static Discharge"],"campfire_rested":1,"item_purchase_floors":[3,3,11],"current_hp_per_floor":[69,69,69,63,48,48,48,42,42,39,39,37,36,23,45,28,75,49,49,3,0],"gold":228,"neow_bonus":"THREE_CARDS","is_prod":false,"is_daily":false,"chose_seed":false,"campfire_upgraded":1,"win_rate":0.0,"timestamp":1552399359,"path_taken":["M","M","?","M","M","R","E","M","T","M","$","M","M","?","R","BOSS","M","M","M","M"],"build_version":"2019-01-23","purchased_purges":0,"victory":false,"max_hp_per_floor":[75,75,75,75,75,75,75,75,75,75,75,75,75,75,75,75,75,75,75,75,75],"card_choices":[{"not_picked":["Redo","Turbo"],"picked":"Gash","floor":0.0},{"not_picked":["Hologram","Gash"],"picked":"Tempest","floor":1.0},{"not_picked":["Turbo","Steam"],"picked":"Redo","floor":2},{"not_picked":["Streamline","Lockon"],"picked":"Go for the Eyes","floor":4},{"not_picked":["Rebound","Stack"],"picked":"Buffer","floor":5},{"not_picked":["Rip and Tear","Steam"],"picked":"Gash","floor":7},{"not_picked":["Steam","Turbo","Cold Snap"],"picked":"SKIP","floor":8},{"not_picked":["Hologram","Chill"],"picked":"Chaos","floor":10},{"not_picked":["Rip and Tear","Streamline"],"picked":"Ball Lightning","floor":12},{"not_picked":["Hello World","Reinforced Body"],"picked":"Machine Learning","floor":13},{"not_picked":["Blizzard","Sunder"],"picked":"Glacier","floor":14},{"not_picked":["Reboot","Buffer"],"picked":"Creative AI","floor":16},{"not_picked":["FTL","Compile Driver"],"picked":"Gash","floor":18},{"not_picked":["Steam","Doom and Gloom","Ball Lightning"],"picked":"SKIP","floor":19},{"not_picked":["Chill","Leap"],"picked":"Darkness","floor":20}],"player_experience":39301,"relics_obtained":[{"floor":7,"key":"Shuriken"},{"floor":9,"key":"Bottled Lightning"}],"event_choices":[],"is_beta":false,"boss_relics":[{"not_picked":["Snecko Eye","Sozu"],"picked":"Runic Pyramid"}],"items_purged_floors":[],"is_endless":false,"potions_floor_spawned":[1,4,10,14,18],"killed_by":"Snake Plant","ascension_level":0}