{"gold_per_floor":[110,123,138,154,154,186,186,186],"floor_reached":8,"playtime":520,"items_purged":[],"score":99,"play_id":"63083228-0c34-4afd-b72f-d85478608351","local_time":"20190922180315","is_ascension_mode":true,"campfire_choices":[{"floor":7,"key":"REST"}],"neow_cost":"NONE","seed_source_timestamp":74318116283500,"circlet_count":0,"master_deck":["AscendersBane","Strike_G","Strike_G","Strike_G","Strike_G","Defend_G+1","Defend_G","Defend_G","Defend_G+1","Defend_G","Survivor","Neutralize","Caltrops","Terror","Flying Knee","Cloak And Dagger","Backflip"],"relics":["Ring of the Snake","Omamori","War Paint"],"potions_floor_usage":[],"damage_taken":[{"damage":2,"enemies":"Cultist","floor":1,"turns":4},{"damage":2,"enemies":"2 Louse","floor":2,"turns":5},{"damage":2,"enemies":"Small Slimes","floor":3,"turns":3},{"damage":3,"enemies":"3 Louse","floor":4,"turns":4},{"damage":41,"enemies":"Gremlin Nob","floor":6,"turns":5},{"damage":22,"enemies":"3 Sentries","floor":8,"turns":6}],"seed_played":"3076492164379962646","potions_obtained":[{"floor":1,"key":"Energy Potion"},{"floor":4,"key":"Energy Potion"},{"floor":6,"key":"LiquidBronze"}],"is_trial":false,"path_per_floor":["M","M","M","M","?","E","R","E"],"character_chosen":"THE_SILENT","items_purchased":[],"campfire_rested":1,"item_purchase_floors":[],"current_hp_per_floor":[57,55,53,50,43,2,21,0],"gold":186,"neow_bonus":"RANDOM_COMMON_RELIC","is_prod":false,"is_daily":false,"chose_seed":false,"campfire_upgraded":0,"win_rate":0,"timestamp":1569142995,"path_taken":["M","M","?","M","?","E","R","E"],"build_version":"2019-09-20","purchased_purges":0,"victory":false,"max_hp_per_floor":[66,66,66,66,66,66,66,66],"card_choices":[{"not_picked":["Quick Slash","Outmaneuver"],"picked":"Caltrops","floor":1},{"not_picked":["Underhanded Strike","Acrobatics"],"picked":"Terror","floor":2},{"not_picked":["Quick Slash","PiercingWail"],"picked":"Flying Knee","floor":3},{"not_picked":["Sucker Punch","Masterful Stab"],"picked":"Cloak And Dagger","floor":4},{"not_picked":["Sucker Punch","Slice"],"picked":"Backflip","floor":6}],"player_experience":828410,"relics_obtained":[{"floor":6,"key":"War Paint"}],"event_choices":[{"cards_removed":["Strike_G"],"damage_healed":0,"gold_gain":0,"player_choice":"Card Removal","damage_taken":7,"max_hp_gain":0,"max_hp_loss":0,"event_name":"Golden Wing","floor":5,"gold_loss":0}],"is_beta":true,"boss_relics":[],"items_purged_floors":[],"is_endless":false,"potions_floor_spawned":[1,4,6],"killed_by":"3 Sentries","ascension_level":14}