{"path_per_floor":["M","?","M","M","?","R","M","M","T","M","$","?","M","M","R","B",null,"M","?","$","?","?","R","E","R","T","E","M","E","M","T","R","B",null,"M","?","M","$","M","M","M","M","T","?","R","M","?","$","R","B"],"character_chosen":"IRONCLAD","items_purchased":["Unceasing Top","Toxic Egg 2","Shrug It Off","Pummel","Seeing Red","Self Forming Clay","Inflame","Orichalcum","Madness","Art of War","Shrug It Off"],"gold_per_floor":[144,144,189,234,234,234,279,324,324,369,69,69,114,159,159,459,459,504,504,77,77,77,77,167,167,167,257,302,392,437,437,437,737,737,782,782,827,331,376,421,466,511,511,511,511,556,556,9,9,9],"floor_reached":51,"campfire_rested":7,"playtime":2299,"current_hp_per_floor":[80,80,80,77,77,80,80,80,80,80,80,85,84,85,85,62,85,85,85,85,85,85,85,76,85,85,69,58,56,66,66,85,52,85,85,85,85,85,85,85,79,85,85,85,85,85,74,74,85,22],"items_purged":["Wild Strike","Whirlwind","Iron Wave"],"gold":9,"score":826,"play_id":"9bce32f1-d17c-4c2a-9975-4634e6e1a1dd","local_time":"20180418182951","daily_mods":["Draft","Midas","Lethality"],"is_prod":false,"is_daily":true,"chose_seed":false,"is_ascension_mode":false,"campfire_upgraded":0,"timestamp":1524101391,"path_taken":["M","?","?","M","?","R","M","M","T","?","?","?","?","M","R","BOSS","M","?","$","?","?","R","E","R","T","E","?","E","M","?","R","BOSS","M","?","M","$","M","M","?","M","T","?","R","M","?","$","R","BOSS"],"build_version":"2018-04-17","seed_source_timestamp":0,"purchased_purges":3,"victory":true,"master_deck":["Flex","Sword Boomerang","Intimidate","Anger","Armaments","Cleave","Hemokinesis","Inflame","Spot Weakness","Twin Strike","Pummel","Armaments+1","Anger","Iron Wave+1","Anger+1","Offering","Flex","Corruption+1","Shrug It Off+1","Pummel+1","Clash+1","Anger+1","Clash+1","Clash+1","Offering+1","Flex+1","Anger+1","Seeing Red+1","Inflame","Flex+1","Shrug It Off+1","Madness+1","Madness+1","Madness+1","Shrug It Off+1"],"max_hp_per_floor":[80,80,80,80,80,80,80,80,80,80,80,85,85,85,85,85,85,85,85,85,85,85,85,85,85,85,85,85,85,85,85,85,85,85,85,85,85,85,85,85,85,85,85,85,85,85,85,85,85,85],"relics":["Black Blood","Molten Egg 2","Unceasing Top","Toxic Egg 2","Ice Cream","Paper Frog","Blue Candle","Mummified Hand","Toolbox","Sozu","Self Forming Clay","Shuriken","Orichalcum","Art of War"],"card_choices":[{"not_picked":["Warcry","Cleave"],"picked":"Flex","floor":0},{"not_picked":["Havoc","Clash"],"picked":"Sword Boomerang","floor":0},{"not_picked":["Warcry","Headbutt"],"picked":"Intimidate","floor":0},{"not_picked":["Havoc","True Grit"],"picked":"Anger","floor":0},{"not_picked":["Uppercut","Sword Boomerang"],"picked":"Armaments","floor":0},{"not_picked":["Uppercut","Sword Boomerang"],"picked":"Cleave","floor":0},{"not_picked":["Evolve","Cleave"],"picked":"Wild Strike","floor":0},{"not_picked":["Combust","Rupture"],"picked":"Hemokinesis","floor":0},{"not_picked":["Dual Wield","Thunderclap"],"picked":"Inflame","floor":0},{"not_picked":["Dropkick","Searing Blow"],"picked":"Pommel Strike","floor":0},{"not_picked":["Sever Soul","Body Slam"],"picked":"Spot Weakness","floor":0},{"not_picked":["Anger","True Grit"],"picked":"Twin Strike","floor":0},{"not_picked":["Wild Strike","Spot Weakness"],"picked":"Pummel","floor":0},{"not_picked":["Wild Strike","Body Slam"],"picked":"Armaments","floor":0},{"not_picked":["Havoc","Perfected Strike"],"picked":"Anger","floor":0},{"not_picked":["Combust","Dropkick"],"picked":"Iron Wave","floor":4},{"not_picked":["Havoc","Carnage"],"picked":"Iron Wave","floor":10},{"not_picked":["Body Slam","Twin Strike"],"picked":"Anger","floor":13},{"not_picked":["Evolve","Uppercut"],"picked":"Whirlwind","floor":14},{"not_picked":["Impervious","Reaper"],"picked":"Offering","floor":16},{"not_picked":["Sword Boomerang","Headbutt"],"picked":"Flex","floor":18},{"not_picked":["Disarm","Wild Strike"],"picked":"Clash","floor":24},{"not_picked":["Perfected Strike","Thunderclap"],"picked":"Anger","floor":27},{"not_picked":["Pommel Strike","Perfected Strike"],"picked":"Clash","floor":28},{"not_picked":["Barricade","Sword Boomerang"],"picked":"Clash","floor":29},{"not_picked":["Fiend Fire","Juggernaut"],"picked":"Offering","floor":33},{"not_picked":["Headbutt","Heavy Blade"],"picked":"Flex","floor":35},{"not_picked":["Burning Pact","Battle Trance"],"picked":"Anger","floor":37},{"not_picked":["Infernal Blade","Uppercut"],"picked":"Flex","floor":39},{"not_picked":["Clothesline","Perfected Strike"],"picked":"Shrug It Off","floor":46}],"player_experience":452269,"potions_floor_usage":[18,24,27,28,37,41,50],"damage_taken":[{"damage":0,"enemies":"Jaw Worm","floor":1,"turns":1},{"damage":0,"enemies":"Cultist","floor":3,"turns":2},{"damage":9,"enemies":"Small Slimes","floor":4,"turns":2},{"damage":0,"enemies":"Exordium Thugs","floor":7,"turns":2},{"damage":0,"enemies":"2 Fungi Beasts","floor":8,"turns":1},{"damage":0,"enemies":"Red Slaver","floor":10,"turns":2},{"damage":7,"enemies":"Exordium Wildlife","floor":13,"turns":2},{"damage":0,"enemies":"2 Fungi Beasts","floor":14,"turns":2},{"damage":29,"enemies":"The Guardian","floor":16,"turns":5},{"damage":10,"enemies":"Shell Parasite","floor":18,"turns":3},{"damage":19,"enemies":"Slavers","floor":24,"turns":3},{"damage":26,"enemies":"Book of Stabbing","floor":27,"turns":3},{"damage":21,"enemies":"3 Byrds","floor":28,"turns":3},{"damage":12,"enemies":"Slavers","floor":29,"turns":2},{"damage":0,"enemies":"Centurion and Healer","floor":30,"turns":2},{"damage":43,"enemies":"Collector","floor":33,"turns":5},{"damage":4,"enemies":"3 Darklings","floor":35,"turns":1},{"damage":7,"enemies":"3 Shapes","floor":37,"turns":4},{"damage":6,"enemies":"Flame Bruiser 2 Orb","floor":39,"turns":2},{"damage":7,"enemies":"Spire Growth","floor":40,"turns":2},{"damage":16,"enemies":"4 Shapes","floor":41,"turns":2},{"damage":4,"enemies":"Flame Bruiser 2 Orb","floor":42,"turns":1},{"damage":4,"enemies":"Spire Growth","floor":46,"turns":1},{"damage":73,"enemies":"Time Eater","floor":50,"turns":6}],"event_choices":[{"event_name":"Upgrade Shrine","player_choice":"Upgraded","floor":2,"damage_taken":0},{"event_name":"Accursed Blacksmith","player_choice":"Ignore","floor":5,"damage_taken":0},{"event_name":"Big Fish","player_choice":"Donut","floor":12,"damage_taken":0},{"event_name":"The Library","player_choice":"Read","floor":19,"damage_taken":0},{"event_name":"N\u0027loth","player_choice":"Ignored","floor":21,"damage_taken":0},{"event_name":"Upgrade Shrine","player_choice":"Upgraded","floor":22,"damage_taken":0},{"event_name":"Tomb of Lord Red Mask","player_choice":"Ignored","floor":44,"damage_taken":0},{"event_name":"Winding Halls","player_choice":"Embrace Madness","floor":47,"damage_taken":0}],"boss_relics":[{"not_picked":["Black Star","Philosopher\u0027s Stone"],"picked":"Black Blood"},{"not_picked":["Snecko Eye","Mark of Pain"],"picked":"Sozu"}],"potions_floor_spawned":[7,14,16,18,27,28,33,35,41,46],"seed_played":"8716809714031627175","ascension_level":0,"is_trial":false}