{"gold_per_floor":[118,128,102,115,115,115,145,145,169,202,220,230,230,243,243,341,341,360,371,371,386,416,58,58,58,58,89,99,22,32,44,44,44],"floor_reached":33,"playtime":2316,"items_purged":[],"score":279,"play_id":"281bf745-b7a3-4455-8f34-7a0557a848c7","local_time":"20190310231409","is_ascension_mode":false,"campfire_choices":[{"data":"FTL","floor":6,"key":"SMITH"},{"data":"Go for the Eyes","floor":8,"key":"SMITH"},{"floor":15,"key":"REST"},{"floor":25,"key":"REST"},{"floor":32,"key":"REST"}],"neow_cost":"NONE","seed_source_timestamp":25335625420928,"circlet_count":0,"master_deck":["Strike_B","Strike_B","Strike_B","Strike_B","Defend_B+1","Defend_B","Defend_B+1","Defend_B","Zap","Dualcast","FTL","Rip and Tear","FTL+1","Go for the Eyes+1","Go for the Eyes+1","Auto Shields","Genetic Algorithm","Chaos","Reboot","Beam Cell","Consume+1","Reprogram","Machine Learning","Skim","Compile Driver+1","Auto Shields","Skim","FTL+1"],"relics":["Cracked Core","Happy Flower","War Paint","Ancient Tea Set","Runic Dome","MutagenicStrength","Red Mask","ClockworkSouvenir","Bird Faced Urn","Omamori"],"potions_floor_usage":[7,12,22,33,33],"damage_taken":[{"damage":0,"enemies":"Cultist","floor":1,"turns":3},{"damage":0,"enemies":"Small Slimes","floor":2,"turns":3},{"damage":0,"enemies":"2 Louse","floor":4,"turns":2},{"damage":21,"enemies":"Lagavulin","floor":7,"turns":4},{"damage":9,"enemies":"Gremlin Nob","floor":10,"turns":4},{"damage":0,"enemies":"Large Slime","floor":11,"turns":5},{"damage":0,"enemies":"3 Louse","floor":12,"turns":3},{"damage":11,"enemies":"Blue Slaver","floor":14,"turns":3},{"damage":28,"enemies":"The Guardian","floor":16,"turns":11},{"damage":14,"enemies":"Spheric Guardian","floor":18,"turns":4},{"damage":11,"enemies":"Chosen","floor":19,"turns":5},{"damage":7,"enemies":"Centurion and Healer","floor":21,"turns":5},{"damage":12,"enemies":"Masked Bandits","floor":22,"turns":3},{"damage":15,"enemies":"Book of Stabbing","floor":27,"turns":4},{"damage":7,"enemies":"Snake Plant","floor":28,"turns":2},{"damage":8,"enemies":"Sentry and Sphere","floor":30,"turns":4},{"damage":4,"enemies":"Centurion and Healer","floor":31,"turns":4},{"damage":91,"enemies":"Collector","floor":33,"turns":7}],"seed_played":"3082636366266179020","potions_obtained":[{"floor":1,"key":"Strength Potion"},{"floor":4,"key":"Block Potion"},{"floor":12,"key":"SteroidPotion"},{"floor":14,"key":"LiquidBronze"},{"floor":16,"key":"Explosive Potion"},{"floor":19,"key":"SpeedPotion"},{"floor":22,"key":"FairyPotion"},{"floor":31,"key":"Energy Potion"}],"is_trial":false,"path_per_floor":["M","M","$","M","?","R","E","R","T","E","M","M","?","M","R","B",null,"M","M","?","M","?","$","?","R","T","E","M","$","M","M","R","B"],"character_chosen":"DEFECT","items_purchased":["Go for the Eyes","Machine Learning","ClockworkSouvenir","Skim"],"campfire_rested":3,"item_purchase_floors":[3,23,23,29],"current_hp_per_floor":[75,75,75,75,75,75,54,54,54,45,45,45,45,34,56,28,75,61,50,50,43,31,31,31,53,53,40,33,33,27,25,47,0],"gold":44,"neow_bonus":"THREE_CARDS","is_prod":false,"is_daily":false,"chose_seed":false,"campfire_upgraded":2,"win_rate":0.0,"timestamp":1552274049,"path_taken":["M","M","$","M","?","R","E","R","T","E","M","M","?","M","R","BOSS","M","M","?","M","?","$","?","R","T","E","M","?","?","M","R","BOSS"],"build_version":"2019-01-23","purchased_purges":0,"victory":false,"max_hp_per_floor":[75,75,75,75,75,75,75,75,75,75,75,75,75,75,75,75,75,75,75,75,75,75,75,75,75,75,75,75,75,75,75,75,75],"card_choices":[{"not_picked":["Beam Cell","Hologram"],"picked":"FTL","floor":0},{"not_picked":["Steam Power","Chill"],"picked":"Rip and Tear","floor":1},{"not_picked":["Sunder","Sweeping Beam"],"picked":"FTL","floor":2},{"not_picked":["Compile Driver","Conserve Battery","Blizzard"],"picked":"SKIP","floor":4},{"not_picked":["Barrage","Cold Snap"],"picked":"Go for the Eyes","floor":7},{"not_picked":["Ball Lightning","Redo"],"picked":"Auto Shields","floor":10},{"not_picked":["Rip and Tear","Defragment"],"picked":"Genetic Algorithm","floor":11},{"not_picked":["Rebound","Self Repair"],"picked":"Chaos","floor":12},{"not_picked":["Hologram","Conserve Battery","Go for the Eyes"],"picked":"SKIP","floor":14},{"not_picked":["Meteor Strike","Thunder Strike"],"picked":"Reboot","floor":16},{"not_picked":["Redo","Steam"],"picked":"Beam Cell","floor":18},{"not_picked":["Steam","Cold Snap","Glacier"],"picked":"SKIP","floor":19},{"not_picked":["Coolheaded","Hologram"],"picked":"Consume+1","floor":21},{"not_picked":["Streamline","Leap"],"picked":"Reprogram","floor":22},{"not_picked":["Scrape","Coolheaded+1"],"picked":"Compile Driver+1","floor":27},{"not_picked":["Blizzard","Consume"],"picked":"Auto Shields","floor":28},{"not_picked":["Compile Driver","Fusion+1"],"picked":"FTL+1","floor":30},{"not_picked":["Capacitor+1","Defragment+1","Aggregate"],"picked":"SKIP","floor":31}],"player_experience":25418,"relics_obtained":[{"floor":7,"key":"Happy Flower"},{"floor":9,"key":"War Paint"},{"floor":10,"key":"Ancient Tea Set"},{"floor":22,"key":"Red Mask"},{"floor":26,"key":"Bird Faced Urn"},{"floor":27,"key":"Omamori"}],"event_choices":[{"damage_healed":0,"gold_gain":0,"player_choice":"Grow","damage_taken":0,"max_hp_gain":0,"max_hp_loss":0,"event_name":"Living Wall","floor":5,"gold_loss":0,"cards_upgraded":["Go for the Eyes"]},{"damage_healed":0,"gold_gain":0,"player_choice":"Ignored","damage_taken":0,"max_hp_gain":0,"max_hp_loss":0,"event_name":"Golden Wing","floor":13,"gold_loss":0},{"damage_healed":0,"gold_gain":0,"player_choice":"Inject Mutagens","damage_taken":0,"relics_obtained":["MutagenicStrength"],"max_hp_gain":0,"max_hp_loss":0,"event_name":"Drug Dealer","floor":20,"gold_loss":0},{"damage_healed":0,"gold_gain":0,"player_choice":"Fought Bandits","damage_taken":0,"max_hp_gain":0,"max_hp_loss":0,"event_name":"Masked Bandits","floor":22,"gold_loss":0},{"damage_healed":0,"gold_gain":0,"player_choice":"Read","damage_taken":0,"max_hp_gain":0,"max_hp_loss":0,"event_name":"The Library","floor":24,"gold_loss":0,"cards_obtained":["Skim"]}],"is_beta":false,"boss_relics":[{"not_picked":["Velvet Choker","Philosopher\u0027s Stone"],"picked":"Runic Dome"}],"items_purged_floors":[],"is_endless":false,"potions_floor_spawned":[1,4,12,14,16,19,21,22,31],"killed_by":"Collector","ascension_level":0}