{"path_per_floor":["M","?","?","M","T","R","$","M","T","M","?","M","R","M","R","B",null,"M","?","M","?","$","R","E","M","T"],"character_chosen":"DEFECT","items_purchased":["Scrape","Torii","Gash"],"gold_per_floor":[219,169,169,183,183,183,106,122,149,166,241,256,256,270,270,372,372,390,390,408,408,36,36,71,87,87,87],"floor_reached":27,"campfire_rested":2,"playtime":1379,"current_hp_per_floor":[67,67,64,62,62,62,62,61,68,66,55,55,79,69,69,46,82,67,51,32,32,32,56,20,18,18,0],"items_purged":[],"gold":87,"score":223,"play_id":"3c688378-a4e7-49ad-828a-4378bbf4274e","local_time":"20180429012016","is_prod":false,"is_daily":false,"chose_seed":false,"is_ascension_mode":false,"campfire_upgraded":2,"timestamp":1524990016,"path_taken":["M","?","?","M","?","R","$","M","T","M","?","M","R","M","R","BOSS","M","?","M","?","$","R","E","M","T","E"],"build_version":"2018-04-27v3","seed_source_timestamp":11217043167666,"purchased_purges":0,"victory":false,"master_deck":["Zap+1","Beam Cell","Scrape","Ball Lightning","Streamline","Glacier","Capacitor+1","All For One","Impulse","Skim","Rebound","Chaos","Hologram","Capacitor","Axe Kick","Ball Lightning","Leap","Storm+1","Gash","Static Discharge+1","Capacitor+1"],"max_hp_per_floor":[75,75,75,75,75,75,75,75,82,82,82,82,82,82,82,82,82,82,82,82,82,82,82,82,82,82,82],"relics":["Cracked Core","Bag of Marbles","Question Card","Strawberry","Pandora\u0027s Box","Enchiridion","Torii","Omamori","Meat on the Bone"],"card_choices":[{"not_picked":["Stack","Conserve Battery"],"picked":"Rebound","floor":1},{"not_picked":["Hologram","Sweeping Beam"],"picked":"Beam Cell","floor":4},{"not_picked":["Flux Capacitor","White Noise","Glacier"],"picked":"Ball Lightning","floor":8},{"not_picked":["Force Field","Axe Kick","Double Energy"],"picked":"Streamline","floor":10},{"not_picked":["Capacitor","Coolheaded","Barrage"],"picked":"Glacier","floor":12},{"not_picked":["Cold Snap","Thunder Strike","Storm"],"picked":"Capacitor","floor":14},{"not_picked":["Prime","Machine Learning","Amplify"],"picked":"All For One","floor":16},{"not_picked":["Go for the Eyes","Conserve Battery","Capacitor"],"picked":"Leap","floor":18},{"not_picked":["Rebound","Streamline","Hello World"],"picked":"Storm","floor":20},{"not_picked":["Seek","Cold Snap","White Noise"],"picked":"Static Discharge","floor":24},{"not_picked":["Coolheaded","Axe Kick","Self Repair"],"picked":"Capacitor","floor":25}],"player_experience":480792,"potions_floor_usage":[12,16,24,25],"damage_taken":[{"damage":8,"enemies":"Jaw Worm","floor":1,"turns":3},{"damage":2,"enemies":"2 Louse","floor":4,"turns":2},{"damage":1,"enemies":"Cultist","floor":8,"turns":3},{"damage":2,"enemies":"Blue Slaver","floor":10,"turns":2},{"damage":0,"enemies":"Exordium Wildlife","floor":12,"turns":1},{"damage":10,"enemies":"Looter","floor":14,"turns":2},{"damage":23,"enemies":"Hexaghost","floor":16,"turns":9},{"damage":15,"enemies":"Chosen","floor":18,"turns":3},{"damage":19,"enemies":"2 Thieves","floor":20,"turns":3},{"damage":36,"enemies":"Slavers","floor":24,"turns":6},{"damage":2,"enemies":"Snecko","floor":25,"turns":5},{"damage":33,"enemies":"Book of Stabbing","floor":27,"turns":2}],"event_choices":[{"event_name":"The Cleric","player_choice":"Card Removal","floor":2,"damage_taken":0},{"event_name":"Scrap Ooze","player_choice":"success","floor":3,"damage_taken":3},{"event_name":"World of Goop","player_choice":"Gather Gold","floor":11,"damage_taken":0},{"event_name":"Cursed Tome","player_choice":"Obtained Book","floor":19,"damage_taken":0},{"event_name":"Back to Basics","player_choice":"Elegance","floor":21,"damage_taken":0}],"boss_relics":[{"not_picked":["Lizard Tail","White Beast Statue"],"picked":"Pandora\u0027s Box"}],"potions_floor_spawned":[4,8,14,24,25],"seed_played":"8805785643939752172","killed_by":"Book of Stabbing","ascension_level":0,"is_trial":false}