{"gold_per_floor":[119,44,44,44,59,90,90,110,110,438,363,59,69,100,100,100],"floor_reached":16,"playtime":467,"items_purged":["Strike_G","Strike_G"],"score":282,"play_id":"f7c5de1e-acd8-41ce-80ca-20691235e934","local_time":"20190719123102","is_ascension_mode":true,"campfire_choices":[{"data":"Dagger Spray","floor":7,"key":"SMITH"},{"data":"Crippling Poison","floor":15,"key":"SMITH"}],"neow_cost":"NONE","seed_source_timestamp":9426003453499330,"circlet_count":0,"master_deck":["AscendersBane","Strike_G","Strike_G","Strike_G","Defend_G+1","Defend_G","Defend_G+1","Defend_G","Defend_G","Survivor","Neutralize","Dagger Spray+1","Deadly Poison","Adrenaline","Cloak And Dagger","PiercingWail","Crippling Poison+1","Prepared","Noxious Fumes","Blade Dance"],"relics":["Ring of the Snake","NeowsBlessing","Letter Opener","Smiling Mask","Odd Mushroom","The Courier","Old Coin","TwistedFunnel","War Paint"],"potions_floor_usage":[10,10],"damage_taken":[{"damage":0,"enemies":"Cultist","floor":1,"turns":1},{"damage":0,"enemies":"2 Louse","floor":5,"turns":1},{"damage":0,"enemies":"Lagavulin","floor":6,"turns":1},{"damage":2,"enemies":"The Mushroom Lair","floor":8,"turns":3},{"damage":6,"enemies":"Gremlin Nob","floor":10,"turns":3},{"damage":9,"enemies":"Jaw Worm","floor":13,"turns":2},{"damage":5,"enemies":"3 Sentries","floor":14,"turns":6},{"damage":46,"enemies":"Slime Boss","floor":16,"turns":8}],"seed_played":"-1157997622480665949","potions_obtained":[{"floor":6,"key":"Fire Potion"},{"floor":8,"key":"FearPotion"},{"floor":14,"key":"Ancient Potion"}],"is_trial":false,"path_per_floor":["M","$","?","?","M","E","R","?","T","E","?","$","M","E","R","B"],"character_chosen":"THE_SILENT","items_purchased":["TwistedFunnel","Noxious Fumes"],"campfire_rested":0,"item_purchase_floors":[12,12],"current_hp_per_floor":[59,59,59,59,59,59,59,57,57,51,51,51,42,37,37,0],"gold":100,"neow_bonus":"THREE_ENEMY_KILL","is_prod":false,"is_daily":false,"chose_seed":false,"campfire_upgraded":2,"win_rate":0,"timestamp":1563517862,"path_taken":["M","$","?","?","?","E","R","?","T","E","?","$","M","E","R","BOSS"],"build_version":"2019-07-17","purchased_purges":2,"victory":false,"max_hp_per_floor":[66,66,66,66,66,66,66,66,66,66,66,66,66,66,66,66],"card_choices":[{"not_picked":["Poisoned Stab","Bane"],"picked":"Dagger Spray","floor":1},{"not_picked":["Poisoned Stab","Slice"],"picked":"Cloak And Dagger","floor":5},{"not_picked":["Escape Plan","Dodge and Roll"],"picked":"PiercingWail","floor":6},{"not_picked":["Deflect","Blur"],"picked":"Crippling Poison","floor":8},{"not_picked":["Noxious Fumes","PiercingWail"],"picked":"Prepared","floor":10},{"not_picked":["Flying Knee","PiercingWail","Acrobatics"],"picked":"SKIP","floor":13},{"not_picked":["Leg Sweep","Die Die Die"],"picked":"Blade Dance","floor":14}],"player_experience":1561569,"relics_obtained":[{"floor":6,"key":"Smiling Mask"},{"floor":8,"key":"Odd Mushroom"},{"floor":9,"key":"The Courier"},{"floor":10,"key":"Old Coin"},{"floor":14,"key":"War Paint"}],"event_choices":[{"damage_healed":0,"gold_gain":0,"player_choice":"Box","damage_taken":0,"relics_obtained":["Letter Opener"],"max_hp_gain":0,"max_hp_loss":0,"event_name":"Big Fish","floor":3,"gold_loss":0,"cards_obtained":["Regret"]},{"damage_healed":0,"gold_gain":0,"player_choice":"2 cards matched","damage_taken":0,"max_hp_gain":0,"max_hp_loss":0,"event_name":"Match and Keep!","floor":4,"gold_loss":0,"cards_obtained":["Deadly Poison","Adrenaline"]},{"damage_healed":0,"gold_gain":0,"player_choice":"Fought Mushrooms","damage_taken":0,"max_hp_gain":0,"max_hp_loss":0,"event_name":"Mushrooms","floor":8,"gold_loss":0},{"cards_removed":["Regret"],"damage_healed":0,"gold_gain":0,"player_choice":"Card Removal","damage_taken":0,"max_hp_gain":0,"max_hp_loss":0,"event_name":"The Cleric","floor":11,"gold_loss":75}],"is_beta":false,"boss_relics":[],"items_purged_floors":[2,12],"is_endless":false,"potions_floor_spawned":[6,8,14],"killed_by":"Slime Boss","ascension_level":20}