{"gold_per_floor":[19,19,30,40,40,67,79,79,79,152,178,178,198,218,218,316,316,329,25,43,61,73,103,103,116,141,174,191,205,215,234,234,337,337,353,366,382,382,89,118,118,118,118,131,14,25,25,41,41,41],"floor_reached":50,"playtime":3590,"items_purged":["Parasite"],"score":557,"play_id":"83576e11-4e2e-43a6-96d1-5afc4c53aaac","local_time":"20190317170356","is_ascension_mode":false,"campfire_choices":[{"data":"Spot Weakness","floor":8,"key":"SMITH"},{"floor":15,"key":"RECALL"},{"data":"Berserk","floor":24,"key":"SMITH"},{"data":"Shockwave","floor":32,"key":"SMITH"},{"floor":41,"key":"REST"},{"floor":47,"key":"REST"},{"floor":49,"key":"REST"}],"neow_cost":"NO_GOLD","seed_source_timestamp":22080227293473,"circlet_count":0,"master_deck":["Strike_R","Strike_R","Strike_R","Strike_R","Defend_R","Defend_R","Bash","Bludgeon","Clash","Iron Wave","Cleave","Reckless Charge","Spot Weakness+1","Shockwave+1","Berserk+1","Infernal Blade+1","Shrug It Off+1","Infernal Blade+1","Inflame+1","Pommel Strike+1","Intimidate","Reaper","Burning Pact","Uppercut+1","Headbutt+1"],"relics":["Black Blood","Oddly Smooth Stone","Ornamental Fan","FaceOfCleric","Magic Flower","Question Card","Strawberry","The Courier","Busted Crown","Nunchaku","Ancient Tea Set","Mummified Hand","Centennial Puzzle"],"potions_floor_usage":[6,11,16,21,23,23,27,33,33,50,50],"damage_taken":[{"damage":5,"enemies":"Small Slimes","floor":1,"turns":2},{"damage":0,"enemies":"Cultist","floor":3,"turns":2},{"damage":2,"enemies":"2 Louse","floor":4,"turns":2},{"damage":13,"enemies":"Lagavulin","floor":6,"turns":3},{"damage":8,"enemies":"Lots of Slimes","floor":7,"turns":2},{"damage":6,"enemies":"Gremlin Nob","floor":11,"turns":3},{"damage":0,"enemies":"Gremlin Gang","floor":13,"turns":2},{"damage":1,"enemies":"Blue Slaver","floor":14,"turns":2},{"damage":19,"enemies":"Slime Boss","floor":16,"turns":12},{"damage":4,"enemies":"Chosen","floor":18,"turns":4},{"damage":14,"enemies":"Shell Parasite","floor":20,"turns":4},{"damage":29,"enemies":"Centurion and Healer","floor":21,"turns":3},{"damage":20,"enemies":"Snake Plant","floor":22,"turns":4},{"damage":58,"enemies":"Slavers","floor":23,"turns":6},{"damage":14,"enemies":"Shelled Parasite and Fungi","floor":25,"turns":4},{"damage":24,"enemies":"Book of Stabbing","floor":27,"turns":4},{"damage":11,"enemies":"Snecko","floor":28,"turns":4},{"damage":0,"enemies":"Cultist and Chosen","floor":29,"turns":4},{"damage":13,"enemies":"Snake Plant","floor":30,"turns":3},{"damage":18,"enemies":"3 Cultists","floor":31,"turns":5},{"damage":88,"enemies":"Automaton","floor":33,"turns":10},{"damage":9,"enemies":"Orb Walker","floor":35,"turns":3},{"damage":21,"enemies":"3 Darklings","floor":36,"turns":4},{"damage":35,"enemies":"Writhing Mass","floor":37,"turns":4},{"damage":52,"enemies":"Nemesis","floor":40,"turns":7},{"damage":4,"enemies":"Sphere and 2 Shapes","floor":44,"turns":3},{"damage":36,"enemies":"Jaw Worm Horde","floor":46,"turns":3},{"damage":20,"enemies":"3 Darklings","floor":48,"turns":3},{"damage":169,"enemies":"Donu and Deca","floor":50,"turns":8}],"seed_played":"-2785206759936799330","potions_obtained":[{"floor":2,"key":"SmokeBomb"},{"floor":2,"key":"Weak Potion"},{"floor":2,"key":"FearPotion"},{"floor":4,"key":"SteroidPotion"},{"floor":13,"key":"PowerPotion"},{"floor":14,"key":"PowerPotion"},{"floor":16,"key":"Regen Potion"},{"floor":18,"key":"LiquidBronze"},{"floor":20,"key":"SkillPotion"},{"floor":23,"key":"SkillPotion"},{"floor":28,"key":"EssenceOfSteel"},{"floor":29,"key":"BloodPotion"},{"floor":33,"key":"BloodPotion"},{"floor":36,"key":"SpeedPotion"},{"floor":44,"key":"PowerPotion"}],"is_trial":false,"path_per_floor":["M","?","M","M","?","E","M","R","T","?","E","?","M","M","R","B",null,"M","$","M","M","M","E","R","M","T","E","M","M","M","M","R","B",null,"M","M","M","?","$","E","R","?","T","M","$","M","R","M","R","B"],"character_chosen":"IRONCLAD","items_purchased":["Magic Flower","Nunchaku","Centennial Puzzle"],"campfire_rested":3,"item_purchase_floors":[19,39,45],"current_hp_per_floor":[80,80,80,80,80,73,71,71,71,71,71,71,78,82,82,70,83,84,84,85,73,70,53,53,56,63,56,62,79,83,82,82,26,102,103,104,86,86,86,51,81,81,81,104,104,97,105,102,106,0],"gold":41,"neow_bonus":"TRANSFORM_TWO_CARDS","is_prod":false,"is_daily":false,"chose_seed":false,"campfire_upgraded":3,"win_rate":0,"timestamp":1552856636,"path_taken":["M","?","M","?","?","E","M","R","T","?","E","?","M","M","R","BOSS","M","?","M","M","M","E","R","M","T","E","M","M","?","M","R","BOSS","M","M","M","?","$","E","R","?","T","?","?","M","R","?","R","BOSS"],"build_version":"2019-01-23","purchased_purges":1,"victory":false,"max_hp_per_floor":[80,80,80,80,80,80,80,80,80,80,80,80,81,82,82,83,83,84,84,85,86,87,88,88,89,96,97,98,99,100,101,101,102,102,103,104,105,105,102,103,103,103,103,104,104,105,105,106,106,106],"card_choices":[{"not_picked":["Havoc","Wild Strike"],"picked":"Iron Wave","floor":1},{"not_picked":["Body Slam","Armaments"],"picked":"Cleave","floor":3},{"not_picked":["Cleave","Sever Soul"],"picked":"Reckless Charge","floor":4},{"not_picked":["Sword Boomerang","Flex","Armaments"],"picked":"SKIP","floor":6},{"not_picked":["Body Slam","Headbutt"],"picked":"Spot Weakness","floor":7},{"not_picked":["Feel No Pain","Bloodletting","True Grit"],"picked":"SKIP","floor":11},{"not_picked":["Body Slam","Anger","True Grit"],"picked":"SKIP","floor":13},{"not_picked":["Flex","Headbutt"],"picked":"Shockwave","floor":14},{"not_picked":["Bludgeon","Fiend Fire"],"picked":"Berserk","floor":16},{"not_picked":["Sword Boomerang","Warcry+1","Reckless Charge"],"picked":"SKIP","floor":18},{"not_picked":["Iron Wave","Shrug It Off","Thunderclap"],"picked":"SKIP","floor":20},{"not_picked":["Sword Boomerang","Spot Weakness"],"picked":"Infernal Blade+1","floor":21},{"not_picked":["Clothesline+1","Havoc"],"picked":"Shrug It Off+1","floor":22},{"not_picked":["True Grit","Flex"],"picked":"Infernal Blade+1","floor":23},{"not_picked":["Iron Wave","Evolve","Berserk"],"picked":"Inflame+1","floor":25},{"not_picked":["Perfected Strike","Immolate","Clash"],"picked":"Pommel Strike+1","floor":27},{"not_picked":["Havoc+1","Perfected Strike","Wild Strike","Combust"],"picked":"SKIP","floor":28},{"not_picked":["Pommel Strike","Uppercut","Blood for Blood","Iron Wave"],"picked":"SKIP","floor":29},{"not_picked":["Shockwave","Sever Soul","Headbutt"],"picked":"Intimidate","floor":30},{"not_picked":["Heavy Blade","Burning Pact","Juggernaut","Infernal Blade"],"picked":"SKIP","floor":31},{"not_picked":["Limit Break","Brutality","Impervious"],"picked":"Reaper","floor":33},{"not_picked":["Sword Boomerang+1"],"picked":"Burning Pact","floor":35},{"not_picked":["Clothesline+1","Entrench"],"picked":"SKIP","floor":36},{"not_picked":["Twin Strike"],"picked":"Uppercut+1","floor":37},{"not_picked":["Iron Wave+1"],"picked":"Headbutt+1","floor":40},{"not_picked":["Dropkick+1","Combust"],"picked":"SKIP","floor":44},{"not_picked":["Warcry","True Grit+1"],"picked":"SKIP","floor":46},{"not_picked":["Power Through","Headbutt"],"picked":"SKIP","floor":48}],"player_experience":76403,"relics_obtained":[{"floor":6,"key":"Oddly Smooth Stone"},{"floor":11,"key":"Ornamental Fan"},{"floor":23,"key":"Question Card"},{"floor":26,"key":"Strawberry"},{"floor":27,"key":"The Courier"},{"floor":40,"key":"Ancient Tea Set"},{"floor":43,"key":"Mummified Hand"}],"event_choices":[{"damage_healed":0,"gold_gain":0,"player_choice":"Got Potions","damage_taken":0,"max_hp_gain":0,"max_hp_loss":0,"event_name":"Lab","floor":2,"gold_loss":0},{"damage_healed":0,"gold_gain":0,"player_choice":"Ignored","damage_taken":0,"max_hp_gain":0,"max_hp_loss":0,"event_name":"Liars Game","floor":5,"gold_loss":0},{"damage_healed":0,"gold_gain":73,"player_choice":"Gained Gold","damage_taken":0,"max_hp_gain":0,"max_hp_loss":0,"event_name":"Golden Wing","floor":10,"gold_loss":0},{"damage_healed":0,"gold_gain":0,"player_choice":"Trade","damage_taken":0,"relics_obtained":["FaceOfCleric"],"max_hp_gain":0,"max_hp_loss":0,"event_name":"FaceTrader","floor":12,"gold_loss":0},{"cards_removed":["Defend_R"],"damage_healed":0,"gold_gain":0,"player_choice":"Removed Skill","damage_taken":0,"max_hp_gain":0,"max_hp_loss":0,"event_name":"Falling","floor":38,"gold_loss":0},{"damage_healed":0,"gold_gain":0,"player_choice":"Ignored","damage_taken":0,"max_hp_gain":0,"max_hp_loss":0,"event_name":"Mysterious Sphere","floor":42,"gold_loss":0}],"is_beta":false,"boss_relics":[{"not_picked":["Coffee Dripper","Runic Cube"],"picked":"Black Blood"},{"not_picked":["Lizard Tail","Philosopher\u0027s Stone"],"picked":"Busted Crown"}],"items_purged_floors":[39],"is_endless":false,"potions_floor_spawned":[4,13,14,16,18,20,23,28,29,33,36,44],"killed_by":"Donu and Deca","ascension_level":0}