{"path_per_floor":["M","$","?","M","M","E","M","M","T","R","?","M","?","M","R","B",null,"M","?","?","?","?","E","M","R","T","$","M","?","M","M","R","B",null,"M","?","?","?","M","E","R","M","T","$","E","R","M","$","R","B"],"character_chosen":"DEFECT","items_purchased":["Symbiotic Virus","Beam Cell","Vajra","Lockon","Doom and Gloom","Strength Potion"],"gold_per_floor":[114,39,39,54,69,99,114,129,154,154,134,149,149,164,164,264,264,279,279,304,304,304,334,349,349,374,74,89,89,104,119,119,219,219,234,247,247,247,262,292,292,307,357,307,337,337,352,13,13,13],"floor_reached":51,"campfire_rested":1,"playtime":3515,"current_hp_per_floor":[75,75,75,75,75,57,50,43,49,73,73,72,72,71,71,54,105,88,88,61,61,61,55,60,60,73,73,79,85,88,86,86,98,98,98,97,97,87,90,98,98,95,101,101,102,102,114,114,114,80],"items_purged":["Dualcast","Pain"],"gold":13,"score":1027,"play_id":"2ea1a6a2-22b1-488a-b098-335239368a20","local_time":"20180514201503","daily_mods":["Heirloom","Cursed Run","Vintage"],"is_prod":false,"is_daily":true,"chose_seed":false,"is_ascension_mode":false,"campfire_upgraded":5,"timestamp":1526354103,"path_taken":["M","$","?","?","M","E","?","M","T","R","?","M","?","M","R","BOSS","M","?","?","?","?","E","M","R","T","$","?","?","M","M","R","BOSS","M","?","?","?","?","E","R","M","T","?","E","R","?","$","R","BOSS"],"build_version":"2018-05-12v2","seed_source_timestamp":0,"purchased_purges":3,"victory":true,"master_deck":["Defend_B+1","Defend_B+1","Zap+1","Axe Kick","Echo Form+1","Regret","Parasite","Regret","Steam+1","Bite+1","Bite+1","Bite","Bite","Bite+1","Gash+1","Clumsy","Writhe","Clumsy","Machine Learning+1","Darkness+1","FTL+1","Seek+1","Swift Strike+1","Bandage Up+1","Magnetism+1","Static Discharge+1","Injury","Beam Cell+1","Ball Lightning+1","Lockon+1","Doom and Gloom+1","Doubt"],"max_hp_per_floor":[75,75,75,75,75,75,75,75,81,81,81,81,81,81,81,87,105,105,105,105,73,73,73,73,73,86,86,86,92,92,92,92,98,98,98,98,98,98,98,98,98,98,104,104,104,104,114,114,114,120],"relics":["Cursed Key","Darkstone Periapt","Du-Vu Doll","Ice Cream","Bronze Scales","Blue Candle","Orichalcum","Dodecahedron","Dead Branch","Oddly Smooth Stone","Pen Nib","Bag of Marbles","Mummified Hand","Singing Bowl","Calling Bell","Peace Pipe","Smiling Mask","Regal Pillow","Toxic Egg 2","Red Mask","Molten Egg 2","Potion Belt","Strawberry","Symbiotic Virus","Shuriken","Thread and Needle","Pantograph","Blood Vial","Bag of Preparation","Nuclear Battery","Frozen Egg 2","Calipers","War Paint","Gambling Chip","Anchor","Happy Flower","Pear","Vajra"],"card_choices":[{"not_picked":["Chill","Leap"],"picked":"Axe Kick","floor":6},{"not_picked":["Reboot","Creative AI"],"picked":"Echo Form","floor":16},{"not_picked":["Hologram+1","Heatsinks"],"picked":"Steam+1","floor":20},{"not_picked":["Turbo+1","Stack+1"],"picked":"Gash","floor":23},{"not_picked":["Meteor Strike+1","Reboot+1"],"picked":"Machine Learning","floor":33},{"not_picked":["Axe Kick+1","Self Repair+1"],"picked":"Darkness+1","floor":36},{"not_picked":["Panacea","Finesse"],"picked":"Swift Strike","floor":38},{"not_picked":["Madness","Jack Of All Trades"],"picked":"Bandage Up","floor":38},{"not_picked":["Dark Shackles","Master of Strategy"],"picked":"Magnetism","floor":38},{"not_picked":["Beam Cell+1","Barrage+1"],"picked":"Static Discharge+1","floor":40},{"not_picked":["Rebound+1","Steam+1"],"picked":"Ball Lightning+1","floor":45}],"player_experience":497347,"potions_floor_usage":[5,6,16,16,16,20,33,33,33,33,33,40,50,50,50],"damage_taken":[{"damage":0,"enemies":"2 Louse","floor":1,"turns":2},{"damage":0,"enemies":"Small Slimes","floor":4,"turns":3},{"damage":0,"enemies":"Jaw Worm","floor":5,"turns":4},{"damage":18,"enemies":"Gremlin Nob","floor":6,"turns":4},{"damage":7,"enemies":"Gremlin Gang","floor":7,"turns":4},{"damage":7,"enemies":"3 Louse","floor":8,"turns":3},{"damage":1,"enemies":"Lots of Slimes","floor":12,"turns":4},{"damage":1,"enemies":"Looter","floor":14,"turns":2},{"damage":23,"enemies":"Hexaghost","floor":16,"turns":5},{"damage":17,"enemies":"2 Thieves","floor":18,"turns":3},{"damage":27,"enemies":"Masked Bandits","floor":20,"turns":4},{"damage":20,"enemies":"Gremlin Leader","floor":23,"turns":5},{"damage":5,"enemies":"Chosen","floor":24,"turns":3},{"damage":8,"enemies":"Slaver and Parasite","floor":28,"turns":4},{"damage":1,"enemies":"Snake Plant","floor":30,"turns":1},{"damage":6,"enemies":"Centurion and Healer","floor":31,"turns":3},{"damage":7,"enemies":"Collector","floor":33,"turns":5},{"damage":6,"enemies":"3 Darklings","floor":35,"turns":4},{"damage":8,"enemies":"Mysterious Sphere","floor":36,"turns":2},{"damage":3,"enemies":"Orb Walker","floor":39,"turns":2},{"damage":5,"enemies":"Giant Head","floor":40,"turns":4},{"damage":8,"enemies":"Spire Growth","floor":42,"turns":3},{"damage":6,"enemies":"2 Orb Walkers","floor":45,"turns":2},{"damage":4,"enemies":"Flame Bruiser 2 Orb","floor":47,"turns":3},{"damage":46,"enemies":"Awakened One","floor":50,"turns":4}],"event_choices":[{"event_name":"The Cleric","player_choice":"Leave","floor":3,"damage_taken":0},{"event_name":"The Woman in Blue","player_choice":"Bought 1 Potion","floor":11,"damage_taken":0},{"event_name":"Bonfire Elementals","player_choice":"BASIC","floor":13,"damage_taken":0},{"event_name":"Upgrade Shrine","player_choice":"Upgraded","floor":19,"damage_taken":0},{"event_name":"Masked Bandits","player_choice":"Fought over 279 gold","floor":20,"damage_taken":0},{"event_name":"Vampires","player_choice":"Became a vampire","floor":21,"damage_taken":0},{"event_name":"Back to Basics","player_choice":"Elegance","floor":22,"damage_taken":0},{"event_name":"The Mausoleum","player_choice":"Yes","floor":29,"damage_taken":0},{"event_name":"Mysterious Sphere","player_choice":"Fight","floor":36,"damage_taken":0},{"event_name":"Match and Keep!","player_choice":"2 cards matched","floor":37,"damage_taken":0},{"event_name":"SensoryStone","player_choice":"Memory 3","floor":38,"damage_taken":0}],"boss_relics":[{"not_picked":["Snecko Eye","Runic Pyramid"],"picked":"Calling Bell"},{"not_picked":["Astrolabe","Orrery"],"picked":"Nuclear Battery"}],"potions_floor_spawned":[1,5,7,14,18,24,28,30,33,39,40,45],"seed_played":"-7038820787724177597","ascension_level":0,"is_trial":false}