{"gold_per_floor":[15,15,34,53,69,79,79,109,133,133,153,153,191,191,191,320,320,345,345,345,358,372,404,404,404],"floor_reached":25,"playtime":1836,"items_purged":[],"score":233,"play_id":"daf07b6c-3106-4c01-a5e0-b2652e36bad3","local_time":"20190316211657","is_ascension_mode":false,"campfire_choices":[{"floor":7,"key":"REST"},{"floor":12,"key":"REST"},{"floor":15,"key":"REST"}],"neow_cost":"NO_GOLD","seed_source_timestamp":3144475546114,"circlet_count":0,"master_deck":["Defend_G","Defend_G","Defend_G+1","Defend_G","Defend_G","Strike_G","Strike_G","Strike_G","Strike_G","Strike_G","Survivor","Neutralize","Deep Breath","Deep Breath","Deadly Poison","Distraction+1","Poisoned Stab","Poisoned Stab+1","Sucker Punch","Wraith Form v2+1","Dash","Bouncing Flask","Bullet Time","Dash+1","PiercingWail","Blur"],"relics":["Ring of the Snake","Art of War","Omamori","Orichalcum","Bloody Idol","Centennial Puzzle","Black Star","War Paint","Regal Pillow","Boot"],"potions_floor_usage":[8,8,22,25],"damage_taken":[{"damage":0,"enemies":"2 Louse","floor":1,"turns":3},{"damage":0,"enemies":"Small Slimes","floor":3,"turns":4},{"damage":7,"enemies":"Cultist","floor":4,"turns":4},{"damage":5,"enemies":"Blue Slaver","floor":5,"turns":3},{"damage":7,"enemies":"Exordium Thugs","floor":6,"turns":3},{"damage":15,"enemies":"Lagavulin","floor":8,"turns":4},{"damage":1,"enemies":"2 Fungi Beasts","floor":11,"turns":3},{"damage":16,"enemies":"Gremlin Nob","floor":13,"turns":4},{"damage":21,"enemies":"The Guardian","floor":16,"turns":9},{"damage":14,"enemies":"Shell Parasite","floor":18,"turns":7},{"damage":2,"enemies":"Chosen","floor":21,"turns":6},{"damage":13,"enemies":"Centurion and Healer","floor":22,"turns":9},{"damage":16,"enemies":"Book of Stabbing","floor":23,"turns":8},{"damage":42,"enemies":"Gremlin Leader","floor":25,"turns":4}],"seed_played":"-590069812295130318","potions_obtained":[{"floor":4,"key":"AttackPotion"},{"floor":5,"key":"Strength Potion"},{"floor":6,"key":"Dexterity Potion"},{"floor":11,"key":"GamblersBrew"},{"floor":21,"key":"SpeedPotion"}],"is_trial":false,"path_per_floor":["M","?","M","M","M","M","R","E","T","?","M","R","E","?","R","B",null,"M","?","?","M","M","E","?","E"],"character_chosen":"THE_SILENT","items_purchased":[],"campfire_rested":3,"item_purchase_floors":[],"current_hp_per_floor":[70,45,45,38,33,26,47,32,32,32,31,52,36,22,43,22,70,56,56,56,59,51,40,40,0],"gold":404,"neow_bonus":"RANDOM_COLORLESS_2","is_prod":false,"is_daily":false,"chose_seed":false,"campfire_upgraded":0,"win_rate":0,"timestamp":1552785417,"path_taken":["M","?","M","M","M","M","R","E","T","?","M","R","E","?","R","BOSS","M","?","?","M","M","E","?","E"],"build_version":"2019-01-23","purchased_purges":0,"victory":false,"max_hp_per_floor":[70,70,70,70,70,70,70,70,70,70,70,70,70,70,70,70,70,70,70,70,70,70,70,70,70],"card_choices":[{"not_picked":["Predator","Blur"],"picked":"Deadly Poison","floor":1},{"not_picked":["PiercingWail","Blur"],"picked":"Distraction","floor":3},{"not_picked":["Dodge and Roll","Quick Slash"],"picked":"Poisoned Stab","floor":4},{"not_picked":["Prepared","Bane"],"picked":"Poisoned Stab","floor":5},{"not_picked":["Deflect","Blade Dance"],"picked":"Sucker Punch","floor":6},{"not_picked":["Outmaneuver","Eviscerate"],"picked":"Wraith Form v2","floor":8},{"not_picked":["Underhanded Strike","Deadly Poison"],"picked":"Dash","floor":11},{"not_picked":["Leg Sweep","Quick Slash"],"picked":"Bouncing Flask","floor":13},{"not_picked":["Malaise","Unload"],"picked":"Bullet Time","floor":16},{"not_picked":["Riddle With Holes","Skewer"],"picked":"Dash+1","floor":18},{"not_picked":["Acrobatics","Catalyst"],"picked":"PiercingWail","floor":21},{"not_picked":["Sucker Punch","PiercingWail","Backflip"],"picked":"SKIP","floor":22},{"not_picked":["Prepared+1","Quick Slash"],"picked":"Blur","floor":23}],"player_experience":67994,"relics_obtained":[{"floor":8,"key":"Omamori"},{"floor":9,"key":"Orichalcum"},{"floor":13,"key":"Centennial Puzzle"},{"floor":23,"key":"War Paint"},{"floor":23,"key":"Regal Pillow"}],"event_choices":[{"damage_healed":0,"gold_gain":0,"player_choice":"Success","damage_taken":25,"relics_obtained":["Art of War"],"max_hp_gain":0,"max_hp_loss":0,"event_name":"Scrap Ooze","floor":2,"gold_loss":0},{"damage_healed":0,"gold_gain":0,"player_choice":"Take Wound","damage_taken":0,"relics_obtained":["Golden Idol"],"max_hp_gain":0,"max_hp_loss":0,"event_name":"Golden Idol","floor":10,"gold_loss":0,"cards_obtained":["Injury"]},{"damage_healed":0,"gold_gain":0,"player_choice":"Entered Light","damage_taken":14,"max_hp_gain":0,"max_hp_loss":0,"event_name":"Shining Light","floor":14,"gold_loss":0,"cards_upgraded":["Wraith Form v2","Poisoned Stab"]},{"damage_healed":0,"gold_gain":0,"player_choice":"Ignored","damage_taken":0,"max_hp_gain":0,"max_hp_loss":0,"event_name":"Cursed Tome","floor":19,"gold_loss":0},{"damage_healed":0,"gold_gain":0,"player_choice":"Gave Idol","damage_taken":0,"relics_obtained":["Bloody Idol"],"max_hp_gain":0,"max_hp_loss":0,"event_name":"Forgotten Altar","floor":20,"relics_lost":["Golden Idol"],"gold_loss":0},{"damage_healed":0,"gold_gain":0,"player_choice":"Gave Potion","damage_taken":0,"relics_obtained":["Boot"],"max_hp_gain":0,"max_hp_loss":0,"event_name":"WeMeetAgain","floor":24,"gold_loss":0}],"is_beta":false,"boss_relics":[{"not_picked":["Fusion Hammer","Philosopher\u0027s Stone"],"picked":"Black Star"}],"items_purged_floors":[],"is_endless":false,"potions_floor_spawned":[4,5,6,11,21],"killed_by":"Gremlin Leader","ascension_level":0}