{"path_per_floor":["M","M","M","M","M","M","E","R","T","?","M","M","M","M","R","B",null,"M","M","M","M","$","E","M","M","T","$","E","R","M","M","R","B",null,"M","?","?","T","?","E","R","M","T","E","R","M","?","M","R","B"],"character_chosen":"IRONCLAD","items_purchased":["Anchor","Flex","Evolve","Anger","Gremlin Horn"],"gold_per_floor":[114,129,144,159,174,189,219,219,244,244,259,274,289,304,304,404,404,419,434,449,464,314,344,359,374,449,20,50,50,65,80,80,180,180,225,225,225,275,275,305,305,320,345,375,375,390,390,405,405,405],"floor_reached":51,"campfire_rested":1,"playtime":2911,"item_purchase_floors":[22,27,27,27,27],"current_hp_per_floor":[80,78,80,80,80,77,57,80,80,77,82,87,87,87,87,52,87,87,87,87,87,87,36,43,61,61,61,76,76,82,85,85,48,87,87,76,66,66,66,61,61,69,69,77,77,85,85,87,87,83],"items_purged":[],"gold":405,"score":859,"play_id":"914a5c59-dff5-4992-aec8-a2eecdd420f0","local_time":"20180523104136","daily_mods":["Brewmaster","Lethality","Vintage"],"is_prod":false,"is_daily":true,"chose_seed":false,"is_ascension_mode":false,"campfire_upgraded":6,"win_rate":0.38202247,"timestamp":1527097296,"campfire_choices":[{"floor":8,"key":"REST"},{"data":"Venomology","floor":15,"key":"SMITH"},{"data":"Limit Break","floor":29,"key":"SMITH"},{"data":"Inflame","floor":32,"key":"SMITH"},{"data":"Magnetism","floor":41,"key":"SMITH"},{"data":"Evolve","floor":45,"key":"SMITH"},{"data":"Flex","floor":49,"key":"SMITH"}],"path_taken":["M","M","M","M","?","M","E","R","T","?","M","M","M","M","R","BOSS","M","M","M","M","$","E","M","M","T","$","E","R","M","M","R","BOSS","M","?","?","?","?","E","R","?","T","E","R","M","?","?","R","BOSS"],"build_version":"2018-05-22","seed_source_timestamp":0,"purchased_purges":0,"victory":true,"master_deck":["Strike_R","Strike_R","Strike_R","Strike_R","Strike_R","Defend_R","Defend_R+1","Defend_R","Defend_R","Bash","Venomology","Venomology","Venomology+1","Venomology+1","Venomology","Thunderclap","Limit Break+1","Inflame+1","Flex+1","Evolve+1","Anger","Cleave","Offering+1","Madness+1","Madness+1","Panacea+1","Flash of Steel","Magnetism+1","Pummel","Dual Wield+1"],"max_hp_per_floor":[80,80,80,80,80,80,80,80,80,80,87,87,87,87,87,87,87,87,87,87,87,87,87,87,87,87,87,87,87,87,87,87,87,87,87,87,87,87,87,87,87,87,87,87,87,87,87,87,87,87],"relics":["Burning Blood","White Beast Statue","Happy Flower","Bag of Preparation","Bronze Scales","Lantern","Bottled Flame","Meat on the Bone","Art of War","Boot","War Paint","Strawberry","Potion Belt","Question Card","Pen Nib","Darkstone Periapt","Mark of Pain","Ancient Tea Set","Regal Pillow","Singing Bowl","Bag of Marbles","Anchor","Toolbox","Oddly Smooth Stone","Paper Frog","Blue Candle","Gremlin Horn","Sundial","Toxic Egg 2","Centennial Puzzle","Mercury Hourglass","Black Star","Tiny Chest","Vajra","Orichalcum","Blood Vial","Molten Egg 2","Omamori","Smiling Mask","Bottled Lightning","Self Forming Clay","Dream Catcher","Bottled Tornado"],"card_choices":[{"not_picked":["Dual Wield","Clash"],"picked":"Thunderclap","floor":7},{"not_picked":["Immolate","Barricade","Demon Form"],"picked":"Limit Break","floor":16},{"not_picked":["Twin Strike","Dual Wield+1","Clothesline+1"],"picked":"Inflame","floor":23},{"not_picked":["Searing Blow+1","Armaments","True Grit"],"picked":"Cleave","floor":28},{"not_picked":["Fiend Fire","Bludgeon","Double Tap+1"],"picked":"Offering+1","floor":33},{"not_picked":["Enlightenment","Mind Blast","Jack Of All Trades"],"picked":"Panacea","floor":37},{"not_picked":["Sadistic Nature","Enlightenment","Good Instincts"],"picked":"Flash of Steel","floor":37},{"not_picked":["Sadistic Nature","Blind","Enlightenment"],"picked":"Magnetism","floor":37},{"not_picked":["Armaments+1","Sentinel+1","Disarm+1"],"picked":"Pummel","floor":40},{"not_picked":["Infernal Blade+1","Cleave+1","Perfected Strike+1"],"picked":"Dual Wield+1","floor":44}],"player_experience":511977,"potions_floor_usage":[1,2,3,3,4,4,5,5,5,6,6,7,7,7,7,7,11,11,12,12,12,12,13,13,13,14,16,16,16,16,16,16,16,18,18,18,18,19,19,19,20,20,20,21,21,21,21,21,23,23,23,23,23,23,24,24,24,24,24,24,24,25,25,25,25,25,28,28,28,28,30,31,31,33,33,33,33,33,33,33,35,40,40,40,40,40,40,42,42,44,44,44,46,46,46,46,48,50,50,50,50,50,50,50,50,50],"damage_taken":[{"damage":0,"enemies":"Cultist","floor":1,"turns":2},{"damage":8,"enemies":"2 Louse","floor":2,"turns":2},{"damage":4,"enemies":"Small Slimes","floor":3,"turns":3},{"damage":0,"enemies":"Exordium Wildlife","floor":4,"turns":2},{"damage":3,"enemies":"3 Louse","floor":5,"turns":3},{"damage":9,"enemies":"Gremlin Gang","floor":6,"turns":4},{"damage":26,"enemies":"3 Sentries","floor":7,"turns":5},{"damage":8,"enemies":"Looter","floor":11,"turns":3},{"damage":0,"enemies":"Large Slime","floor":12,"turns":2},{"damage":0,"enemies":"Gremlin Gang","floor":13,"turns":3},{"damage":1,"enemies":"Looter","floor":14,"turns":3},{"damage":83,"enemies":"Hexaghost","floor":16,"turns":7},{"damage":3,"enemies":"Shell Parasite","floor":18,"turns":2},{"damage":1,"enemies":"2 Thieves","floor":19,"turns":2},{"damage":6,"enemies":"Snake Plant","floor":20,"turns":4},{"damage":0,"enemies":"3 Cultists","floor":21,"turns":3},{"damage":69,"enemies":"Gremlin Leader","floor":23,"turns":8},{"damage":11,"enemies":"Centurion and Healer","floor":24,"turns":4},{"damage":0,"enemies":"Snecko","floor":25,"turns":2},{"damage":0,"enemies":"Book of Stabbing","floor":28,"turns":3},{"damage":0,"enemies":"Slaver and Parasite","floor":30,"turns":1},{"damage":3,"enemies":"Snake Plant","floor":31,"turns":1},{"damage":55,"enemies":"Collector","floor":33,"turns":7},{"damage":4,"enemies":"Orb Walker","floor":35,"turns":1},{"damage":27,"enemies":"Nemesis","floor":40,"turns":3},{"damage":0,"enemies":"Flame Bruiser 1 Orb","floor":42,"turns":2},{"damage":0,"enemies":"2 Orb Walkers","floor":44,"turns":2},{"damage":0,"enemies":"3 Darklings","floor":46,"turns":1},{"damage":0,"enemies":"4 Shapes","floor":48,"turns":1},{"damage":10,"enemies":"Awakened One","floor":50,"turns":3}],"relics_obtained":[{"floor":1,"key":"Happy Flower"},{"floor":2,"key":"Bag of Preparation"},{"floor":3,"key":"Bronze Scales"},{"floor":4,"key":"Lantern"},{"floor":5,"key":"Bottled Flame"},{"floor":6,"key":"Meat on the Bone"},{"floor":7,"key":"Art of War"},{"floor":9,"key":"Boot"},{"floor":11,"key":"Strawberry"},{"floor":12,"key":"Potion Belt"},{"floor":13,"key":"Question Card"},{"floor":14,"key":"Pen Nib"},{"floor":16,"key":"Darkstone Periapt"},{"floor":18,"key":"Ancient Tea Set"},{"floor":19,"key":"Regal Pillow"},{"floor":20,"key":"Singing Bowl"},{"floor":21,"key":"Bag of Marbles"},{"floor":23,"key":"Toolbox"},{"floor":24,"key":"Oddly Smooth Stone"},{"floor":25,"key":"Paper Frog"},{"floor":26,"key":"Blue Candle"},{"floor":28,"key":"Sundial"},{"floor":30,"key":"Toxic Egg 2"},{"floor":31,"key":"Centennial Puzzle"},{"floor":33,"key":"Mercury Hourglass"},{"floor":35,"key":"Tiny Chest"},{"floor":38,"key":"Vajra"},{"floor":40,"key":"Orichalcum"},{"floor":40,"key":"Blood Vial"},{"floor":42,"key":"Molten Egg 2"},{"floor":43,"key":"Omamori"},{"floor":44,"key":"Smiling Mask"},{"floor":44,"key":"Bottled Lightning"},{"floor":46,"key":"Self Forming Clay"},{"floor":48,"key":"Bottled Tornado"}],"event_choices":[{"event_name":"Scrap Ooze","player_choice":"success","floor":10,"damage_taken":3},{"event_name":"Winding Halls","player_choice":"Embrace Madness","floor":36,"damage_taken":0},{"event_name":"SensoryStone","player_choice":"Memory 3","floor":37,"damage_taken":0},{"event_name":"The Lab","player_choice":"Got Potions","floor":39,"damage_taken":0},{"event_name":"Accursed Blacksmith","player_choice":"Rummage","floor":47,"damage_taken":0}],"boss_relics":[{"not_picked":["Orrery","Ectoplasm"],"picked":"Mark of Pain"},{"not_picked":["Philosopher\u0027s Stone","Calling Bell"],"picked":"Black Star"}],"items_purged_floors":[],"potions_floor_spawned":[1,2,3,4,5,6,7,11,12,13,14,16,18,19,20,21,23,24,25,28,30,31,33,35,40,42,44,46,48],"seed_played":"-4877040327349419501","ascension_level":0,"potions_obtained":[{"floor":1,"key":"Poison Potion"},{"floor":2,"key":"GamblersBrew"},{"floor":3,"key":"Weak Potion"},{"floor":4,"key":"Block Potion"},{"floor":5,"key":"SteroidPotion"},{"floor":7,"key":"SmokeBomb"},{"floor":11,"key":"SpeedPotion"},{"floor":12,"key":"BloodPotion"},{"floor":13,"key":"SteroidPotion"},{"floor":16,"key":"Energy Potion"},{"floor":18,"key":"Block Potion"},{"floor":19,"key":"Weak Potion"},{"floor":21,"key":"Dexterity Potion"},{"floor":23,"key":"SkillPotion"},{"floor":24,"key":"GamblersBrew"},{"floor":25,"key":"Ancient Potion"},{"floor":28,"key":"SkillPotion"},{"floor":30,"key":"LiquidBronze"},{"floor":31,"key":"FearPotion"},{"floor":33,"key":"Energy Potion"},{"floor":35,"key":"Fire Potion"},{"floor":39,"key":"Block Potion"},{"floor":39,"key":"BloodPotion"},{"floor":40,"key":"Explosive Potion"},{"floor":42,"key":"Ancient Potion"},{"floor":46,"key":"Energy Potion"},{"floor":48,"key":"Swift Potion"}],"is_trial":false}