{"gold_per_floor":[111,286,304,304,43,62,62,62,117,67,79,79,112,112,112,241,241,265,103,103,128,128,128,161,179,232,232],"floor_reached":27,"playtime":1005,"items_purged":["Strike_B"],"score":252,"play_id":"2463c355-6c7d-4b7f-8a8a-ddd89998b150","local_time":"20191002174812","is_ascension_mode":true,"campfire_choices":[{"data":"Zap","floor":8,"key":"SMITH"},{"data":"Defragment","floor":12,"key":"SMITH"},{"floor":15,"key":"REST"},{"data":"Loop","floor":23,"key":"SMITH"}],"neow_cost":"NONE","seed_source_timestamp":79486100900900,"circlet_count":0,"master_deck":["Strike_B","Strike_B+1","Strike_B","Defend_B+1","Defend_B","Defend_B","Defend_B","Zap+1","Dualcast","Genetic Algorithm","Redo","Defragment+1","Ball Lightning","Electrodynamics","Glacier+1","Loop+1","Leap","Barrage","Writhe","Storm","Storm"],"relics":["Cracked Core","Regal Pillow","Singing Bowl","Strawberry","Bag of Preparation","Mummified Hand","Golden Idol","Inserter","Ginger","Anchor","Boot"],"potions_floor_usage":[16],"damage_taken":[{"damage":1,"enemies":"Jaw Worm","floor":1,"turns":4},{"damage":0,"enemies":"2 Louse","floor":3,"turns":3},{"damage":8,"enemies":"Small Slimes","floor":6,"turns":4},{"damage":0,"enemies":"Blue Slaver","floor":11,"turns":4},{"damage":27,"enemies":"Gremlin Nob","floor":13,"turns":4},{"damage":24,"enemies":"The Guardian","floor":16,"turns":9},{"damage":12,"enemies":"Shell Parasite","floor":18,"turns":4},{"damage":4,"enemies":"Spheric Guardian","floor":21,"turns":4},{"damage":43,"enemies":"Slavers","floor":24,"turns":4},{"damage":6,"enemies":"Chosen and Byrds","floor":25,"turns":4},{"damage":16,"enemies":"Snake Plant","floor":27,"turns":2}],"seed_played":"-3675153555132450749","potions_obtained":[{"floor":13,"key":"AttackPotion"},{"floor":16,"key":"PotionOfCapacity"},{"floor":25,"key":"Ancient Potion"}],"is_trial":false,"path_per_floor":["M","?","M","?","$","M","?","R","T","?","M","R","E","?","R","B",null,"M","$","?","M","?","R","E","M","T","M"],"character_chosen":"DEFECT","items_purchased":["Singing Bowl","Loop","Leap"],"campfire_rested":1,"item_purchase_floors":[5,19,19],"current_hp_per_floor":[74,74,74,59,59,53,53,53,53,53,53,53,26,26,64,40,78,66,66,66,62,62,62,19,13,13,0],"gold":232,"neow_bonus":"RANDOM_COMMON_RELIC","is_prod":false,"is_daily":false,"chose_seed":false,"campfire_upgraded":3,"win_rate":0,"timestamp":1570063692,"path_taken":["M","?","M","?","$","M","?","R","T","?","?","R","E","?","R","BOSS","M","$","?","M","?","R","E","M","T","M"],"build_version":"2019-10-02","purchased_purges":1,"victory":false,"max_hp_per_floor":[75,75,75,75,75,77,84,84,84,84,84,84,84,78,78,78,78,78,78,78,78,78,78,78,78,78,78],"card_choices":[{"not_picked":["Streamline","Rebound"],"picked":"Genetic Algorithm","floor":1},{"not_picked":["Streamline","Aggregate"],"picked":"Redo","floor":3},{"not_picked":["Compile Driver","Glacier","Coolheaded"],"picked":"Singing Bowl","floor":6},{"not_picked":["Stack","Aggregate"],"picked":"Defragment","floor":11},{"not_picked":["Scrape","Go for the Eyes"],"picked":"Ball Lightning","floor":13},{"not_picked":["Hyperbeam","Thunder Strike"],"picked":"Electrodynamics","floor":16},{"not_picked":["Cold Snap","Blizzard"],"picked":"Glacier+1","floor":18},{"not_picked":["Melter","Redo"],"picked":"Barrage","floor":21},{"not_picked":["Go for the Eyes","Chaos"],"picked":"Storm","floor":24},{"not_picked":["Sweeping Beam+1","Ball Lightning+1"],"picked":"Storm","floor":25}],"player_experience":802953,"relics_obtained":[{"floor":9,"key":"Bag of Preparation"},{"floor":13,"key":"Mummified Hand"},{"floor":24,"key":"Anchor"},{"floor":26,"key":"Boot"}],"event_choices":[{"damage_healed":0,"gold_gain":175,"player_choice":"AGREE","damage_taken":0,"max_hp_gain":0,"max_hp_loss":0,"event_name":"Liars Game","floor":2,"gold_loss":0,"cards_obtained":["Doubt"]},{"damage_healed":0,"gold_gain":0,"player_choice":"Entered Light","damage_taken":15,"max_hp_gain":0,"max_hp_loss":0,"event_name":"Shining Light","floor":4,"gold_loss":0,"cards_upgraded":["Defend_B","Strike_B"]},{"damage_healed":0,"gold_gain":0,"player_choice":"Success","damage_taken":7,"relics_obtained":["Strawberry"],"max_hp_gain":0,"max_hp_loss":0,"event_name":"Scrap Ooze","floor":7,"gold_loss":0},{"cards_removed":["Doubt"],"damage_healed":0,"gold_gain":0,"player_choice":"Card Removal","damage_taken":0,"max_hp_gain":0,"max_hp_loss":0,"event_name":"The Cleric","floor":10,"gold_loss":50},{"damage_healed":0,"gold_gain":0,"player_choice":"Lose Max HP","damage_taken":0,"relics_obtained":["Golden Idol"],"max_hp_gain":0,"max_hp_loss":6,"event_name":"Golden Idol","floor":14,"gold_loss":0},{"damage_healed":0,"gold_gain":0,"player_choice":"Ignored","damage_taken":0,"max_hp_gain":0,"max_hp_loss":0,"event_name":"Vampires","floor":20,"gold_loss":0},{"damage_healed":0,"gold_gain":0,"player_choice":"Opened","damage_taken":0,"relics_obtained":["Ginger"],"max_hp_gain":0,"max_hp_loss":0,"event_name":"The Mausoleum","floor":22,"gold_loss":0,"cards_obtained":["Writhe"]}],"is_beta":true,"boss_relics":[{"not_picked":["Astrolabe","Runic Dome"],"picked":"Inserter"}],"items_purged_floors":[19],"is_endless":false,"potions_floor_spawned":[13,16,25],"killed_by":"Snake Plant","ascension_level":2}