{"gold_per_floor":[214,228,228,11,24,24,51,51,74,74,94,112,122,122,122,195,195,213,128,36,49,59,59,59,59,108,124,138,138,153,169,169,169],"floor_reached":33,"playtime":3314,"items_purged":[],"score":502,"play_id":"71d903f2-9c08-4877-aae6-f6dce9119283","local_time":"20190801135946","is_ascension_mode":true,"campfire_choices":[{"data":"Skewer","floor":6,"key":"SMITH"},{"floor":8,"key":"REST"},{"data":"Neutralize","floor":10,"key":"SMITH"},{"data":"Endless Agony","floor":15,"key":"SMITH"},{"data":"Cloak And Dagger","floor":23,"key":"SMITH"},{"data":"Cloak And Dagger","floor":25,"key":"SMITH"},{"data":"Prepared","floor":32,"key":"SMITH"}],"neow_cost":"NONE","seed_source_timestamp":89677980883047,"circlet_count":0,"master_deck":["AscendersBane","Strike_G","Strike_G","Strike_G","Strike_G","Strike_G","Defend_G","Defend_G","Defend_G","Defend_G","Survivor","Neutralize+1","PiercingWail","Skewer+1","Slice","Quick Slash","Dash","Quick Slash","Terror","Endless Agony+1","Cloak And Dagger+1","Die Die Die","Backflip","Backstab","Cloak And Dagger+1","Backstab","Finisher+1","Normality","Tools of the Trade","Prepared+1","Corpse Explosion","Deflect","Backstab"],"relics":["Ring of the Snake","Bag of Marbles","Dream Catcher","Bronze Scales","Coffee Dripper","Vajra","Strawberry"],"potions_floor_usage":[11,16,16,27,33,33],"damage_taken":[{"damage":5,"enemies":"Small Slimes","floor":1,"turns":5},{"damage":0,"enemies":"Cultist","floor":2,"turns":4},{"damage":0,"enemies":"2 Louse","floor":5,"turns":2},{"damage":32,"enemies":"3 Sentries","floor":7,"turns":11},{"damage":6,"enemies":"Gremlin Gang","floor":11,"turns":4},{"damage":0,"enemies":"2 Fungi Beasts","floor":12,"turns":2},{"damage":1,"enemies":"Looter","floor":13,"turns":2},{"damage":31,"enemies":"Slime Boss","floor":16,"turns":10},{"damage":3,"enemies":"2 Thieves","floor":18,"turns":2},{"damage":0,"enemies":"Chosen","floor":21,"turns":3},{"damage":1,"enemies":"Centurion and Healer","floor":22,"turns":3},{"damage":16,"enemies":"Shelled Parasite and Fungi","floor":27,"turns":2},{"damage":17,"enemies":"Sentry and Sphere","floor":28,"turns":5},{"damage":9,"enemies":"Snake Plant","floor":30,"turns":2},{"damage":24,"enemies":"3 Cultists","floor":31,"turns":5},{"damage":27,"enemies":"Champ","floor":33,"turns":5}],"seed_played":"4717685172924464235","potions_obtained":[{"floor":5,"key":"SpeedPotion"},{"floor":7,"key":"Weak Potion"},{"floor":13,"key":"Energy Potion"},{"floor":18,"key":"Fruit Juice"},{"floor":22,"key":"Explosive Potion"},{"floor":27,"key":"LiquidBronze"}],"is_trial":false,"path_per_floor":["M","M","?","$","M","R","E","R","T","R","M","M","M","?","R","B",null,"M","?","$","M","M","R","?","R","T","M","M","?","M","M","R","B"],"character_chosen":"THE_SILENT","items_purchased":["Bag of Marbles","Quick Slash","Backstab","Cloak And Dagger"],"campfire_rested":1,"item_purchase_floors":[4,4,20,20],"current_hp_per_floor":[54,54,54,54,54,54,22,41,41,41,35,35,34,34,34,3,50,47,47,47,47,46,46,46,46,53,37,20,35,26,2,2,0],"gold":169,"neow_bonus":"HUNDRED_GOLD","is_prod":false,"is_daily":false,"chose_seed":false,"campfire_upgraded":6,"win_rate":0,"timestamp":1564646386,"path_taken":["M","M","?","$","M","R","E","R","T","R","M","?","M","?","R","BOSS","M","?","$","M","M","R","?","R","T","?","?","?","M","M","R","BOSS"],"build_version":"2019-07-17","purchased_purges":0,"victory":false,"max_hp_per_floor":[66,66,66,66,66,66,66,66,66,66,66,66,66,66,66,66,66,66,66,66,66,66,66,66,66,73,73,73,73,73,73,73,78],"card_choices":[{"not_picked":["Slice","Dodge and Roll"],"picked":"PiercingWail","floor":1},{"not_picked":["Deadly Poison","Blade Dance"],"picked":"Skewer","floor":2},{"not_picked":["Footwork","Blade Dance"],"picked":"Dash","floor":5},{"not_picked":["Flying Knee","Outmaneuver"],"picked":"Quick Slash","floor":7},{"not_picked":["Accuracy","Dodge and Roll"],"picked":"Terror","floor":8},{"not_picked":["Choke","Eviscerate","Sucker Punch"],"picked":"SKIP","floor":11},{"not_picked":["Noxious Fumes","Dodge and Roll"],"picked":"Endless Agony","floor":12},{"not_picked":["Dodge and Roll","Bane"],"picked":"Cloak And Dagger","floor":13},{"not_picked":["Corpse Explosion","Doppelganger"],"picked":"Die Die Die","floor":16},{"not_picked":["Acrobatics","Dagger Spray"],"picked":"Backflip","floor":18},{"not_picked":["Leg Sweep","Heel Hook"],"picked":"Backstab","floor":21},{"not_picked":["Acrobatics","Sucker Punch"],"picked":"Finisher+1","floor":22},{"not_picked":["Backstab","Finisher"],"picked":"Prepared","floor":27},{"not_picked":["Calculated Gamble","PiercingWail"],"picked":"Corpse Explosion","floor":28},{"not_picked":["Dodge and Roll","Dagger Throw"],"picked":"Deflect","floor":30},{"not_picked":["Expertise","Poisoned Stab"],"picked":"Backstab","floor":31}],"player_experience":1613191,"relics_obtained":[{"floor":7,"key":"Dream Catcher"},{"floor":9,"key":"Bronze Scales"},{"floor":26,"key":"Strawberry"}],"event_choices":[{"damage_healed":0,"gold_gain":0,"cards_transformed":["Defend_G"],"player_choice":"Transformed","damage_taken":0,"max_hp_gain":0,"max_hp_loss":0,"event_name":"Transmorgrifier","floor":3,"gold_loss":0,"cards_obtained":["Slice"]},{"damage_healed":0,"gold_gain":0,"player_choice":"Ignored","damage_taken":0,"max_hp_gain":0,"max_hp_loss":0,"event_name":"Liars Game","floor":14,"gold_loss":0},{"damage_healed":0,"gold_gain":0,"player_choice":"Obtained Relic","damage_taken":0,"relics_obtained":["Vajra"],"max_hp_gain":0,"max_hp_loss":0,"event_name":"Addict","floor":19,"gold_loss":85},{"damage_healed":0,"gold_gain":0,"player_choice":"2 cards matched","damage_taken":0,"max_hp_gain":0,"max_hp_loss":0,"event_name":"Match and Keep!","floor":24,"gold_loss":0,"cards_obtained":["Normality","Tools of the Trade"]},{"damage_healed":0,"gold_gain":0,"player_choice":"2 cards matched","damage_taken":0,"max_hp_gain":0,"max_hp_loss":0,"event_name":"Match and Keep!","floor":24,"gold_loss":0,"cards_obtained":["Normality","Tools of the Trade"]},{"damage_healed":0,"gold_gain":0,"player_choice":"2 cards matched","damage_taken":0,"max_hp_gain":0,"max_hp_loss":0,"event_name":"Match and Keep!","floor":24,"gold_loss":0,"cards_obtained":["Normality","Tools of the Trade"]},{"damage_healed":15,"gold_gain":0,"player_choice":"Heal","damage_taken":0,"max_hp_gain":0,"max_hp_loss":0,"event_name":"The Library","floor":29,"gold_loss":0}],"is_beta":false,"boss_relics":[{"not_picked":["Calling Bell","Lizard Tail"],"picked":"Coffee Dripper"}],"items_purged_floors":[],"is_endless":false,"potions_floor_spawned":[5,7,13,18,22,27],"killed_by":"Champ","ascension_level":20}