{"gold_per_floor":[114,129,54,68,68,68,96,108,108,108],"floor_reached":10,"playtime":238,"items_purged":[],"score":136,"play_id":"5d33ae4b-9a29-490d-9d0d-c5ec28e22052","local_time":"20190929155801","is_ascension_mode":true,"campfire_choices":[{"data":"Inflame","floor":6,"key":"SMITH"}],"neow_cost":"NONE","seed_source_timestamp":1093645241700999,"circlet_count":0,"master_deck":["AscendersBane","Strike_R","Strike_R","Strike_R","Strike_R","Defend_R","Defend_R","Defend_R","Defend_R","Bash","Wild Strike","Inflame+1","Metallicize","Inflame"],"relics":["Burning Blood","Dream Catcher","Eternal Feather","Dodecahedron"],"potions_floor_usage":[10],"damage_taken":[{"damage":6,"enemies":"Small Slimes","floor":1,"turns":5},{"damage":3,"enemies":"2 Louse","floor":2,"turns":3},{"damage":12,"enemies":"Jaw Worm","floor":4,"turns":2},{"damage":40,"enemies":"Lagavulin","floor":7,"turns":6},{"damage":13,"enemies":"Looter","floor":8,"turns":4},{"damage":27,"enemies":"The Mushroom Lair","floor":10,"turns":4}],"seed_played":"8641090524798391132","potions_obtained":[{"floor":4,"key":"Dexterity Potion"},{"floor":8,"key":"AttackPotion"}],"is_trial":false,"path_per_floor":["M","M","?","M","?","R","E","M","T","?"],"character_chosen":"IRONCLAD","items_purchased":[],"campfire_rested":0,"item_purchase_floors":[],"current_hp_per_floor":[68,71,71,65,65,65,31,24,24,0],"gold":108,"neow_bonus":"RANDOM_COMMON_RELIC","is_prod":false,"is_daily":false,"chose_seed":false,"campfire_upgraded":1,"win_rate":0,"timestamp":1569797881,"path_taken":["M","M","?","M","?","R","E","M","T","?"],"build_version":"2019-09-27","purchased_purges":0,"victory":false,"max_hp_per_floor":[75,75,75,75,75,75,75,75,75,75],"card_choices":[{"not_picked":["Fire Breathing","Clash"],"picked":"Wild Strike","floor":1},{"not_picked":["Bloodletting","Whirlwind","Infernal Blade"],"picked":"SKIP","floor":2},{"not_picked":["Searing Blow","Cleave"],"picked":"Inflame","floor":4},{"not_picked":["Ghostly Armor","Cleave"],"picked":"Metallicize","floor":7},{"not_picked":["Flex","Wild Strike"],"picked":"Inflame","floor":8}],"player_experience":1123164,"relics_obtained":[{"floor":7,"key":"Eternal Feather"},{"floor":9,"key":"Dodecahedron"}],"event_choices":[{"cards_removed":["Strike_R"],"damage_healed":0,"gold_gain":0,"player_choice":"Card Removal","damage_taken":0,"max_hp_gain":0,"max_hp_loss":0,"event_name":"The Cleric","floor":3,"gold_loss":75},{"damage_healed":0,"gold_gain":0,"player_choice":"Ignored","damage_taken":0,"max_hp_gain":0,"max_hp_loss":0,"event_name":"Liars Game","floor":5,"gold_loss":0},{"damage_healed":0,"gold_gain":0,"player_choice":"Fought Mushrooms","damage_taken":0,"max_hp_gain":0,"max_hp_loss":0,"event_name":"Mushrooms","floor":10,"gold_loss":0}],"is_beta":true,"boss_relics":[],"items_purged_floors":[],"is_endless":false,"potions_floor_spawned":[4,8],"killed_by":"The Mushroom Lair","ascension_level":20}