{"gold_per_floor":[115,115,134,149,167,167,186,186,186,213,213,247,247,262,262,339,339,357,357,376,392,5,38,38,38,65,65,65,265,298,298],"floor_reached":31,"playtime":2324,"items_purged":["Strike_R+1"],"score":566,"play_id":"84592279-2662-48b0-9773-613fe94c5d1a","local_time":"20190916184101","is_ascension_mode":true,"campfire_choices":[{"data":"Carnage","floor":6,"key":"SMITH"},{"data":"Armaments","floor":8,"key":"SMITH"},{"data":"Limit Break","floor":13,"key":"SMITH"},{"data":"Sword Boomerang","floor":15,"key":"SMITH"},{"floor":24,"key":"REST"},{"floor":27,"key":"REST"}],"neow_cost":"TEN_PERCENT_HP_LOSS","seed_source_timestamp":238870123528900,"circlet_count":0,"master_deck":["AscendersBane","Strike_R+1","Defend_R","Defend_R","Defend_R","Bash+1","Clothesline","Sword Boomerang+1","Armaments+1","Carnage+1","Spot Weakness","Limit Break+1","Cleave","Impervious","Shrug It Off","Dual Wield","Clash","Shrug It Off","Exhume","Dark Shackles","Shrug It Off","Fiend Fire"],"relics":["Burning Blood","Pantograph","Whetstone","Du-Vu Doll","Fusion Hammer","Vajra","Juzu Bracelet","Bottled Flame"],"potions_floor_usage":[10,12,23,23,30,30],"damage_taken":[{"damage":9,"enemies":"Jaw Worm","floor":1,"turns":4},{"damage":1,"enemies":"Cultist","floor":3,"turns":4},{"damage":10,"enemies":"2 Louse","floor":4,"turns":3},{"damage":5,"enemies":"Blue Slaver","floor":5,"turns":5},{"damage":10,"enemies":"Large Slime","floor":7,"turns":4},{"damage":41,"enemies":"3 Sentries","floor":10,"turns":6},{"damage":25,"enemies":"Lagavulin","floor":12,"turns":6},{"damage":13,"enemies":"Lots of Slimes","floor":14,"turns":3},{"damage":29,"enemies":"The Guardian","floor":16,"turns":9},{"damage":6,"enemies":"2 Thieves","floor":18,"turns":4},{"damage":9,"enemies":"Shell Parasite","floor":20,"turns":4},{"damage":7,"enemies":"Centurion and Healer","floor":21,"turns":6},{"damage":41,"enemies":"Slavers","floor":23,"turns":7},{"damage":32,"enemies":"Gremlin Leader","floor":30,"turns":5},{"damage":31,"enemies":"Chosen and Byrds","floor":31,"turns":5}],"seed_played":"1891269870690350979","potions_obtained":[{"floor":5,"key":"Regen Potion"},{"floor":7,"key":"SkillPotion"},{"floor":10,"key":"Energy Potion"},{"floor":14,"key":"FearPotion"},{"floor":23,"key":"FearPotion"},{"floor":25,"key":"Fire Potion"}],"is_trial":false,"path_per_floor":["M","?","M","M","M","R","M","R","T","E","?","E","R","M","R","B",null,"M","?","M","M","$","E","R","?","T","R","?","?","E","M"],"character_chosen":"IRONCLAD","items_purchased":["Exhume","Dark Shackles","Shrug It Off"],"campfire_rested":2,"item_purchase_floors":[22,22,22],"current_hp_per_floor":[65,65,68,64,65,65,61,61,61,26,26,22,22,15,15,17,55,55,55,52,51,51,16,36,36,36,56,50,50,24,0],"gold":298,"neow_bonus":"REMOVE_TWO","is_prod":false,"is_daily":false,"chose_seed":false,"campfire_upgraded":4,"win_rate":0,"timestamp":1568626861,"path_taken":["M","?","M","?","M","R","M","R","T","E","?","E","R","M","R","BOSS","M","?","M","M","$","E","R","?","T","R","?","?","E","M"],"build_version":"2019-09-12","purchased_purges":1,"victory":false,"max_hp_per_floor":[68,68,68,68,68,68,68,68,68,68,68,68,68,68,68,68,68,68,68,68,68,68,68,68,68,68,68,68,68,68,68],"card_choices":[{"not_picked":["Clash","Sword Boomerang"],"picked":"Clothesline","floor":1},{"not_picked":["Entrench","Heavy Blade"],"picked":"Sword Boomerang","floor":3},{"not_picked":["Cleave","Shrug It Off"],"picked":"Armaments","floor":4},{"not_picked":["Exhume","Thunderclap"],"picked":"Carnage","floor":5},{"not_picked":["True Grit","Clash"],"picked":"Spot Weakness","floor":7},{"not_picked":["Clash","Blood for Blood"],"picked":"Limit Break","floor":10},{"not_picked":["Wild Strike","Clash"],"picked":"Cleave","floor":12},{"not_picked":["Flex","Anger","Bloodletting"],"picked":"SKIP","floor":14},{"not_picked":["Offering","Bludgeon"],"picked":"Impervious","floor":16},{"not_picked":["Cleave","Perfected Strike"],"picked":"Shrug It Off","floor":18},{"not_picked":["Cleave","Warcry","Searing Blow"],"picked":"SKIP","floor":20},{"not_picked":["Fire Breathing","Armaments"],"picked":"Shrug It Off","floor":21},{"not_picked":["Body Slam","Dual Wield","Bloodletting"],"picked":"SKIP","floor":23},{"not_picked":["Warcry","Intimidate"],"picked":"Fiend Fire","floor":30}],"player_experience":751904,"relics_obtained":[{"floor":9,"key":"Pantograph"},{"floor":10,"key":"Whetstone"},{"floor":12,"key":"Du-Vu Doll"},{"floor":23,"key":"Vajra"},{"floor":26,"key":"Juzu Bracelet"},{"floor":30,"key":"Bottled Flame"}],"event_choices":[{"damage_healed":0,"gold_gain":0,"player_choice":"Upgraded","damage_taken":0,"max_hp_gain":0,"max_hp_loss":0,"event_name":"Upgrade Shrine","floor":2,"gold_loss":0,"cards_upgraded":["Bash"]},{"damage_healed":0,"gold_gain":0,"player_choice":"Fled","damage_taken":0,"max_hp_gain":0,"max_hp_loss":0,"event_name":"Scrap Ooze","floor":11,"gold_loss":0},{"damage_healed":0,"gold_gain":0,"cards_transformed":["Strike_R","Strike_R"],"player_choice":"Became Test Subject","damage_taken":0,"max_hp_gain":0,"max_hp_loss":0,"event_name":"Drug Dealer","floor":19,"gold_loss":0,"cards_obtained":["Dual Wield","Clash"]},{"damage_healed":0,"gold_gain":0,"player_choice":"Got Potions","damage_taken":0,"max_hp_gain":0,"max_hp_loss":0,"event_name":"Lab","floor":25,"gold_loss":0},{"damage_healed":0,"gold_gain":0,"player_choice":"","damage_taken":6,"max_hp_gain":0,"max_hp_loss":0,"event_name":"Knowing Skull","floor":28,"potions_obtained":[],"gold_loss":0,"cards_obtained":[]},{"damage_healed":0,"gold_gain":250,"player_choice":"Bet on Owner","damage_taken":0,"max_hp_gain":0,"max_hp_loss":0,"event_name":"The Joust","floor":29,"gold_loss":50}],"is_beta":true,"boss_relics":[{"not_picked":["Runic Dome","Empty Cage"],"picked":"Fusion Hammer"}],"items_purged_floors":[22],"is_endless":false,"potions_floor_spawned":[5,7,10,14,18,23],"killed_by":"Chosen and Byrds","ascension_level":20}