{"gold_per_floor":[115,135,135,145,420,454,227,239,266,281,281,312,487,127,127,222,222,232,232,248,173,173,208,208,208,208,208,221,232,107,126,126,229,229,246,91,102,102,202,202],"floor_reached":40,"playtime":2976,"items_purged":["Regret","Doubt","Injury"],"score":439,"play_id":"2656f29d-4b31-4972-a871-40facc109ff3","local_time":"20190916014300","is_ascension_mode":false,"campfire_choices":[{"floor":15,"key":"REST"},{"floor":24,"key":"REST"},{"data":"Devotion","floor":27,"key":"SMITH"},{"data":"Devotion","floor":32,"key":"SMITH"}],"neow_cost":"NONE","seed_source_timestamp":185965646321100,"circlet_count":0,"master_deck":["Strike_P","Strike_P","Strike_P","Defend_P","Defend_P","Defend_P","Defend_P","Eruption+1","Vigilance","Worship+1","JustLucky","Devotion+1","Protect","Devotion+1","Worship","ClearTheMind","FlurryOfBlows","SandsOfTime","Judgement","FlyingSleeves+1","Crescendo+1","Prostrate","EmptyMind","Metaphysics","StepAndStrike+1","Prostrate","Madness","Madness","Prostrate+1"],"relics":["HolyWater","Regal Pillow","Oddly Smooth Stone","Vajra","Molten Egg 2","Cursed Key","MealTicket","Omamori","Art of War","Ice Cream"],"potions_floor_usage":[6,12,12,16,23,33,33,33,39,40,40],"damage_taken":[{"damage":0,"enemies":"Small Slimes","floor":1,"turns":4},{"damage":0,"enemies":"2 Louse","floor":2,"turns":1},{"damage":0,"enemies":"Cultist","floor":4,"turns":4},{"damage":8,"enemies":"Lagavulin","floor":6,"turns":5},{"damage":16,"enemies":"Exordium Thugs","floor":8,"turns":6},{"damage":1,"enemies":"2 Fungi Beasts","floor":10,"turns":4},{"damage":9,"enemies":"3 Sentries","floor":12,"turns":7},{"damage":34,"enemies":"Hexaghost","floor":16,"turns":5},{"damage":0,"enemies":"Spheric Guardian","floor":18,"turns":3},{"damage":3,"enemies":"3 Byrds","floor":20,"turns":4},{"damage":46,"enemies":"Slavers","floor":23,"turns":5},{"damage":0,"enemies":"Snake Plant","floor":28,"turns":2},{"damage":0,"enemies":"Sentry and Sphere","floor":29,"turns":3},{"damage":4,"enemies":"Cultist and Chosen","floor":31,"turns":3},{"damage":16,"enemies":"Automaton","floor":33,"turns":6},{"damage":32,"enemies":"3 Darklings","floor":35,"turns":5},{"damage":13,"enemies":"Orb Walker","floor":37,"turns":3},{"damage":7,"enemies":"Mind Bloom Boss Battle","floor":39,"turns":6},{"damage":23,"enemies":"Nemesis","floor":40,"turns":3}],"seed_played":"-955464108358026863","potions_obtained":[{"floor":4,"key":"FearPotion"},{"floor":6,"key":"SteroidPotion"},{"floor":10,"key":"AttackPotion"},{"floor":12,"key":"DuplicationPotion"},{"floor":16,"key":"DuplicationPotion"},{"floor":20,"key":"DuplicationPotion"},{"floor":29,"key":"GamblersBrew"},{"floor":31,"key":"Swift Potion"},{"floor":33,"key":"Ancient Potion"},{"floor":35,"key":"Weak Potion"},{"floor":37,"key":"Block Potion"}],"is_trial":false,"path_per_floor":["M","M","?","M","?","E","$","M","T","M","$","E","?","$","R","B",null,"M","$","M","?","?","E","R","?","T","R","M","M","$","M","R","B",null,"M","$","M","?","?","E"],"character_chosen":"WATCHER","items_purchased":["Devotion","Worship","Molten Egg 2","Art of War"],"campfire_rested":2,"item_purchase_floors":[7,7,14,36],"current_hp_per_floor":[65,65,65,65,65,57,57,41,41,40,40,31,31,31,65,31,65,65,65,62,62,62,16,50,50,50,50,50,50,65,61,61,45,65,33,48,35,27,20,0],"gold":202,"neow_bonus":"UPGRADE_CARD","is_prod":false,"is_daily":false,"chose_seed":false,"campfire_upgraded":2,"win_rate":0,"timestamp":1568623380,"path_taken":["M","M","?","M","?","E","$","M","T","?","?","E","?","$","R","BOSS","M","$","M","?","?","E","R","?","T","R","M","M","$","M","R","BOSS","M","$","M","?","?","E"],"build_version":"2019-09-12","purchased_purges":3,"victory":false,"max_hp_per_floor":[65,65,65,65,65,65,65,65,65,65,65,65,65,65,65,65,65,65,65,65,65,65,65,65,65,65,65,65,65,65,65,65,65,65,65,65,65,65,65,65],"card_choices":[{"not_picked":["Halt","Weave"],"picked":"Worship","floor":1},{"not_picked":["WreathOfFlame","SpiritShield"],"picked":"JustLucky","floor":2},{"not_picked":["WindmillStrike","Vengeance"],"picked":"Devotion","floor":4},{"not_picked":["Blasphemy","StepAndStrike"],"picked":"Protect","floor":6},{"not_picked":["EmptyBody","CrushJoints"],"picked":"ClearTheMind","floor":8},{"not_picked":["Establishment","MentalFortress"],"picked":"FlurryOfBlows","floor":10},{"not_picked":["FollowUp","WaveOfTheHand"],"picked":"SandsOfTime","floor":12},{"not_picked":["Vault+1","Metaphysics"],"picked":"Judgement","floor":16},{"not_picked":["ForeignInfluence+1","Weave+1","FlyingSleeves+1"],"picked":"SKIP","floor":18},{"not_picked":["ForeignInfluence+1","Weave+1"],"picked":"FlyingSleeves+1","floor":18},{"not_picked":["FlyingSleeves+1","Meditate"],"picked":"Crescendo+1","floor":20},{"not_picked":["Brilliance","Crescendo"],"picked":"Prostrate","floor":23},{"not_picked":["WindmillStrike+1","Weave+1","Swivel+1"],"picked":"SKIP","floor":28},{"not_picked":["Meditate","Crescendo"],"picked":"EmptyMind","floor":29},{"not_picked":["ThirdEye","Wireheading","Tantrum+1"],"picked":"SKIP","floor":31},{"not_picked":["Vault+1","Ragnarok+1"],"picked":"Metaphysics","floor":33},{"not_picked":["CleanseEvil","Perseverance+1"],"picked":"StepAndStrike+1","floor":35},{"not_picked":["ClearTheMind","Consecrate+1"],"picked":"Prostrate","floor":37},{"not_picked":["FollowUp+1","Conclude+1"],"picked":"Prostrate+1","floor":39}],"player_experience":708459,"relics_obtained":[{"floor":6,"key":"Regal Pillow"},{"floor":9,"key":"Oddly Smooth Stone"},{"floor":12,"key":"Vajra"},{"floor":23,"key":"MealTicket"},{"floor":26,"key":"Omamori"},{"floor":39,"key":"Ice Cream"}],"event_choices":[{"damage_healed":0,"gold_gain":0,"player_choice":"Grow","damage_taken":0,"max_hp_gain":0,"max_hp_loss":0,"event_name":"Living Wall","floor":3,"gold_loss":0,"cards_upgraded":["Worship"]},{"damage_healed":0,"gold_gain":275,"player_choice":"Desecrate","damage_taken":0,"max_hp_gain":0,"max_hp_loss":0,"event_name":"Golden Shrine","floor":5,"gold_loss":0,"cards_obtained":["Regret"]},{"damage_healed":0,"gold_gain":175,"player_choice":"AGREE","damage_taken":0,"max_hp_gain":0,"max_hp_loss":0,"event_name":"Liars Game","floor":13,"gold_loss":0,"cards_obtained":["Doubt"]},{"cards_removed":["Strike_P"],"damage_healed":0,"gold_gain":0,"player_choice":"Gave Gold","damage_taken":0,"max_hp_gain":0,"max_hp_loss":0,"event_name":"Beggar","floor":21,"gold_loss":75},{"damage_healed":0,"gold_gain":0,"player_choice":"Ignored","damage_taken":0,"max_hp_gain":0,"max_hp_loss":0,"event_name":"Ghosts","floor":22,"gold_loss":0},{"damage_healed":0,"gold_gain":0,"player_choice":"Ignored","damage_taken":0,"max_hp_gain":0,"max_hp_loss":0,"event_name":"Vampires","floor":25,"gold_loss":0},{"damage_healed":0,"gold_gain":0,"player_choice":"Embrace Madness","damage_taken":8,"max_hp_gain":0,"max_hp_loss":0,"event_name":"Winding Halls","floor":38,"gold_loss":0,"cards_obtained":["Madness","Madness"]},{"damage_healed":0,"gold_gain":0,"player_choice":"Fight","damage_taken":0,"max_hp_gain":0,"max_hp_loss":0,"event_name":"MindBloom","floor":39,"gold_loss":0}],"is_beta":true,"boss_relics":[{"not_picked":["Runic Dome","Astrolabe"],"picked":"Cursed Key"},{"not_picked":["Runic Pyramid","Fusion Hammer"],"picked":"HolyWater"}],"items_purged_floors":[7,14,30],"is_endless":false,"potions_floor_spawned":[4,6,10,12,16,20,29,31,33,35,37],"killed_by":"Nemesis","ascension_level":0}