{"gold_per_floor":[113,113,138,159,218,251,251,286,309,65,65,89,120,120,120,215,215,236,236,28,42,42,58,96,120,145,145],"floor_reached":27,"playtime":1426,"items_purged":["Strike_R"],"score":538,"play_id":"f1e04484-6b1c-4b02-ab09-50e85c31de4f","local_time":"20190902093329","is_ascension_mode":true,"campfire_choices":[{"floor":7,"key":"REST"},{"floor":15,"key":"REST"}],"neow_cost":"NONE","seed_source_timestamp":326260876692800,"circlet_count":0,"master_deck":["AscendersBane","Strike_R","Strike_R","Strike_R","Strike_R","Defend_R","Defend_R","Defend_R","Defend_R","Bash+1","Battle Trance","Headbutt","Dropkick","Anger","Evolve","Flame Barrier+1","Immolate","Necronomicurse","Disarm","Shrug It Off"],"relics":["Burning Blood","Golden Idol","Lantern","PreservedInsect","Blood Vial","Pen Nib","Matryoshka","Snecko Eye","Necronomicon","Vajra","Ancient Tea Set","Shuriken","Happy Flower"],"potions_floor_usage":[6,6,18,25,25],"damage_taken":[{"damage":18,"enemies":"Small Slimes","floor":1,"turns":4},{"damage":6,"enemies":"2 Louse","floor":3,"turns":4},{"damage":16,"enemies":"Jaw Worm","floor":4,"turns":5},{"damage":15,"enemies":"Lagavulin","floor":6,"turns":7},{"damage":8,"enemies":"Gremlin Nob","floor":8,"turns":3},{"damage":7,"enemies":"Looter","floor":12,"turns":3},{"damage":20,"enemies":"Lagavulin","floor":13,"turns":6},{"damage":20,"enemies":"Hexaghost","floor":16,"turns":8},{"damage":11,"enemies":"Chosen","floor":18,"turns":5},{"damage":0,"enemies":"3 Byrds","floor":21,"turns":4},{"damage":30,"enemies":"Cultist and Chosen","floor":23,"turns":5},{"damage":0,"enemies":"Slavers","floor":24,"turns":1},{"damage":23,"enemies":"Centurion and Healer","floor":25,"turns":3},{"damage":39,"enemies":"Shelled Parasite and Fungi","floor":27,"turns":4}],"seed_played":"-1361872453474735332","potions_obtained":[{"floor":3,"key":"AttackPotion"},{"floor":4,"key":"SpeedPotion"},{"floor":8,"key":"BloodPotion"},{"floor":13,"key":"Energy Potion"},{"floor":22,"key":"SneckoOil"}],"is_trial":false,"path_per_floor":["M","?","M","M","?","E","R","E","T","$","?","M","E","?","R","B",null,"M","?","$","M","?","M","E","M","T","M"],"character_chosen":"IRONCLAD","items_purchased":["Pen Nib","Disarm","Vajra"],"campfire_rested":2,"item_purchase_floors":[10,20,20],"current_hp_per_floor":[56,30,30,20,20,11,33,31,31,31,20,21,9,9,31,19,61,58,37,37,45,45,23,31,34,34,0],"gold":145,"neow_bonus":"UPGRADE_CARD","is_prod":false,"is_daily":false,"chose_seed":false,"campfire_upgraded":0,"win_rate":0,"timestamp":1567384409,"path_taken":["M","?","M","M","?","E","R","E","T","$","?","?","E","?","R","BOSS","M","?","$","M","?","?","E","M","T","M"],"build_version":"2019-07-17","purchased_purges":1,"victory":false,"max_hp_per_floor":[75,75,75,75,75,75,75,75,75,75,75,75,75,75,75,75,75,75,75,75,75,75,75,75,75,75,75],"card_choices":[{"not_picked":["Body Slam","Warcry"],"picked":"Battle Trance","floor":1},{"not_picked":["Twin Strike","Body Slam"],"picked":"Headbutt","floor":3},{"not_picked":["Flex","Heavy Blade"],"picked":"Dropkick","floor":4},{"not_picked":["Burning Pact","Headbutt"],"picked":"Anger","floor":6},{"not_picked":["Intimidate","Combust"],"picked":"Evolve","floor":8},{"not_picked":["Clash","Anger","Hemokinesis"],"picked":"SKIP","floor":12},{"not_picked":["Pommel Strike","Dark Embrace"],"picked":"Flame Barrier","floor":13},{"not_picked":["Fiend Fire","Offering"],"picked":"Immolate","floor":16},{"not_picked":["Havoc","Warcry+1","Heavy Blade"],"picked":"SKIP","floor":18},{"not_picked":["Dual Wield","Warcry","Thunderclap"],"picked":"SKIP","floor":21},{"not_picked":["Anger","Flex","Warcry"],"picked":"SKIP","floor":23},{"not_picked":["Infernal Blade","Iron Wave","Body Slam"],"picked":"SKIP","floor":24},{"not_picked":["Fire Breathing","Armaments"],"picked":"Shrug It Off","floor":25}],"player_experience":568554,"relics_obtained":[{"floor":6,"key":"Lantern"},{"floor":8,"key":"PreservedInsect"},{"floor":9,"key":"Blood Vial"},{"floor":13,"key":"Matryoshka"},{"floor":19,"key":"Necronomicon"},{"floor":24,"key":"Ancient Tea Set"},{"floor":26,"key":"Shuriken"},{"floor":26,"key":"Happy Flower"}],"event_choices":[{"damage_healed":0,"gold_gain":0,"player_choice":"Take Damage","damage_taken":26,"relics_obtained":["Golden Idol"],"max_hp_gain":0,"max_hp_loss":0,"event_name":"Golden Idol","floor":2,"gold_loss":0},{"damage_healed":0,"gold_gain":59,"player_choice":"Gained Gold","damage_taken":0,"max_hp_gain":0,"max_hp_loss":0,"event_name":"Golden Wing","floor":5,"gold_loss":0},{"damage_healed":0,"gold_gain":0,"player_choice":"Fled","damage_taken":11,"max_hp_gain":0,"max_hp_loss":0,"event_name":"Scrap Ooze","floor":11,"gold_loss":0},{"damage_healed":0,"gold_gain":0,"player_choice":"Grow","damage_taken":0,"max_hp_gain":0,"max_hp_loss":0,"event_name":"Living Wall","floor":14,"gold_loss":0,"cards_upgraded":["Flame Barrier"]},{"damage_healed":0,"gold_gain":0,"player_choice":"Obtained Book","damage_taken":21,"max_hp_gain":0,"max_hp_loss":0,"event_name":"Cursed Tome","floor":19,"gold_loss":0},{"damage_healed":0,"gold_gain":0,"player_choice":"Got Potions","damage_taken":0,"max_hp_gain":0,"max_hp_loss":0,"event_name":"Lab","floor":22,"gold_loss":0}],"is_beta":false,"boss_relics":[{"not_picked":["Calling Bell","Empty Cage"],"picked":"Snecko Eye"}],"items_purged_floors":[10],"is_endless":false,"potions_floor_spawned":[3,4,8,13,16,23,24],"killed_by":"Shelled Parasite and Fungi","ascension_level":19}