{"path_per_floor":["M","?","$","M","?","R","T","?","T","R","M","$","?","M","R","B",null,"M","?","$","M","$","R","?","E","T","?","M","M","R","M","R"],"character_chosen":"THE_SILENT","items_purchased":["Shuriken","Inflame","Endless Agony","Swift Strike","Toxic Egg 2"],"gold_per_floor":[144,319,69,114,114,114,114,64,89,89,134,134,134,179,179,479,479,524,524,259,304,54,54,54,144,144,59,104,149,149,194,194,194],"floor_reached":33,"campfire_rested":6,"playtime":1247,"current_hp_per_floor":[58,58,58,53,53,70,70,70,70,70,70,70,52,44,65,12,70,67,67,67,62,62,70,57,36,36,36,22,7,29,13,35,0],"items_purged":[],"gold":194,"score":253,"play_id":"7161e037-1851-4a2d-81bc-325a3e1648f9","local_time":"20180425203138","daily_mods":["Diverse","Midas","Binary"],"is_prod":false,"is_daily":true,"chose_seed":false,"is_ascension_mode":false,"campfire_upgraded":0,"timestamp":1524713498,"path_taken":["M","?","$","M","?","R","?","?","T","R","M","$","?","M","R","BOSS","M","?","$","M","$","R","?","E","T","?","M","M","R","M","R","BOSS"],"build_version":"2018-04-19","seed_source_timestamp":0,"purchased_purges":0,"victory":false,"master_deck":["Defend_G","Defend_G","Defend_G","Defend_G","Defend_G","Strike_G","Strike_G","Strike_G","Strike_G","Survivor","Neutralize","Rampage","Quick Slash","Infinite Blades","Reckless Charge","Double Tap","Inflame","Endless Agony","Swift Strike","Flex+1","Impervious+1","Headbutt","PiercingWail+1"],"max_hp_per_floor":[70,70,70,70,70,70,70,70,70,70,70,70,70,70,70,70,70,70,70,70,70,70,70,75,75,75,75,75,75,75,75,75,75],"relics":["Ring of the Snake","Shuriken","Tingsha","Lantern","Smiling Mask","Sozu","Toxic Egg 2","Omamori","Happy Flower","Prayer Wheel"],"card_choices":[{"not_picked":["Perfected Strike"],"picked":"Rampage","floor":1},{"not_picked":["Blood for Blood"],"picked":"Quick Slash","floor":4},{"not_picked":["Dodge and Roll"],"picked":"Infinite Blades","floor":11},{"not_picked":["Accuracy"],"picked":"Reckless Charge","floor":14},{"not_picked":["A Thousand Cuts"],"picked":"Double Tap","floor":16},{"not_picked":["Acrobatics"],"picked":"Flex","floor":21},{"not_picked":["Sword Boomerang"],"picked":"Impervious","floor":28},{"not_picked":["Carnage"],"picked":"Headbutt","floor":29},{"not_picked":["Riddle With Holes"],"picked":"PiercingWail","floor":31}],"player_experience":467818,"potions_floor_usage":[16,18],"damage_taken":[{"damage":12,"enemies":"Jaw Worm","floor":1,"turns":5},{"damage":5,"enemies":"Small Slimes","floor":4,"turns":4},{"damage":0,"enemies":"2 Louse","floor":11,"turns":2},{"damage":8,"enemies":"Blue Slaver","floor":14,"turns":3},{"damage":53,"enemies":"The Guardian","floor":16,"turns":10},{"damage":3,"enemies":"3 Byrds","floor":18,"turns":4},{"damage":5,"enemies":"Chosen","floor":21,"turns":3},{"damage":21,"enemies":"Gremlin Leader","floor":25,"turns":7},{"damage":14,"enemies":"Sentry and Sphere","floor":28,"turns":4},{"damage":15,"enemies":"Slaver and Parasite","floor":29,"turns":5},{"damage":16,"enemies":"Snake Plant","floor":31,"turns":2},{"damage":40,"enemies":"Automaton","floor":33,"turns":5}],"event_choices":[{"event_name":"Liars Game","player_choice":"agreed","floor":2,"damage_taken":0},{"event_name":"Living Wall","player_choice":"Forget","floor":5,"damage_taken":0},{"event_name":"The Cleric","player_choice":"Card Removal","floor":8,"damage_taken":0},{"event_name":"Scrap Ooze","player_choice":"success","floor":13,"damage_taken":18},{"event_name":"Drug Dealer","player_choice":"Ignored","floor":19,"damage_taken":0},{"event_name":"Forgotten Altar","player_choice":"Shed Blood","floor":24,"damage_taken":0},{"event_name":"Addict","player_choice":"Obtained Relic","floor":27,"damage_taken":0}],"boss_relics":[{"not_picked":["Snecko Eye","White Beast Statue"],"picked":"Sozu"}],"potions_floor_spawned":[4,11,21,28,29],"seed_played":"-4689612834515747258","killed_by":"Automaton","ascension_level":0,"is_trial":false}