{"gold_per_floor":[117,117,127,141,141,141,170,182,256,275,289,304,322,353,353,457,457,467,487,61,80,90,119,119,119,145,163,163,177,211,221,221,324,324,341,352,352,368,368],"floor_reached":39,"playtime":2976,"items_purged":["Defend_B"],"score":491,"play_id":"ba695c9d-82a7-4535-b9a4-6f70dff3f9e2","local_time":"20190315152644","is_ascension_mode":false,"campfire_choices":[{"data":"Zap","floor":6.0,"key":"SMITH"},{"floor":15.0,"key":"REST"},{"floor":24.0,"key":"REST"},{"floor":28.0,"key":"REST"},{"floor":32,"key":"REST"}],"neow_cost":"NONE","seed_source_timestamp":0,"circlet_count":0,"master_deck":["Strike_B","Strike_B","Strike_B","Defend_B","Defend_B","Defend_B","Zap+1","Dualcast","Conserve Battery","Conserve Battery","Go for the Eyes","Steam Power","Auto Shields","Darkness","Skim","Static Discharge","Buffer","FTL","Rainbow","Hologram","Electrodynamics","Genetic Algorithm","Loop","Turbo","Chill","Sweeping Beam+1","Defragment","Reboot","Go for the Eyes+1","Self Repair","Aggregate+1","Tempest+1","Multi-Cast","Regret","Doubt","Normality","Capacitor+1"],"special_seed":0,"relics":["Cracked Core","Centennial Puzzle","Torii","Pantograph","Vajra","Orrery","Bronze Scales","Toy Ornithopter","Art of War","Anchor","Lantern","Calling Bell","Omamori","Shuriken","StoneCalendar","Matryoshka"],"potions_floor_usage":[30],"damage_taken":[{"damage":1.0,"enemies":"Jaw Worm","floor":1.0,"turns":3.0},{"damage":2.0,"enemies":"Cultist","floor":3.0,"turns":4.0},{"damage":0.0,"enemies":"Small Slimes","floor":4.0,"turns":3.0},{"damage":22.0,"enemies":"Gremlin Nob","floor":7.0,"turns":4.0},{"damage":2.0,"enemies":"Gremlin Gang","floor":8.0,"turns":3.0},{"damage":0.0,"enemies":"Looter","floor":10.0,"turns":3.0},{"damage":7.0,"enemies":"Blue Slaver","floor":11.0,"turns":4.0},{"damage":0.0,"enemies":"Red Slaver","floor":12.0,"turns":4.0},{"damage":4.0,"enemies":"Lots of Slimes","floor":13.0,"turns":5.0},{"damage":0.0,"enemies":"Lagavulin","floor":14.0,"turns":6.0},{"damage":27.0,"enemies":"Hexaghost","floor":16.0,"turns":9.0},{"damage":2.0,"enemies":"Chosen","floor":18.0,"turns":4.0},{"damage":18.0,"enemies":"Spheric Guardian","floor":19.0,"turns":5.0},{"damage":10.0,"enemies":"Shelled Parasite and Fungi","floor":21.0,"turns":4.0},{"damage":8.0,"enemies":"Centurion and Healer","floor":22.0,"turns":7.0},{"damage":27.0,"enemies":"Book of Stabbing","floor":23.0,"turns":6.0},{"damage":14.0,"enemies":"Colosseum Slavers","floor":25.0,"turns":2.0},{"damage":1.0,"enemies":"Snecko","floor":27.0,"turns":4.0},{"damage":0.0,"enemies":"Snake Plant","floor":29.0,"turns":4.0},{"damage":27,"enemies":"Slavers","floor":30,"turns":5},{"damage":0,"enemies":"Centurion and Healer","floor":31,"turns":7},{"damage":38,"enemies":"Champ","floor":33,"turns":12},{"damage":4,"enemies":"3 Darklings","floor":35,"turns":3},{"damage":13,"enemies":"Orb Walker","floor":36,"turns":4},{"damage":42,"enemies":"Transient","floor":38,"turns":5},{"damage":24,"enemies":"Maw","floor":39,"turns":6}],"seed_played":"-1917852984577606928","potions_obtained":[{"floor":1.0,"key":"SpeedPotion"},{"floor":7.0,"key":"Explosive Potion"},{"floor":10.0,"key":"Fire Potion"},{"floor":12.0,"key":"EssenceOfSteel"},{"floor":13.0,"key":"Strength Potion"},{"floor":18.0,"key":"SteroidPotion"},{"floor":22.0,"key":"PowerPotion"},{"floor":27.0,"key":"Weak Potion"},{"floor":33,"key":"Poison Potion"},{"floor":35,"key":"SteroidPotion"}],"is_trial":false,"path_per_floor":["M","?","M","M","$","R","E","M","T","M","M","M","M","E","R","B",null,"M","M","$","M","M","E","R","?","T","M","R","M","E","M","R","B",null,"M","M","?","M","M"],"character_chosen":"DEFECT","items_purchased":["Bronze Scales","Toy Ornithopter"],"campfire_rested":4,"item_purchase_floors":[20,20],"current_hp_per_floor":[74,74,72,72,72,72,50,48,48,48,41,41,37,37,59,48,75,73,55,55,50,42,25,47,33,33,32,54,54,39,46,68,44,75,71,65,65,23,0],"gold":368,"neow_bonus":"RANDOM_COMMON_RELIC","is_prod":false,"is_daily":false,"chose_seed":false,"campfire_upgraded":1,"win_rate":0,"timestamp":1552678004,"path_taken":["M","?","?","M","$","R","E","M","T","M","M","M","M","E","R","BOSS","M","M","$","?","M","E","R","?","T","M","R","M","E","M","R","BOSS","M","M","?","M","M"],"build_version":"2019-01-23","purchased_purges":1,"victory":false,"max_hp_per_floor":[75,75,75,75,75,75,75,75,75,75,75,75,75,75,75,75,75,75,75,75,75,75,75,75,75,75,75,75,75,75,75,75,75,75,75,75,75,75,75],"card_choices":[{"not_picked":["Recycle","Turbo"],"picked":"Conserve Battery","floor":1.0},{"not_picked":["Rebound","Sunder"],"picked":"Go for the Eyes","floor":3.0},{"not_picked":["Beam Cell","Hologram"],"picked":"Steam Power","floor":4.0},{"not_picked":["Stack","Redo"],"picked":"Auto Shields","floor":7.0},{"not_picked":["Double Energy","Hologram"],"picked":"Darkness","floor":8.0},{"not_picked":["Sunder","Leap","Rebound"],"picked":"SKIP","floor":10.0},{"not_picked":["Beam Cell","Recycle"],"picked":"Skim","floor":11.0},{"not_picked":["Conserve Battery","Coolheaded"],"picked":"Static Discharge","floor":12.0},{"not_picked":["Steam","Turbo"],"picked":"Buffer","floor":13.0},{"not_picked":["Conserve Battery","Melter"],"picked":"FTL","floor":14.0},{"not_picked":["Seek","Buffer"],"picked":"Rainbow","floor":16.0},{"not_picked":["Rebound","Blizzard"],"picked":"Hologram","floor":17.0},{"not_picked":["Cold Snap","Redo"],"picked":"Electrodynamics","floor":17.0},{"not_picked":["Heatsinks","Hologram"],"picked":"Genetic Algorithm","floor":17.0},{"not_picked":["Coolheaded","Streamline"],"picked":"Loop","floor":17.0},{"not_picked":["Barrage","Sweeping Beam"],"picked":"Turbo","floor":17.0},{"not_picked":["Conserve Battery","Streamline","Compile Driver"],"picked":"SKIP","floor":18.0},{"not_picked":["Heatsinks","Streamline"],"picked":"Chill","floor":19.0},{"not_picked":["Barrage+1","Melter"],"picked":"Sweeping Beam+1","floor":21.0},{"not_picked":["Blizzard","Ball Lightning"],"picked":"Defragment","floor":22.0},{"not_picked":["Barrage","Steam+1"],"picked":"Reboot","floor":23.0},{"not_picked":["Sunder","Force Field"],"picked":"Go for the Eyes+1","floor":27.0},{"not_picked":["Leap","Hologram+1"],"picked":"Self Repair","floor":29},{"not_picked":["Rip and Tear","Compile Driver"],"picked":"Aggregate+1","floor":30},{"not_picked":["Leap+1","Doom and Gloom"],"picked":"Tempest+1","floor":31},{"not_picked":["Amplify","Hyperbeam"],"picked":"Multi-Cast","floor":33},{"not_picked":["Reprogram+1","Cold Snap"],"picked":"Capacitor+1","floor":35},{"not_picked":["Conserve Battery","Sweeping Beam","Hologram+1"],"picked":"SKIP","floor":36},{"not_picked":["Leap","Turbo","Coolheaded"],"picked":"SKIP","floor":38}],"player_experience":58595,"relics_obtained":[{"floor":7.0,"key":"Torii"},{"floor":9.0,"key":"Pantograph"},{"floor":14.0,"key":"Vajra"},{"floor":23.0,"key":"Art of War"},{"floor":26.0,"key":"Anchor"},{"floor":30,"key":"Lantern"},{"floor":34,"key":"Omamori"},{"floor":34,"key":"Shuriken"},{"floor":34,"key":"StoneCalendar"}],"event_choices":[{"damage_healed":0.0,"max_hp_gain":0.0,"max_hp_loss":0.0,"gold_gain":0.0,"cards_transformed":["Strike_B"],"event_name":"Transmorgrifier","player_choice":"Transformed","floor":2.0,"gold_loss":0.0,"damage_taken":0.0,"cards_obtained":["Conserve Battery"]},{"damage_healed":0.0,"max_hp_gain":0.0,"max_hp_loss":0.0,"gold_gain":0.0,"event_name":"Colosseum","player_choice":"Fight","floor":25.0,"gold_loss":0.0,"damage_taken":0.0},{"damage_healed":0.0,"max_hp_gain":0.0,"max_hp_loss":0.0,"gold_gain":0.0,"event_name":"Colosseum","player_choice":"Fled From Nobs","floor":25.0,"gold_loss":0.0,"damage_taken":0.0},{"damage_healed":0,"gold_gain":0,"player_choice":"Gave Potion","damage_taken":0,"relics_obtained":["Matryoshka"],"max_hp_gain":0,"max_hp_loss":0,"event_name":"WeMeetAgain","floor":37,"gold_loss":0}],"is_beta":false,"boss_relics":[{"not_picked":["Velvet Choker","Coffee Dripper"],"picked":"Orrery"},{"not_picked":["Sozu","White Beast Statue"],"picked":"Calling Bell"}],"items_purged_floors":[20],"is_endless":false,"potions_floor_spawned":[1,7,10,12,13,18,22,25,27,33,35],"killed_by":"Maw","ascension_level":0}