{"gold_per_floor":[114,129,144,144,159,189,204,234,259,274,304,304,54,84,84,184,184,199,199,199,214,229,259,259,274,274,304,304,334,259,34,34,34],"floor_reached":33,"playtime":1990,"items_purged":["Storm of Steel"],"score":360,"play_id":"517118d5-fc3c-46e3-84c3-a4bda7dedca9","local_time":"20190710190102","daily_mods":["Cursed Run","Green Cards","Elite Swarm"],"is_ascension_mode":false,"campfire_choices":[{"data":"Limit Break","floor":12,"key":"SMITH"},{"floor":15,"key":"REST"},{"floor":24,"key":"REST"},{"floor":32,"key":"REST"}],"neow_cost":"","seed_source_timestamp":0,"circlet_count":0,"master_deck":["Strike_R","Strike_R","Strike_R","Strike_R","Strike_R","Defend_R","Defend_R","Defend_R","Defend_R","Bash","Crippling Poison","Dagger Spray","Limit Break+1","Impervious","Exhume","After Image","Intimidate+1","Pommel Strike+1","Noxious Fumes","Tools of the Trade","Caltrops","Adrenaline","Barricade"],"special_seed":18087,"relics":["Cursed Key","Darkstone Periapt","Du-Vu Doll","Gambling Chip","Centennial Puzzle","Omamori","Question Card","Mercury Hourglass","Anchor","Black Star","Matryoshka","Bottled Flame","Potion Belt","Letter Opener","Girya","Torii","FossilizedHelix","Pear","PreservedInsect"],"potions_floor_usage":[6,8,11,11,23,23,23,27],"damage_taken":[{"damage":0,"enemies":"Cultist","floor":1,"turns":3},{"damage":0,"enemies":"Small Slimes","floor":2,"turns":3},{"damage":1,"enemies":"Jaw Worm","floor":3,"turns":3},{"damage":6,"enemies":"Lots of Slimes","floor":5,"turns":4},{"damage":11,"enemies":"Lagavulin","floor":6,"turns":5},{"damage":0,"enemies":"3 Louse","floor":7,"turns":2},{"damage":6,"enemies":"Gremlin Nob","floor":8,"turns":3},{"damage":9,"enemies":"Looter","floor":10,"turns":2},{"damage":8,"enemies":"3 Sentries","floor":11,"turns":5},{"damage":16,"enemies":"Lagavulin","floor":14,"turns":4},{"damage":31,"enemies":"Slime Boss","floor":16,"turns":8},{"damage":0,"enemies":"3 Byrds","floor":18,"turns":3},{"damage":17,"enemies":"Spheric Guardian","floor":21,"turns":5},{"damage":19,"enemies":"Centurion and Healer","floor":22,"turns":6},{"damage":12,"enemies":"Book of Stabbing","floor":23,"turns":5},{"damage":24,"enemies":"Shelled Parasite and Fungi","floor":25,"turns":7},{"damage":11,"enemies":"Gremlin Leader","floor":27,"turns":8},{"damage":24,"enemies":"Slavers","floor":29,"turns":4},{"damage":44,"enemies":"Champ","floor":33,"turns":11}],"seed_played":"5181335540580506732","potions_obtained":[{"floor":2,"key":"Weak Potion"},{"floor":4,"key":"AttackPotion"},{"floor":4,"key":"Energy Potion"},{"floor":4,"key":"Regen Potion"},{"floor":6,"key":"GamblersBrew"},{"floor":8,"key":"PowerPotion"},{"floor":14,"key":"SteroidPotion"},{"floor":16,"key":"FearPotion"},{"floor":22,"key":"EssenceOfSteel"},{"floor":25,"key":"Ancient Potion"}],"is_trial":false,"path_per_floor":["M","M","M","?","M","E","M","E","T","M","E","R","$","E","R","B",null,"M","?","?","M","M","E","R","M","T","E","?","E","?","$","R","B"],"character_chosen":"IRONCLAD","items_purchased":["Mercury Hourglass","PreservedInsect"],"campfire_rested":3,"item_purchase_floors":[13,31],"current_hp_per_floor":[80,80,79,79,73,62,62,56,62,53,59,59,59,43,68,37,86,86,86,86,69,50,38,63,39,39,28,28,14,14,14,42,0],"gold":34,"neow_bonus":"","is_prod":false,"is_daily":true,"chose_seed":false,"campfire_upgraded":1,"win_rate":0,"timestamp":1562799662,"path_taken":["M","M","M","?","M","E","?","E","T","M","E","R","?","E","R","BOSS","M","?","?","M","M","E","R","?","T","E","?","E","?","$","R","BOSS"],"build_version":"2019-07-05","purchased_purges":1,"victory":false,"max_hp_per_floor":[80,80,80,80,80,80,80,80,86,86,86,86,86,86,86,86,86,86,86,86,86,86,86,86,86,86,86,86,96,96,96,96,96],"card_choices":[{"not_picked":["Underhanded Strike","Rupture"],"picked":"Crippling Poison","floor":1},{"not_picked":["Shrug It Off","Backflip","True Grit"],"picked":"SKIP","floor":2},{"not_picked":["Wraith Form v2","Armaments","Flex"],"picked":"SKIP","floor":3},{"not_picked":["Twin Strike","Riddle With Holes"],"picked":"Dagger Spray","floor":5},{"not_picked":["A Thousand Cuts","Bludgeon"],"picked":"Limit Break","floor":6},{"not_picked":["Sucker Punch","Headbutt","Terror"],"picked":"SKIP","floor":7},{"not_picked":["Fiend Fire","Grand Finale"],"picked":"Impervious","floor":8},{"not_picked":["Heel Hook","Flying Knee","Combust"],"picked":"SKIP","floor":10},{"not_picked":["Immolate","Wraith Form v2"],"picked":"Storm of Steel","floor":11},{"not_picked":["Demon Form","Burst","Double Tap"],"picked":"Exhume","floor":14},{"not_picked":["Storm of Steel","Impervious","Double Tap"],"picked":"After Image","floor":16},{"not_picked":["Disarm","Bane","Warcry"],"picked":"Intimidate+1","floor":18},{"not_picked":["Outmaneuver","Acrobatics","Blood for Blood+1"],"picked":"Pommel Strike+1","floor":21},{"not_picked":["Quick Slash","Night Terror","Perfected Strike"],"picked":"Noxious Fumes","floor":22},{"not_picked":["Grand Finale","Immolate","Bludgeon"],"picked":"Tools of the Trade","floor":23},{"not_picked":["Flying Knee","Masterful Stab","Bane"],"picked":"Caltrops","floor":25},{"not_picked":["Double Tap","Glass Knife","Juggernaut"],"picked":"Adrenaline","floor":27},{"not_picked":["Immolate","Burst","Fiend Fire"],"picked":"Barricade","floor":29}],"player_experience":146866,"relics_obtained":[{"floor":6,"key":"Gambling Chip"},{"floor":8,"key":"Centennial Puzzle"},{"floor":9,"key":"Omamori"},{"floor":11,"key":"Question Card"},{"floor":14,"key":"Anchor"},{"floor":23,"key":"Matryoshka"},{"floor":23,"key":"Bottled Flame"},{"floor":26,"key":"Potion Belt"},{"floor":26,"key":"Letter Opener"},{"floor":27,"key":"Girya"},{"floor":27,"key":"Torii"},{"floor":29,"key":"FossilizedHelix"},{"floor":29,"key":"Pear"}],"event_choices":[{"damage_healed":0,"gold_gain":0,"player_choice":"Got Potions","damage_taken":0,"max_hp_gain":0,"max_hp_loss":0,"event_name":"Lab","floor":4,"gold_loss":0},{"damage_healed":0,"gold_gain":0,"player_choice":"Ignored","damage_taken":0,"max_hp_gain":0,"max_hp_loss":0,"event_name":"Ghosts","floor":19,"gold_loss":0},{"damage_healed":0,"gold_gain":0,"player_choice":"Bought 0 Potions","damage_taken":0,"max_hp_gain":0,"max_hp_loss":0,"event_name":"The Woman in Blue","floor":20,"gold_loss":0},{"damage_healed":0,"gold_gain":0,"player_choice":"Ignored","damage_taken":0,"max_hp_gain":0,"max_hp_loss":0,"event_name":"Cursed Tome","floor":28,"gold_loss":0},{"cards_removed":["Pain"],"damage_healed":0,"gold_gain":0,"player_choice":"Gave Gold","damage_taken":0,"max_hp_gain":0,"max_hp_loss":0,"event_name":"Beggar","floor":30,"gold_loss":75}],"is_beta":false,"boss_relics":[{"not_picked":["Astrolabe","Busted Crown"],"picked":"Black Star"}],"items_purged_floors":[31],"is_endless":false,"potions_floor_spawned":[2,6,8,14,16,22,25],"killed_by":"Champ","ascension_level":0}