{"path_per_floor":["M","M","M","M","?","R","E","R","T","$","M","M","M","M","R","B",null,"M","M","M","M","$","R","$","M","T","$","M","?","M","M","R","B",null,"M","M","$","M","$","E","T","R","T","M","M","M","R","E","R","B"],"character_chosen":"IRONCLAD","items_purchased":["Inflame","Tiny Chest","Vajra","Inflame","Peace Pipe","Heavy Blade+1","Dropkick+1","Flex","Deep Breath","Metallicize"],"gold_per_floor":[144,189,234,279,279,279,369,369,369,220,265,310,355,400,400,700,700,700,745,790,835,615,615,127,172,197,72,117,117,162,207,207,507,507,552,597,218,263,10,100,100,100,100,145,190,235,235,325,325,325],"floor_reached":51,"campfire_rested":4,"playtime":2696,"item_purchase_floors":[10,22,24,24,24,37,37,37,37,39],"current_hp_per_floor":[90,90,90,84,66,90,74,90,90,90,90,89,90,90,90,90,90,90,90,86,90,90,90,90,86,86,86,90,74,82,90,90,70,90,90,94,94,98,98,100,100,100,100,100,111,111,111,115,115,115],"items_purged":["Defend_R","Power Through+1","Defend_R+1","Defend_R+1","Strike_R+1"],"gold":325,"score":969,"play_id":"2a41505c-8f05-4d75-9f13-9bd71275580e","local_time":"20180623234522","daily_mods":["Heirloom","Midas","Vintage"],"is_prod":false,"is_daily":true,"chose_seed":false,"is_ascension_mode":false,"campfire_upgraded":0,"win_rate":0,"timestamp":1529822722,"campfire_choices":[{"floor":6,"key":"REST"},{"floor":8,"key":"REST"},{"floor":15,"key":"REST"},{"floor":23,"key":"REST"},{"data":"True Grit+1","floor":32,"key":"PURGE"},{"data":"Defend_R+1","floor":42,"key":"PURGE"},{"data":"Strike_R+1","floor":47,"key":"PURGE"},{"data":"Feed+1","floor":49,"key":"PURGE"}],"path_taken":["M","M","M","M","?","R","E","R","T","$","M","M","?","M","R","BOSS","M","M","M","M","$","R","$","M","T","$","M","?","M","M","R","BOSS","M","M","$","M","$","E","?","R","T","M","M","M","R","E","R","BOSS"],"build_version":"2018-06-21","seed_source_timestamp":0,"purchased_purges":5,"circlet_count":0,"victory":true,"master_deck":["Bash+1","Metallicize","Inflame","Limit Break","Ghostly Armor+1","Inflame","Heavy Blade+1","Dropkick+1","Flex","Deep Breath","Metallicize","Sword Boomerang+1"],"max_hp_per_floor":[90,90,90,90,90,90,90,90,90,90,90,90,90,90,90,90,90,90,90,90,90,90,90,90,90,90,90,90,90,90,90,90,90,90,90,94,94,98,98,100,100,100,100,100,111,111,111,115,115,115],"special_seed":17706,"relics":["Burning Blood","Red Skull","Pear","Whetstone","Mummified Hand","Orichalcum","War Paint","Molten Egg 2","Pen Nib","Paper Frog","Lantern","Bag of Preparation","Blood Vial","Astrolabe","Ornamental Fan","Bag of Marbles","Thread and Needle","Oddly Smooth Stone","Tiny Chest","Vajra","Peace Pipe","Singing Bowl","Happy Flower","Ginger","Enchiridion","Meat on the Bone","Ancient Tea Set","Dream Catcher","Sozu","Charon\u0027s Ashes","Blue Candle","Omamori","Kunai","Pantograph","Question Card","Regal Pillow","Strawberry","Shuriken","Darkstone Periapt"],"card_choices":[{"not_picked":["Power Through","Clash"],"picked":"Metallicize","floor":7},{"not_picked":["Juggernaut","Dark Embrace"],"picked":"Limit Break","floor":16},{"not_picked":["Fiend Fire+1","Bludgeon+1"],"picked":"Feed+1","floor":33},{"not_picked":["Flame Barrier","Sentinel","Warcry"],"picked":"Singing Bowl","floor":40},{"not_picked":["Clothesline+1","Wild Strike+1","Limit Break"],"picked":"Sword Boomerang+1","floor":48}],"player_experience":535746,"potions_floor_usage":[7,11,16,16,21,33,33,33],"damage_taken":[{"damage":3,"enemies":"Small Slimes","floor":1,"turns":3},{"damage":5,"enemies":"2 Louse","floor":2,"turns":3},{"damage":0,"enemies":"Cultist","floor":3,"turns":2},{"damage":12,"enemies":"Blue Slaver","floor":4,"turns":2},{"damage":22,"enemies":"Lagavulin","floor":7,"turns":5},{"damage":1,"enemies":"2 Fungi Beasts","floor":11,"turns":2},{"damage":7,"enemies":"Red Slaver","floor":12,"turns":2},{"damage":0,"enemies":"Large Slime","floor":13,"turns":2},{"damage":3,"enemies":"Exordium Thugs","floor":14,"turns":4},{"damage":2,"enemies":"Slime Boss","floor":16,"turns":6},{"damage":4,"enemies":"2 Thieves","floor":18,"turns":5},{"damage":0,"enemies":"3 Byrds","floor":19,"turns":8},{"damage":10,"enemies":"Cultist and Chosen","floor":20,"turns":6},{"damage":3,"enemies":"3 Cultists","floor":21,"turns":8},{"damage":10,"enemies":"Chosen and Byrds","floor":25,"turns":4},{"damage":1,"enemies":"Centurion and Healer","floor":28,"turns":3},{"damage":0,"enemies":"Slaver and Parasite","floor":30,"turns":5},{"damage":0,"enemies":"3 Cultists","floor":31,"turns":4},{"damage":26,"enemies":"Champ","floor":33,"turns":7},{"damage":3,"enemies":"3 Darklings","floor":35,"turns":4},{"damage":0,"enemies":"Orb Walker","floor":36,"turns":3},{"damage":1,"enemies":"Maw","floor":38,"turns":2},{"damage":0,"enemies":"Giant Head","floor":40,"turns":3},{"damage":0,"enemies":"Flame Bruiser 2 Orb","floor":44,"turns":1},{"damage":3,"enemies":"4 Shapes","floor":45,"turns":2},{"damage":0,"enemies":"3 Darklings","floor":46,"turns":4},{"damage":0,"enemies":"Nemesis","floor":48,"turns":1},{"damage":3,"enemies":"Awakened One","floor":50,"turns":4}],"relics_obtained":[{"floor":1,"key":"Pear"},{"floor":2,"key":"Whetstone"},{"floor":3,"key":"Mummified Hand"},{"floor":4,"key":"Orichalcum"},{"floor":7,"key":"War Paint"},{"floor":9,"key":"Molten Egg 2"},{"floor":11,"key":"Pen Nib"},{"floor":12,"key":"Paper Frog"},{"floor":13,"key":"Lantern"},{"floor":14,"key":"Bag of Preparation"},{"floor":16,"key":"Blood Vial"},{"floor":18,"key":"Ornamental Fan"},{"floor":19,"key":"Bag of Marbles"},{"floor":20,"key":"Thread and Needle"},{"floor":21,"key":"Oddly Smooth Stone"},{"floor":25,"key":"Singing Bowl"},{"floor":26,"key":"Happy Flower"},{"floor":28,"key":"Ginger"},{"floor":29,"key":"Enchiridion"},{"floor":30,"key":"Meat on the Bone"},{"floor":31,"key":"Ancient Tea Set"},{"floor":33,"key":"Dream Catcher"},{"floor":35,"key":"Charon\u0027s Ashes"},{"floor":36,"key":"Blue Candle"},{"floor":38,"key":"Omamori"},{"floor":40,"key":"Kunai"},{"floor":41,"key":"Pantograph"},{"floor":43,"key":"Question Card"},{"floor":44,"key":"Regal Pillow"},{"floor":45,"key":"Strawberry"},{"floor":46,"key":"Shuriken"},{"floor":48,"key":"Darkstone Periapt"}],"event_choices":[{"event_name":"Shining Light","player_choice":"Entered Light","floor":5,"damage_taken":0},{"event_name":"Cursed Tome","player_choice":"Obtained Book","floor":29,"damage_taken":0}],"boss_relics":[{"not_picked":["White Beast Statue","Runic Cube"],"picked":"Astrolabe"},{"not_picked":["Black Blood","Orrery"],"picked":"Sozu"}],"items_purged_floors":[10,22,27,37,39],"is_endless":false,"potions_floor_spawned":[1,2,4,12,20,21,28,30,38,40,44,46],"seed_played":"1648767843045410124","ascension_level":0,"potions_obtained":[{"floor":1,"key":"Ancient Potion"},{"floor":2,"key":"Energy Potion"},{"floor":4,"key":"Explosive Potion"},{"floor":12,"key":"Strength Potion"},{"floor":20,"key":"GamblersBrew"},{"floor":21,"key":"LiquidBronze"},{"floor":28,"key":"EssenceOfSteel"},{"floor":30,"key":"Block Potion"}],"is_trial":false}