{"gold_per_floor":[112,132,132,144,107,107,142,142,142,142,156,156,191,19,19,92,92,102,114,124,124,138,138,155,76,76,76,76,94,94,109,109,186,186,200,200,254,274,36,36,70,83,83,83,93,93,93,123,123,123],"floor_reached":50,"playtime":2739,"items_purged":["Strike_R+1"],"score":1270,"play_id":"b62eda83-86fe-432f-8936-2fae82ddc4b8","local_time":"20190929173219","is_ascension_mode":true,"campfire_choices":[{"data":"Uppercut","floor":6.0,"key":"SMITH"},{"data":"Offering","floor":8.0,"key":"SMITH"},{"floor":12.0,"key":"REST"},{"data":"Rupture","floor":15.0,"key":"SMITH"},{"data":"Heavy Blade","floor":23.0,"key":"SMITH"},{"data":"Feel No Pain","floor":28.0,"key":"SMITH"},{"floor":32.0,"key":"REST"},{"floor":40.0,"key":"REST"},{"floor":47.0,"key":"DIG"},{"floor":49.0,"key":"DIG"}],"neow_cost":"NONE","seed_source_timestamp":1096729612774800,"circlet_count":0,"master_deck":["AscendersBane","Strike_R+1","Strike_R+1","Strike_R+1","Strike_R+1","Defend_R+1","Defend_R+1","Defend_R+1","Defend_R+1","Bash","Shrug It Off","Pain","Shrug It Off","Uppercut+1","Offering+1","Rupture","Battle Trance","Rupture+1","Bloodletting","Heavy Blade+1","Fiend Fire","Shrug It Off","Hemokinesis","Feel No Pain+1","Spot Weakness","Reaper","True Grit","Panache","PanicButton","Bandage Up","Feel No Pain","Flame Barrier+1","Heavy Blade"],"special_seed":0,"relics":["Burning Blood","WarpedTongs","Red Skull","Bird Faced Urn","Oddly Smooth Stone","Torii","Cursed Key","Runic Pyramid","Shovel","Art of War","Ancient Tea Set","HornCleat","Toy Ornithopter","Gambling Chip"],"potions_floor_usage":[50],"damage_taken":[{"damage":7.0,"enemies":"Jaw Worm","floor":1.0,"turns":3.0},{"damage":1.0,"enemies":"Cultist","floor":2.0,"turns":4.0},{"damage":5.0,"enemies":"2 Louse","floor":4.0,"turns":3.0},{"damage":36.0,"enemies":"3 Sentries","floor":7.0,"turns":10.0},{"damage":9.0,"enemies":"Blue Slaver","floor":11.0,"turns":2.0},{"damage":15.0,"enemies":"Gremlin Nob","floor":13.0,"turns":3.0},{"damage":14.0,"enemies":"Slime Boss","floor":16.0,"turns":3.0},{"damage":10.0,"enemies":"Spheric Guardian","floor":18.0,"turns":3.0},{"damage":14.0,"enemies":"Chosen","floor":19.0,"turns":3.0},{"damage":27.0,"enemies":"Shelled Parasite and Fungi","floor":20.0,"turns":3.0},{"damage":15.0,"enemies":"Snake Plant","floor":22.0,"turns":5.0},{"damage":14.0,"enemies":"Centurion and Healer","floor":24.0,"turns":6.0},{"damage":15.0,"enemies":"Snecko","floor":29.0,"turns":2.0},{"damage":6.0,"enemies":"Snake Plant","floor":31.0,"turns":2.0},{"damage":21.0,"enemies":"Champ","floor":33.0,"turns":6.0},{"damage":3.0,"enemies":"Orb Walker","floor":35.0,"turns":2.0},{"damage":61.0,"enemies":"2 Orb Walkers","floor":37.0,"turns":6.0},{"damage":20.0,"enemies":"3 Shapes","floor":38.0,"turns":6.0},{"damage":29.0,"enemies":"Giant Head","floor":41.0,"turns":6.0},{"damage":25.0,"enemies":"3 Darklings","floor":42.0,"turns":4.0},{"damage":19.0,"enemies":"Writhing Mass","floor":45.0,"turns":5.0},{"damage":59.0,"enemies":"Reptomancer","floor":48.0,"turns":6.0},{"damage":103,"enemies":"Awakened One","floor":50,"turns":5}],"seed_played":"-3901238344731765846","potions_obtained":[{"floor":0.0,"key":"PowerPotion"},{"floor":0.0,"key":"PowerPotion"},{"floor":7.0,"key":"SkillPotion"},{"floor":13.0,"key":"Dexterity Potion"},{"floor":16.0,"key":"Explosive Potion"},{"floor":24.0,"key":"SpeedPotion"},{"floor":35.0,"key":"ElixirPotion"},{"floor":48.0,"key":"Swift Potion"}],"is_trial":false,"path_per_floor":["M","M","?","M","$","R","E","R","T","?","M","R","E","$","R","B",null,"M","M","M","?","M","R","M","$","T","?","R","M","?","M","R","B",null,"M","?","?","M","$","R","E","M","T","?","M","$","R","E","R","B"],"character_chosen":"IRONCLAD","items_purchased":["Uppercut","Rupture","Bloodletting","Heavy Blade","Feel No Pain","Art of War"],"campfire_rested":3,"item_purchase_floors":[5,14,14,14,25,39],"current_hp_per_floor":[67,72,72,73,73,73,43,43,43,17,14,36,31,31,31,27,63,63,59,42,42,37,37,33,33,33,33,33,28,28,32,54,45,68,75,65,38,32,32,54,75,75,75,75,74,74,74,75,75,0],"gold":123,"neow_bonus":"THREE_SMALL_POTIONS","is_prod":false,"is_daily":false,"chose_seed":false,"campfire_upgraded":5,"win_rate":0,"timestamp":1569803539,"path_taken":["M","M","?","?","?","R","E","R","T","?","M","R","E","$","R","BOSS","M","M","M","?","M","R","M","$","T","?","R","M","?","M","R","BOSS","M","?","?","M","$","R","E","M","T","?","M","$","R","E","R","BOSS"],"build_version":"2019-09-27","purchased_purges":1,"victory":false,"max_hp_per_floor":[75,75,75,75,75,75,75,75,75,75,75,75,75,75,75,75,75,75,75,75,75,75,75,75,75,75,75,75,75,75,75,75,75,75,75,75,75,75,75,75,75,75,75,75,75,75,75,75,75,75],"card_choices":[{"not_picked":["Entrench","True Grit"],"picked":"Shrug It Off","floor":1.0},{"not_picked":["Havoc","Perfected Strike","Flex"],"picked":"SKIP","floor":2.0},{"not_picked":["Clothesline","Warcry"],"picked":"Shrug It Off","floor":4.0},{"not_picked":["Intimidate","Heavy Blade"],"picked":"Offering","floor":7.0},{"not_picked":["Heavy Blade","Hemokinesis"],"picked":"Rupture","floor":11.0},{"not_picked":["Entrench","Intimidate"],"picked":"Battle Trance","floor":13.0},{"not_picked":["Demon Form","Juggernaut"],"picked":"Fiend Fire","floor":16.0},{"not_picked":["Armaments","Iron Wave","Twin Strike"],"picked":"SKIP","floor":18.0},{"not_picked":["Body Slam","Warcry","Thunderclap"],"picked":"SKIP","floor":19.0},{"not_picked":["Warcry","Whirlwind"],"picked":"Shrug It Off","floor":20.0},{"not_picked":["Pommel Strike","Pummel"],"picked":"Hemokinesis","floor":22.0},{"not_picked":["Sword Boomerang","Shrug It Off"],"picked":"Offering","floor":24.0},{"not_picked":["Clash","Clothesline"],"picked":"Spot Weakness","floor":29.0},{"not_picked":["Twin Strike","Rage","Clothesline"],"picked":"SKIP","floor":31.0},{"not_picked":["Exhume","Feed"],"picked":"Reaper","floor":33.0},{"not_picked":["Shockwave","Clash"],"picked":"True Grit","floor":35.0},{"not_picked":["Discovery","Transmutation"],"picked":"Panache","floor":36.0},{"not_picked":["Flash of Steel","Finesse"],"picked":"PanicButton","floor":36.0},{"not_picked":["Panacea","HandOfGreed"],"picked":"Bandage Up","floor":36.0},{"not_picked":["Perfected Strike","Reckless Charge"],"picked":"Feel No Pain","floor":37.0},{"not_picked":["Hemokinesis","Havoc","Body Slam"],"picked":"SKIP","floor":38.0},{"not_picked":["Havoc","Flex","Thunderclap"],"picked":"SKIP","floor":41.0},{"not_picked":["Uppercut","Clash"],"picked":"Flame Barrier+1","floor":42.0},{"not_picked":["Searing Blow","Armaments+1"],"picked":"Heavy Blade","floor":45.0},{"not_picked":["Juggernaut","Shrug It Off","Shockwave"],"picked":"SKIP","floor":48.0}],"player_experience":1125748,"relics_obtained":[{"floor":7.0,"key":"Red Skull"},{"floor":9.0,"key":"Bird Faced Urn"},{"floor":13.0,"key":"Torii"},{"floor":37.0,"key":"Shovel"},{"floor":41.0,"key":"Ancient Tea Set"},{"floor":47.0,"key":"HornCleat"},{"floor":48.0,"key":"Toy Ornithopter"},{"floor":49.0,"key":"Gambling Chip"}],"event_choices":[{"damage_healed":0.0,"max_hp_gain":0.0,"max_hp_loss":0.0,"gold_gain":0.0,"event_name":"Accursed Blacksmith","player_choice":"Rummage","floor":3.0,"gold_loss":0.0,"damage_taken":0.0,"relics_obtained":["WarpedTongs"],"cards_obtained":["Pain"]},{"damage_healed":0.0,"max_hp_gain":0.0,"max_hp_loss":0.0,"gold_gain":0.0,"event_name":"Scrap Ooze","player_choice":"Success","floor":10.0,"gold_loss":0.0,"damage_taken":26.0,"relics_obtained":["Oddly Smooth Stone"]},{"damage_healed":0.0,"max_hp_gain":0.0,"max_hp_loss":0.0,"gold_gain":0.0,"event_name":"Beggar","player_choice":"Ignored","floor":21.0,"gold_loss":0.0,"damage_taken":0.0},{"damage_healed":0.0,"max_hp_gain":0.0,"max_hp_loss":0.0,"gold_gain":0.0,"event_name":"Back to Basics","player_choice":"Simplicity","floor":30.0,"gold_loss":0.0,"damage_taken":0.0,"cards_upgraded":["Strike_R","Strike_R","Strike_R","Strike_R","Strike_R","Defend_R","Defend_R","Defend_R","Defend_R"]},{"damage_healed":0.0,"max_hp_gain":0.0,"max_hp_loss":0.0,"gold_gain":0.0,"event_name":"SensoryStone","player_choice":"Memory 3","floor":36.0,"gold_loss":0.0,"damage_taken":10.0},{"damage_healed":0.0,"max_hp_gain":0.0,"max_hp_loss":0.0,"gold_gain":0.0,"event_name":"Mysterious Sphere","player_choice":"Fight","floor":37.0,"gold_loss":0.0,"damage_taken":0.0},{"cards_removed":["Offering"],"damage_healed":0.0,"max_hp_gain":0.0,"max_hp_loss":0.0,"gold_gain":0.0,"event_name":"Falling","player_choice":"Removed Skill","floor":44.0,"gold_loss":0.0,"damage_taken":0.0}],"is_beta":true,"boss_relics":[{"not_picked":["Tiny House","Pandora\u0027s Box"],"picked":"Cursed Key"},{"not_picked":["Runic Dome","Velvet Choker"],"picked":"Runic Pyramid"}],"items_purged_floors":[39],"is_endless":false,"potions_floor_spawned":[1,7,13,16,18,24,29,35,48],"killed_by":"Awakened One","ascension_level":20}