{"gold_per_floor":[18,36,36,55,69,69,94,108,154,154,167,10,10,342,342,419,419,432,111,130,143,156,189,189,218,242,259,259,42,59,78,78,152,152,165,165,184,21,35,35,0,49,126,157,157,157,172,206,206,206,206],"floor_reached":52,"playtime":3319,"items_purged":["Strike_R","Strike_R"],"score":2278,"play_id":"8ec31aeb-cb39-463f-8346-34cf802f3a86","local_time":"20191002163152","is_ascension_mode":true,"campfire_choices":[{"data":"Shockwave","floor":6.0,"key":"SMITH"},{"data":"Anger","floor":10.0,"key":"SMITH"},{"data":"Fiend Fire","floor":13.0,"key":"SMITH"},{"data":"Offering","floor":15.0,"key":"SMITH"},{"floor":24.0,"key":"REST"},{"floor":32.0,"key":"REST"},{"floor":40,"key":"REST"},{"floor":46,"key":"RECALL"},{"floor":49,"key":"REST"}],"neow_cost":"NO_GOLD","seed_source_timestamp":92208692404800,"circlet_count":0,"master_deck":["AscendersBane","Strike_R","Strike_R","Strike_R","Defend_R","Defend_R","Defend_R","Defend_R","Bash","Anger+1","Wild Strike","Shockwave+1","Offering+1","Power Through","Fiend Fire+1","Carnage","Exhume","Spot Weakness","Heavy Blade","Disarm","Second Wind","Dark Embrace","Power Through","Apotheosis","Barricade","Battle Trance","Dark Shackles","Corruption+1","Shrug It Off","Burning Pact+1","Shrug It Off","Power Through+1"],"special_seed":0,"relics":["Burning Blood","Thread and Needle","Darkstone Periapt","Toy Ornithopter","Old Coin","Fusion Hammer","Medical Kit","Lantern","Nunchaku","Smiling Mask","Black Star","Red Mask","Calipers","Meat on the Bone","Bag of Preparation","White Beast Statue","Oddly Smooth Stone","Orichalcum"],"potions_floor_usage":[42,47,50,51],"damage_taken":[{"damage":0.0,"enemies":"Jaw Worm","floor":1.0,"turns":5.0},{"damage":2.0,"enemies":"Cultist","floor":2.0,"turns":4.0},{"damage":0.0,"enemies":"2 Louse","floor":4.0,"turns":2.0},{"damage":2.0,"enemies":"Looter","floor":5.0,"turns":3.0},{"damage":53.0,"enemies":"3 Sentries","floor":7.0,"turns":13.0},{"damage":12.0,"enemies":"Lots of Slimes","floor":8.0,"turns":4.0},{"damage":0.0,"enemies":"Exordium Wildlife","floor":11.0,"turns":6.0},{"damage":4.0,"enemies":"Gremlin Nob","floor":14.0,"turns":3.0},{"damage":6.0,"enemies":"Slime Boss","floor":16.0,"turns":4.0},{"damage":6.0,"enemies":"Chosen","floor":18.0,"turns":3.0},{"damage":0.0,"enemies":"2 Thieves","floor":20.0,"turns":2.0},{"damage":8.0,"enemies":"Centurion and Healer","floor":21.0,"turns":3.0},{"damage":6.0,"enemies":"Snake Plant","floor":22.0,"turns":2.0},{"damage":6.0,"enemies":"Book of Stabbing","floor":23.0,"turns":4.0},{"damage":46.0,"enemies":"Slavers","floor":25.0,"turns":7.0},{"damage":14.0,"enemies":"Snecko","floor":27.0,"turns":4.0},{"damage":10.0,"enemies":"Centurion and Healer","floor":30.0,"turns":4.0},{"damage":12.0,"enemies":"Cultist and Chosen","floor":31.0,"turns":6.0},{"damage":39.0,"enemies":"Collector","floor":33.0,"turns":6.0},{"damage":17.0,"enemies":"3 Darklings","floor":35.0,"turns":3.0},{"damage":12.0,"enemies":"3 Shapes","floor":37.0,"turns":4.0},{"damage":9.0,"enemies":"Sphere and 2 Shapes","floor":39.0,"turns":9.0},{"damage":18,"enemies":"2 Orb Walkers","floor":42,"turns":5},{"damage":6,"enemies":"Nemesis","floor":44,"turns":9},{"damage":16,"enemies":"4 Shapes","floor":47,"turns":10},{"damage":6,"enemies":"Reptomancer","floor":48,"turns":3},{"damage":6,"enemies":"Awakened One","floor":50,"turns":38},{"damage":14,"enemies":"Donu and Deca","floor":51,"turns":9}],"seed_played":"4778246937630736200","potions_obtained":[{"floor":1.0,"key":"FearPotion"},{"floor":2.0,"key":"Energy Potion"},{"floor":3.0,"key":"Ancient Potion"},{"floor":7.0,"key":"SpeedPotion"},{"floor":11.0,"key":"GamblersBrew"},{"floor":14.0,"key":"SteroidPotion"},{"floor":16.0,"key":"Fire Potion"},{"floor":22.0,"key":"Weak Potion"},{"floor":23.0,"key":"PowerPotion"},{"floor":27.0,"key":"BloodPotion"},{"floor":33.0,"key":"ElixirPotion"},{"floor":39,"key":"SkillPotion"},{"floor":42,"key":"DuplicationPotion"},{"floor":47,"key":"Ancient Potion"},{"floor":48,"key":"SkillPotion"}],"is_trial":false,"path_per_floor":["M","M","?","M","M","R","E","M","T","R","M","$","R","E","R","B",null,"M","$","M","M","M","E","R","E","T","M","?","$","M","M","R","B",null,"M","?","M","$","M","R","?","?","T","E","?","R","M","E","R","B","B",null],"character_chosen":"IRONCLAD","items_purchased":["Fiend Fire","Spot Weakness","Medical Kit","Apotheosis","Shrug It Off","Dexterity Potion"],"campfire_rested":4,"item_purchase_floors":[12,19,19,29,38,38],"current_hp_per_floor":[74,75,75,75,75,75,28,22,22,22,38,38,38,40,40,45,68,68,68,75,73,73,73,75,35,35,27,27,27,43,37,59,26,63,52,42,41,41,38,60,60,53,53,53,85,85,80,80,85,85,79],"gold":206,"neow_bonus":"ONE_RARE_RELIC","is_prod":false,"is_daily":false,"chose_seed":false,"campfire_upgraded":4,"win_rate":0,"timestamp":1570059112,"path_taken":["M","M","?","M","M","R","E","M","T","R","M","$","R","E","R","BOSS","M","$","?","M","M","E","R","E","T","M","?","$","?","M","R","BOSS","M","?","M","$","M","R","?","?","T","E","?","R","?","E","R","BOSS","BOSS"],"build_version":"2019-10-01","purchased_purges":2,"victory":true,"max_hp_per_floor":[75,75,75,75,75,75,75,75,75,75,75,75,75,75,75,75,75,75,75,75,75,75,75,75,75,75,75,75,75,75,75,75,75,75,75,75,75,75,75,75,75,75,75,75,85,85,85,85,85,85,85],"card_choices":[{"not_picked":["Clash","Havoc","Twin Strike"],"picked":"SKIP","floor":1.0},{"not_picked":["Power Through","Perfected Strike"],"picked":"Anger","floor":2.0},{"not_picked":["Warcry","Cleave"],"picked":"Wild Strike","floor":4.0},{"not_picked":["Sword Boomerang","Twin Strike"],"picked":"Shockwave","floor":5.0},{"not_picked":["Headbutt","Corruption"],"picked":"Offering","floor":7.0},{"not_picked":["Sword Boomerang","Havoc","Anger"],"picked":"SKIP","floor":8.0},{"not_picked":["Twin Strike","Warcry"],"picked":"Power Through","floor":11.0},{"not_picked":["Pummel","Dropkick"],"picked":"Carnage","floor":14.0},{"not_picked":["Feed","Bludgeon"],"picked":"Exhume","floor":16.0},{"not_picked":["Pommel Strike","Carnage","Anger"],"picked":"SKIP","floor":18.0},{"not_picked":["Anger","Cleave"],"picked":"Heavy Blade","floor":20.0},{"not_picked":["Flex","Uppercut"],"picked":"Disarm","floor":21.0},{"not_picked":["Dual Wield","Cleave","Pummel+1"],"picked":"SKIP","floor":22.0},{"not_picked":["Wild Strike","Body Slam"],"picked":"Second Wind","floor":23.0},{"not_picked":["Warcry","Second Wind+1","Ghostly Armor"],"picked":"SKIP","floor":25.0},{"not_picked":["Cleave","Clothesline"],"picked":"Dark Embrace","floor":27.0},{"not_picked":["Sword Boomerang+1","Warcry","Iron Wave"],"picked":"SKIP","floor":30.0},{"not_picked":["Wild Strike","Heavy Blade","Pommel Strike"],"picked":"SKIP","floor":31.0},{"not_picked":["Dark Embrace","Feed"],"picked":"Barricade","floor":33.0},{"not_picked":["Havoc","Armaments"],"picked":"Battle Trance","floor":35.0},{"not_picked":["Impatience","Forethought"],"picked":"Dark Shackles","floor":36.0},{"not_picked":["Bandage Up","Swift Strike"],"picked":"Secret Weapon","floor":36.0},{"not_picked":["True Grit","Seeing Red"],"picked":"Corruption+1","floor":37.0},{"not_picked":["True Grit+1","Warcry"],"picked":"Burning Pact+1","floor":39},{"not_picked":["Reckless Charge","Perfected Strike"],"picked":"Shrug It Off","floor":42},{"not_picked":["Armaments","Brutality"],"picked":"Power Through+1","floor":44},{"not_picked":["Twin Strike+1","Clothesline","Pommel Strike+1"],"picked":"SKIP","floor":47},{"not_picked":["Rage","Blood for Blood","Carnage"],"picked":"SKIP","floor":48}],"player_experience":1202179,"relics_obtained":[{"floor":7.0,"key":"Darkstone Periapt"},{"floor":9.0,"key":"Toy Ornithopter"},{"floor":14.0,"key":"Old Coin"},{"floor":23.0,"key":"Lantern"},{"floor":25.0,"key":"Nunchaku"},{"floor":26.0,"key":"Smiling Mask"},{"floor":42,"key":"Calipers"},{"floor":43,"key":"Meat on the Bone"},{"floor":44,"key":"Bag of Preparation"},{"floor":44,"key":"White Beast Statue"},{"floor":48,"key":"Oddly Smooth Stone"},{"floor":48,"key":"Orichalcum"}],"event_choices":[{"damage_healed":0.0,"max_hp_gain":0.0,"max_hp_loss":0.0,"gold_gain":0.0,"event_name":"Lab","player_choice":"Got Potions","floor":3.0,"gold_loss":0.0,"damage_taken":0.0},{"damage_healed":0.0,"max_hp_gain":0.0,"max_hp_loss":0.0,"gold_gain":0.0,"event_name":"Duplicator","player_choice":"Copied","floor":28.0,"gold_loss":0.0,"damage_taken":0.0,"cards_obtained":["Power Through"]},{"damage_healed":0.0,"max_hp_gain":0.0,"max_hp_loss":0.0,"gold_gain":0.0,"event_name":"SensoryStone","player_choice":"Memory 3","floor":36.0,"gold_loss":0.0,"damage_taken":10.0},{"damage_healed":0,"gold_gain":0,"player_choice":"Paid","damage_taken":0,"relics_obtained":["Red Mask"],"max_hp_gain":0,"max_hp_loss":0,"event_name":"Tomb of Lord Red Mask","floor":41,"gold_loss":35},{"damage_healed":0,"gold_gain":0,"player_choice":"Fight","damage_taken":0,"max_hp_gain":0,"max_hp_loss":0,"event_name":"Mysterious Sphere","floor":42,"gold_loss":0},{"cards_removed":["Secret Weapon"],"damage_healed":22,"gold_gain":0,"player_choice":"Offered Rare","damage_taken":0,"max_hp_gain":10,"max_hp_loss":0,"event_name":"Bonfire Elementals","floor":45,"gold_loss":0}],"is_beta":true,"boss_relics":[{"not_picked":["Busted Crown","Philosopher\u0027s Stone"],"picked":"Fusion Hammer"},{"not_picked":["Coffee Dripper","SacredBark"],"picked":"Black Star"}],"items_purged_floors":[19,38],"is_endless":false,"potions_floor_spawned":[1,2,7,11,14,16,22,23,27,33,39,42,47,48],"ascension_level":20}