{"gold_per_floor":[116,134,148,167,5,5,10,38,38,38,38,65,15,29,29,106,106,124,76,76],"floor_reached":20,"playtime":1238,"items_purged":[],"score":422,"play_id":"e0fdec71-0558-4f4c-a679-b3fdf2957e3e","local_time":"20190902183430","is_ascension_mode":true,"campfire_choices":[{"data":"Carnage","floor":6,"key":"SMITH"},{"data":"Bash","floor":10,"key":"SMITH"},{"floor":15,"key":"REST"}],"neow_cost":"NONE","seed_source_timestamp":358912880365900,"circlet_count":0,"master_deck":["AscendersBane","Strike_R","Strike_R","Defend_R","Defend_R","Defend_R","Defend_R","Bash+1","Carnage+1","Headbutt","Exhume","Battle Trance","Metallicize+1","Headbutt","Ghostly Armor","Shrug It Off","Ghostly Armor","Exhume","Sword Boomerang+1","Rampage+1","Second Wind+1","Spot Weakness"],"relics":["Burning Blood","Pen Nib","Gremlin Horn","Potion Belt","Dream Catcher","Astrolabe"],"potions_floor_usage":[16,16],"damage_taken":[{"damage":9,"enemies":"Jaw Worm","floor":1,"turns":5},{"damage":6,"enemies":"Cultist","floor":2,"turns":3},{"damage":5,"enemies":"Small Slimes","floor":3,"turns":3},{"damage":14,"enemies":"Blue Slaver","floor":4,"turns":4},{"damage":19,"enemies":"Exordium Thugs","floor":7,"turns":4},{"damage":29,"enemies":"Lagavulin","floor":8,"turns":5},{"damage":8,"enemies":"Gremlin Nob","floor":12,"turns":3},{"damage":2,"enemies":"2 Fungi Beasts","floor":14,"turns":3},{"damage":21,"enemies":"Slime Boss","floor":16,"turns":5},{"damage":36,"enemies":"Shell Parasite","floor":18,"turns":6},{"damage":20,"enemies":"2 Thieves","floor":19,"turns":5},{"damage":49,"enemies":"Snecko","floor":20,"turns":6}],"seed_played":"440387120959979552","potions_obtained":[{"floor":1,"key":"FairyPotion"},{"floor":3,"key":"GamblersBrew"},{"floor":8,"key":"SteroidPotion"},{"floor":14,"key":"FearPotion"},{"floor":18,"key":"SkillPotion"}],"is_trial":false,"path_per_floor":["M","M","M","M","$","R","M","E","T","R","?","E","$","M","R","B",null,"M","M","M"],"character_chosen":"IRONCLAD","items_purchased":["Pen Nib","Shrug It Off"],"campfire_rested":1,"item_purchase_floors":[5,13],"current_hp_per_floor":[72,72,73,65,65,65,52,29,29,29,29,27,27,31,55,40,72,42,28,0],"gold":76,"neow_bonus":"TEN_PERCENT_HP_BONUS","is_prod":false,"is_daily":false,"chose_seed":false,"campfire_upgraded":2,"win_rate":0,"timestamp":1567416870,"path_taken":["M","M","M","M","$","R","M","E","T","R","?","E","?","M","R","BOSS","M","M","M"],"build_version":"2019-07-17","purchased_purges":0,"victory":false,"max_hp_per_floor":[82,82,82,82,82,82,82,82,82,82,82,82,82,82,82,82,82,82,82,82],"card_choices":[{"not_picked":["Dual Wield","Heavy Blade"],"picked":"Carnage","floor":1},{"not_picked":["Sword Boomerang","Intimidate"],"picked":"Headbutt","floor":2},{"not_picked":["Entrench","Headbutt"],"picked":"Exhume","floor":3},{"not_picked":["Blood for Blood","Anger"],"picked":"Battle Trance","floor":4},{"not_picked":["True Grit","Anger"],"picked":"Metallicize","floor":7},{"not_picked":["Carnage","Sword Boomerang"],"picked":"Headbutt","floor":8},{"not_picked":["Heavy Blade","True Grit"],"picked":"Ghostly Armor","floor":12},{"not_picked":["Warcry","Carnage","Bloodletting"],"picked":"SKIP","floor":14},{"not_picked":["Warcry","Carnage","Bloodletting"],"picked":"SKIP","floor":14},{"not_picked":["True Grit","Anger"],"picked":"Ghostly Armor","floor":15},{"not_picked":["Juggernaut","Reaper"],"picked":"Exhume","floor":16},{"not_picked":["Rage","Dual Wield","Twin Strike+1"],"picked":"SKIP","floor":18},{"not_picked":["Fire Breathing","Cleave"],"picked":"Spot Weakness","floor":19}],"player_experience":574086,"relics_obtained":[{"floor":8,"key":"Gremlin Horn"},{"floor":9,"key":"Potion Belt"},{"floor":12,"key":"Dream Catcher"}],"event_choices":[{"damage_healed":0,"gold_gain":0,"player_choice":"Upgraded","damage_taken":0,"max_hp_gain":0,"max_hp_loss":0,"event_name":"Upgrade Shrine","floor":11,"gold_loss":0,"cards_upgraded":["Metallicize"]}],"is_beta":false,"boss_relics":[{"not_picked":["Black Blood","White Beast Statue"],"picked":"Astrolabe"}],"items_purged_floors":[],"is_endless":false,"potions_floor_spawned":[1,3,8,14,18],"killed_by":"Snecko","ascension_level":20}