{"gold_per_floor":[212,137,137,37,57,100,100,100,100,100,120,120,154,216,216,216],"floor_reached":16,"playtime":1090,"items_purged":["Strike_R","Strike_R"],"score":138,"play_id":"b3ee0c62-6074-4e2a-b963-6a3e7318cb59","local_time":"20191002070102","is_ascension_mode":true,"campfire_choices":[{"floor":8,"key":"REST"},{"data":"Dual Wield","floor":10,"key":"SMITH"},{"data":"Armaments","floor":12,"key":"SMITH"},{"floor":15,"key":"REST"}],"neow_cost":"NONE","seed_source_timestamp":441131127702494,"circlet_count":0,"master_deck":["Strike_R","Strike_R","Strike_R","Defend_R","Defend_R","Defend_R","Defend_R","Bash+1","Shrug It Off","Sword Boomerang","Dual Wield+1","Armaments+1","Iron Wave"],"relics":["Burning Blood","Golden Idol","Potion Belt","Frozen Egg 2","Juzu Bracelet"],"potions_floor_usage":[6,13,16],"damage_taken":[{"damage":3,"enemies":"Small Slimes","floor":1,"turns":4},{"damage":2,"enemies":"Cultist","floor":5,"turns":5},{"damage":36,"enemies":"Gremlin Nob","floor":6,"turns":5},{"damage":7,"enemies":"2 Louse","floor":11,"turns":2},{"damage":42,"enemies":"Lagavulin","floor":13,"turns":7},{"damage":45,"enemies":"The Guardian","floor":16,"turns":8}],"seed_played":"1702948676217125885","potions_obtained":[{"floor":5,"key":"PowerPotion"},{"floor":6,"key":"AttackPotion"},{"floor":13,"key":"Swift Potion"}],"is_trial":false,"path_per_floor":["M","$","?","$","M","E","?","R","T","R","M","R","E","?","R","B"],"character_chosen":"IRONCLAD","items_purchased":[],"campfire_rested":2,"item_purchase_floors":[],"current_hp_per_floor":[75,75,55,55,59,29,29,53,53,53,52,52,16,16,40,0],"gold":216,"neow_bonus":"HUNDRED_GOLD","is_prod":false,"is_daily":false,"chose_seed":false,"campfire_upgraded":2,"win_rate":0,"timestamp":1570024862,"path_taken":["M","$","?","$","M","E","?","R","T","R","M","R","E","?","R","BOSS"],"build_version":"2019-07-17","purchased_purges":2,"victory":false,"max_hp_per_floor":[80,80,80,80,80,80,80,80,80,80,80,80,80,80,80,80],"card_choices":[{"not_picked":["Sword Boomerang","Perfected Strike"],"picked":"Shrug It Off","floor":1},{"not_picked":["Reckless Charge","Anger"],"picked":"Sword Boomerang","floor":5},{"not_picked":["True Grit","Iron Wave"],"picked":"Dual Wield","floor":6},{"not_picked":["Body Slam","Sword Boomerang"],"picked":"Armaments","floor":11},{"not_picked":["Clash","Sword Boomerang"],"picked":"Iron Wave","floor":13}],"player_experience":652510,"relics_obtained":[{"floor":6,"key":"Potion Belt"},{"floor":9,"key":"Frozen Egg 2"},{"floor":13,"key":"Juzu Bracelet"}],"event_choices":[{"damage_healed":0,"gold_gain":0,"player_choice":"Take Damage","damage_taken":20,"relics_obtained":["Golden Idol"],"max_hp_gain":0,"max_hp_loss":0,"event_name":"Golden Idol","floor":3,"gold_loss":0},{"damage_healed":0,"gold_gain":0,"player_choice":"Forge","damage_taken":0,"max_hp_gain":0,"max_hp_loss":0,"event_name":"Accursed Blacksmith","floor":7,"gold_loss":0,"cards_upgraded":["Bash"]},{"damage_healed":0,"gold_gain":62,"player_choice":"Gained Gold","damage_taken":0,"max_hp_gain":0,"max_hp_loss":0,"event_name":"Golden Wing","floor":14,"gold_loss":0}],"is_beta":false,"boss_relics":[],"items_purged_floors":[2,4],"is_endless":false,"potions_floor_spawned":[5,6,13],"killed_by":"The Guardian","ascension_level":6}