{"path_per_floor":["M","?","$","?","M","E","R","M","T","M","?","?","T","M","R","B",null,"M","M","?","$","M","R","?","R","T","R","M","T","?","M","R","B",null,"M","?","?","?","?","R","M","M","T","$","R","$","E","M","R","B"],"character_chosen":"THE_SILENT","items_purchased":["Blur","Footwork","Predator","Toolbox","Mercury Hourglass","Heel Hook"],"gold_per_floor":[114,114,3,3,18,48,48,63,143,158,165,165,240,255,255,355,355,370,385,385,310,325,325,325,325,325,325,340,340,340,355,355,455,455,470,720,720,720,720,720,735,750,750,422,422,33,63,78,78,78],"floor_reached":51,"campfire_rested":0,"playtime":3671,"current_hp_per_floor":[68,67,66,65,64,56,56,61,66,61,59,46,52,58,58,57,70,64,63,63,63,63,63,53,53,59,59,65,78,57,56,55,60,59,58,63,62,52,66,65,64,62,68,67,66,65,64,63,62,61],"items_purged":["Regret","Defend_G"],"gold":78,"score":874,"play_id":"fbced7a2-ecfe-4fd1-b4ff-c0afdf22159d","local_time":"20180404064443","daily_mods":["Allstar","Cursed Run","Terminal"],"is_prod":false,"is_daily":true,"is_ascension_mode":false,"campfire_upgraded":7,"timestamp":1522849483,"path_taken":["M","?","$","?","?","E","R","M","T","M","?","?","?","M","R","BOSS","M","M","?","$","M","R","?","R","T","R","?","?","?","M","R","BOSS","M","?","?","?","?","R","?","M","T","?","R","$","E","M","R","BOSS"],"build_version":"2018-04-03","purchased_purges":3,"victory":true,"master_deck":["Defend_G","Defend_G","Defend_G","Defend_G","Survivor","Neutralize+1","Flash of Steel","Secret Technique+1","Master of Strategy","Transmutation+1","Flash of Steel","Quick Slash","Blur","Footwork+1","Slice","Expertise","Terror+1","Writhe","Blur","Cloak And Dagger","Clumsy","After Image+1","PiercingWail","Deflect","Flying Knee","Outmaneuver","Leg Sweep","Malaise+1","Doppelganger","Necronomicurse","Injury","Predator","Doubt","Bite","Bite","Bite","Bite","Bite","Escape Plan","Pain","Die Die Die","Sucker Punch+1","Regret","Flash of Steel","Panacea","Purity","Writhe","Acrobatics+1","Quick Slash","Doubt","Predator","Heel Hook","Injury"],"max_hp_per_floor":[68,67,66,65,64,63,62,61,66,65,64,63,68,67,66,71,70,69,68,67,66,65,64,69,68,73,72,71,83,57,56,55,60,59,58,63,62,61,66,65,64,63,68,67,66,65,64,63,62,67],"relics":["Cursed Key","Darkstone Periapt","Du-Vu Doll","Bottled Lightning","Tiny Chest","Odd Mushroom","Paper Crane","Orrery","Anchor","Necronomicon","Torii","Strawberry","Lizard Tail","Shovel","Toolbox","Tough Bandages","Mercury Hourglass","Toxic Egg 2","Gremlin Horn"],"card_choices":[{"not_picked":["Concentrate","Endless Agony"],"picked":"Quick Slash","floor":1},{"not_picked":["Dash","Flying Knee"],"picked":"Slice","floor":5},{"not_picked":["All Out Attack","Slice"],"picked":"Expertise","floor":6},{"not_picked":["Caltrops","Underhanded Strike"],"picked":"Terror","floor":8},{"not_picked":["Flying Knee","Flechettes"],"picked":"Blur","floor":10},{"not_picked":["Poisoned Stab","Backflip"],"picked":"Cloak And Dagger","floor":11},{"not_picked":["Wraith Form","Adrenaline"],"picked":"After Image","floor":16},{"not_picked":["Underhanded Strike","Dagger Throw"],"picked":"PiercingWail","floor":17},{"not_picked":["Calculated Gamble","Caltrops"],"picked":"Deflect","floor":17},{"not_picked":["Backflip","Bouncing Flask"],"picked":"Flying Knee","floor":17},{"not_picked":["All Out Attack","Deadly Poison"],"picked":"Outmaneuver","floor":17},{"not_picked":["Crippling Poison","Prepared"],"picked":"Leg Sweep","floor":17},{"not_picked":["Flying Knee","Dash"],"picked":"Malaise","floor":18},{"not_picked":["Quick Slash","Endless Agony"],"picked":"Doppelganger","floor":22},{"not_picked":["Slice","Dagger Spray"],"picked":"Predator","floor":28},{"not_picked":["Slice","Dagger Throw"],"picked":"Escape Plan","floor":31},{"not_picked":["Bullet Time","Doppelganger"],"picked":"Die Die Die","floor":33},{"not_picked":["Quick Slash","PiercingWail"],"picked":"Sucker Punch","floor":35},{"not_picked":["Sadistic Nature","Panacea"],"picked":"Flash of Steel","floor":38},{"not_picked":["Dramatic Entrance","Swift Strike"],"picked":"Panacea","floor":38},{"not_picked":["Master of Strategy","Transmutation"],"picked":"Purity","floor":38},{"not_picked":["Dodge and Roll","Endless Agony"],"picked":"Acrobatics","floor":41},{"not_picked":["Malaise","Acrobatics"],"picked":"Quick Slash","floor":42}],"player_experience":412067,"potions_floor_usage":[6,6,11,18,18,22,22,41,47,47,50],"damage_taken":[{"damage":0,"enemies":"Small Slimes","floor":1,"turns":3},{"damage":0,"enemies":"Cultist","floor":5,"turns":4},{"damage":8,"enemies":"Gremlin Nob","floor":6,"turns":4},{"damage":0,"enemies":"2 Louse","floor":8,"turns":3},{"damage":5,"enemies":"Exordium Thugs","floor":10,"turns":5},{"damage":2,"enemies":"The Mushroom Lair","floor":11,"turns":3},{"damage":0,"enemies":"Red Slaver","floor":14,"turns":5},{"damage":7,"enemies":"Hexaghost","floor":16,"turns":9},{"damage":6,"enemies":"Chosen","floor":18,"turns":4},{"damage":1,"enemies":"Shell Parasite","floor":19,"turns":6},{"damage":0,"enemies":"Cultist and Chosen","floor":22,"turns":11},{"damage":0,"enemies":"Slaver and Parasite","floor":28,"turns":7},{"damage":0,"enemies":"Centurion and Healer","floor":31,"turns":6},{"damage":0,"enemies":"Collector","floor":33,"turns":11},{"damage":3,"enemies":"3 Darklings","floor":35,"turns":7},{"damage":0,"enemies":"Flame Bruiser 1 Orb","floor":41,"turns":2},{"damage":12,"enemies":"Sphere and 2 Shapes","floor":42,"turns":11},{"damage":1,"enemies":"2 Orb Walkers","floor":47,"turns":2},{"damage":0,"enemies":"3 Darklings","floor":48,"turns":4},{"damage":13,"enemies":"Time Eater","floor":50,"turns":10}],"event_choices":[{"event_name":"The Lab","player_choice":"Got Potions","floor":2,"damage_taken":0},{"event_name":"Match and Keep!","player_choice":"0 cards matched","floor":4,"damage_taken":0},{"event_name":"Mushrooms","player_choice":"Fought Mushrooms","floor":11,"damage_taken":0},{"event_name":"Shining Light","player_choice":"Entered Light","floor":12,"damage_taken":0},{"event_name":"The Mausoleum","player_choice":"Yes","floor":20,"damage_taken":0},{"event_name":"Cursed Tome","player_choice":"Obtained Book","floor":24,"damage_taken":0},{"event_name":"Vampires","player_choice":"Became a vampire","floor":30,"damage_taken":0},{"event_name":"Golden Shrine","player_choice":"Desecrate","floor":36,"damage_taken":0},{"event_name":"Tomb of Lord Red Mask","player_choice":"Ignored","floor":37,"damage_taken":0},{"event_name":"SensoryStone","player_choice":"Memory 3","floor":38,"damage_taken":0},{"event_name":"Winding Halls","player_choice":"Writhe","floor":39,"damage_taken":0}],"boss_relics":[{"not_picked":["Black Star","Velvet Choker"],"picked":"Orrery"},{"not_picked":["Tiny House","Eternal Feather"],"picked":"Lizard Tail"}],"potions_floor_spawned":[8,11,16,18,33,35,41,42],"seed_played":"770442836024540376","ascension_level":0,"is_trial":false}