{"path_per_floor":["M","M","?","M","M","?","E","R","T","M","R","$","M","T","R","B",null,"M","?","M","M","M","R","E","R","T","?","$","M","M","?","R","B",null,"M","?","M","M","$","M","M","R","T","E","?","?","R","M","R","B"],"character_chosen":"IRONCLAD","items_purchased":["Metallicize","Mummified Hand","Gremlin Horn","Bag of Marbles"],"gold_per_floor":[114,129,129,144,159,109,139,139,164,179,179,98,113,163,163,263,263,278,203,218,233,248,248,278,278,303,503,3,18,33,33,33,133,133,148,148,163,178,28,43,58,58,58,88,88,88,88,103,103,103],"floor_reached":51,"campfire_rested":2,"playtime":4977,"current_hp_per_floor":[80,80,80,80,74,74,65,65,65,74,74,74,80,80,80,34,80,79,79,67,60,64,64,58,80,80,80,80,74,77,77,77,80,80,71,71,61,67,67,56,60,80,80,80,80,80,80,78,78,45],"items_purged":[],"gold":103,"score":755,"play_id":"58053e5e-121e-4cc5-b269-eb393616e219","local_time":"20180402172752","daily_mods":["Insanity","Uncertain Future","Hoarder"],"is_prod":false,"is_daily":true,"is_ascension_mode":false,"campfire_upgraded":7,"timestamp":1522715272,"path_taken":["M","M","?","M","M","?","E","R","T","M","R","$","M","?","R","BOSS","M","?","M","M","M","R","E","R","T","?","$","M","M","?","R","BOSS","M","?","M","M","$","M","M","R","T","E","?","?","R","M","R","BOSS"],"build_version":"2018-03-29","purchased_purges":0,"victory":true,"master_deck":["Second Wind","True Grit","Fiend Fire","Reaper","Demon Form+1","Rupture+1","Dropkick","Pummel","Hemokinesis","Searing Blow","Shockwave","Shockwave","Immolate","Seeing Red","Iron Wave","Ghostly Armor","Spot Weakness","Brutality","Fiend Fire+1","Metallicize+1","Perfected Strike","Fiend Fire","Armaments","Berserk","Barricade","Dual Wield","Pommel Strike","Shockwave","Armaments+1","Hemokinesis","Offering","Reckless Charge","Double Tap","Metallicize+1","Reckless Charge","Evolve","Rage","Power Through","Twin Strike+1","Burning Pact","Dual Wield","True Grit","Entrench","Armaments+1","Bludgeon","Offering","Double Tap","Shrug It Off","Shrug It Off","Shrug It Off","Shrug It Off","Shrug It Off","Shrug It Off","Wild Strike","Wild Strike","Wild Strike","Iron Wave","Iron Wave+1","Inflame","Inflame","Inflame","Metallicize","Metallicize","Metallicize","Flex+1","Flex+1","Flex+1","Metallicize+1","Metallicize+1","Metallicize+1","Metallicize","Metallicize","Metallicize","Sword Boomerang","Sword Boomerang","Sword Boomerang","Warcry+1","Warcry+1","Warcry+1","Pummel+1","Pummel+1","Pummel+1","Ghostly Armor","Ghostly Armor","Ghostly Armor"],"max_hp_per_floor":[80,80,80,80,80,80,80,80,80,80,80,80,80,80,80,80,80,80,80,80,80,80,80,80,80,80,80,80,80,80,80,80,80,80,80,80,80,80,80,80,80,80,80,80,80,80,80,80,80,80],"relics":["Black Blood","Vajra","Blood Vial","Whetstone","Runic Cube","Bottled Flame","Juzu Bracelet","Mummified Hand","Gremlin Horn","Bag of Marbles","Thread and Needle","Dodecahedron"],"card_choices":[{"not_picked":["Corruption","Evolve"],"picked":"Shrug It Off","floor":1},{"not_picked":["Second Wind","Perfected Strike"],"picked":"Shrug It Off","floor":2},{"not_picked":["Perfected Strike","Warcry"],"picked":"Wild Strike","floor":4},{"not_picked":["Clash","Infernal Blade"],"picked":"Iron Wave","floor":5},{"not_picked":["Carnage","Pommel Strike"],"picked":"Inflame","floor":10},{"not_picked":["Searing Blow","Juggernaut"],"picked":"Flex","floor":24},{"not_picked":["Clash","Body Slam"],"picked":"Metallicize","floor":29},{"not_picked":["Sword Boomerang","Body Slam"],"picked":"Metallicize","floor":30},{"not_picked":["Shrug It Off","Flame Barrier"],"picked":"Sword Boomerang","floor":35},{"not_picked":["Armaments","Thunderclap"],"picked":"Warcry","floor":37},{"not_picked":["True Grit","Headbutt"],"picked":"Pummel","floor":38}],"player_experience":405130,"potions_floor_usage":[7,22,24,24,33,44,44,48],"damage_taken":[{"damage":4,"enemies":"Jaw Worm","floor":1,"turns":3},{"damage":8,"enemies":"2 Louse","floor":2,"turns":2},{"damage":5,"enemies":"Small Slimes","floor":4,"turns":2},{"damage":12,"enemies":"3 Louse","floor":5,"turns":4},{"damage":15,"enemies":"Gremlin Nob","floor":7,"turns":3},{"damage":4,"enemies":"2 Fungi Beasts","floor":10,"turns":3},{"damage":0,"enemies":"Large Slime","floor":13,"turns":5},{"damage":52,"enemies":"The Guardian","floor":16,"turns":13},{"damage":7,"enemies":"Chosen","floor":18,"turns":3},{"damage":19,"enemies":"Spheric Guardian","floor":20,"turns":10},{"damage":23,"enemies":"Snake Plant","floor":21,"turns":6},{"damage":19,"enemies":"Snecko","floor":22,"turns":6},{"damage":14,"enemies":"Slavers","floor":24,"turns":7},{"damage":12,"enemies":"Cultist and Chosen","floor":29,"turns":5},{"damage":5,"enemies":"Slaver and Parasite","floor":30,"turns":5},{"damage":18,"enemies":"Collector","floor":33,"turns":11},{"damage":19,"enemies":"3 Shapes","floor":35,"turns":7},{"damage":22,"enemies":"Orb Walker","floor":37,"turns":4},{"damage":29,"enemies":"3 Darklings","floor":38,"turns":7},{"damage":23,"enemies":"Maw","floor":40,"turns":6},{"damage":8,"enemies":"Flame Bruiser 2 Orb","floor":41,"turns":3},{"damage":15,"enemies":"Giant Head","floor":44,"turns":9},{"damage":12,"enemies":"4 Shapes","floor":48,"turns":6},{"damage":45,"enemies":"Time Eater","floor":50,"turns":8}],"event_choices":[{"event_name":"Liars Game","player_choice":"disagreed","floor":3,"damage_taken":0},{"event_name":"The Cleric","player_choice":"Card Removal","floor":6,"damage_taken":0},{"event_name":"Beggar","player_choice":"Gave Gold","floor":19,"damage_taken":0},{"event_name":"The Joust","player_choice":"Bet on Owner","floor":27,"damage_taken":0},{"event_name":"The Mausoleum","player_choice":"No","floor":31,"damage_taken":0},{"event_name":"Tomb of Lord Red Mask","player_choice":"Ignored","floor":36,"damage_taken":0},{"event_name":"Transmorgrifier","player_choice":"Transform","floor":45,"damage_taken":0}],"boss_relics":[{"not_picked":["White Beast Statue","Black Star"],"picked":"Runic Cube"},{"not_picked":["Orrery","Snecko Eye"],"picked":"Black Blood"}],"potions_floor_spawned":[1,4,5,20,24,29,35,41,44],"seed_played":"-6970062414671020423","ascension_level":0,"is_trial":false}