{"gold_per_floor":[114,114,134,151,171,171,229,229,229,261,278,278],"floor_reached":12,"playtime":803,"items_purged":[],"score":153,"play_id":"a7d2ac38-db79-476d-b493-8c49ba242552","local_time":"20190922211514","is_ascension_mode":true,"campfire_choices":[{"data":"Neutralize","floor":6,"key":"SMITH"}],"neow_cost":"NONE","seed_source_timestamp":85553432096300,"circlet_count":0,"master_deck":["AscendersBane","Strike_G","Strike_G","Strike_G","Strike_G","Defend_G","Defend_G","Defend_G","Defend_G","Defend_G","Survivor","Neutralize+1","Riddle With Holes","Backflip","Dagger Spray","Backflip","A Thousand Cuts"],"relics":["Ring of the Snake","Tiny Chest","Paper Crane","Incense Burner"],"potions_floor_usage":[7,7,12],"damage_taken":[{"damage":6,"enemies":"Jaw Worm","floor":1,"turns":6},{"damage":5,"enemies":"Cultist","floor":3,"turns":5},{"damage":0,"enemies":"Small Slimes","floor":4,"turns":3},{"damage":19,"enemies":"Gremlin Gang","floor":5,"turns":5},{"damage":20,"enemies":"Gremlin Nob","floor":7,"turns":4},{"damage":19,"enemies":"3 Sentries","floor":10,"turns":13},{"damage":0,"enemies":"Blue Slaver","floor":11,"turns":6},{"damage":9,"enemies":"Lagavulin","floor":12,"turns":8}],"seed_played":"4531049919942477002","potions_obtained":[{"floor":1,"key":"AttackPotion"},{"floor":4,"key":"Poison Potion"},{"floor":7,"key":"FearPotion"}],"is_trial":false,"path_per_floor":["M","?","M","M","M","R","E","?","T","E","M","E"],"character_chosen":"THE_SILENT","items_purchased":[],"campfire_rested":0,"item_purchase_floors":[],"current_hp_per_floor":[59,72,67,67,48,48,28,28,28,9,9,0],"gold":278,"neow_bonus":"TEN_PERCENT_HP_BONUS","is_prod":false,"is_daily":false,"chose_seed":false,"campfire_upgraded":1,"win_rate":0,"timestamp":1569154514,"path_taken":["M","?","M","M","?","R","E","?","T","E","M","E"],"build_version":"2019-09-20","purchased_purges":0,"victory":false,"max_hp_per_floor":[72,72,72,72,72,72,72,72,72,72,72,72],"card_choices":[{"not_picked":["Flying Knee","Distraction"],"picked":"Riddle With Holes","floor":1},{"not_picked":["Dagger Throw","Terror"],"picked":"Backflip","floor":3},{"not_picked":["Backflip","Bane"],"picked":"Dagger Spray","floor":4},{"not_picked":["Escape Plan","Underhanded Strike"],"picked":"Backflip","floor":5},{"not_picked":["Poisoned Stab","All Out Attack","Sucker Punch"],"picked":"SKIP","floor":7},{"not_picked":["Eviscerate","Underhanded Strike","Quick Slash"],"picked":"SKIP","floor":10},{"not_picked":["Cloak And Dagger","Slice"],"picked":"A Thousand Cuts","floor":11}],"player_experience":831362,"relics_obtained":[{"floor":7,"key":"Tiny Chest"},{"floor":9,"key":"Paper Crane"},{"floor":10,"key":"Incense Burner"}],"event_choices":[{"damage_healed":13,"gold_gain":0,"player_choice":"Full Heal","damage_taken":0,"max_hp_gain":0,"max_hp_loss":0,"event_name":"Wheel of Change","floor":2,"gold_loss":0},{"cards_removed":["Strike_G"],"damage_healed":0,"gold_gain":0,"player_choice":"Purged","damage_taken":0,"max_hp_gain":0,"max_hp_loss":0,"event_name":"Purifier","floor":8,"gold_loss":0}],"is_beta":true,"boss_relics":[],"items_purged_floors":[],"is_endless":false,"potions_floor_spawned":[1,4,7],"killed_by":"Lagavulin","ascension_level":14}