{"gold_per_floor":[115,115,131,144,155,186,186,186,233,233,249,268,302,315,315,315],"floor_reached":16,"playtime":625,"items_purged":[],"score":228,"play_id":"f8a810c5-de27-4f36-b2ef-6cbf34cebf9e","local_time":"20190815140714","is_ascension_mode":true,"campfire_choices":[{"data":"Crippling Poison","floor":7,"key":"SMITH"},{"floor":10,"key":"REST"},{"data":"Neutralize","floor":15,"key":"SMITH"}],"neow_cost":"NONE","seed_source_timestamp":1302430566151148,"circlet_count":0,"master_deck":["AscendersBane","Strike_G","Strike_G","Strike_G","Strike_G","Defend_G","Defend_G","Defend_G","Defend_G","Defend_G","Survivor","Neutralize+1","Dagger Spray+1","Backflip","Crippling Poison+1","Poisoned Stab","PiercingWail","Calculated Gamble"],"relics":["Ring of the Snake","Snake Skull","Pear","Oddly Smooth Stone","Boot"],"potions_floor_usage":[16],"damage_taken":[{"damage":1,"enemies":"Jaw Worm","floor":1,"turns":5},{"damage":0,"enemies":"Cultist","floor":3,"turns":4},{"damage":0,"enemies":"Small Slimes","floor":4,"turns":5},{"damage":9,"enemies":"Gremlin Gang","floor":5,"turns":2},{"damage":43,"enemies":"Gremlin Nob","floor":6,"turns":5},{"damage":0,"enemies":"Red Slaver","floor":11,"turns":4},{"damage":2,"enemies":"Looter","floor":12,"turns":3},{"damage":25,"enemies":"Lagavulin","floor":13,"turns":7},{"damage":0,"enemies":"3 Louse","floor":14,"turns":2},{"damage":13,"enemies":"Hexaghost","floor":16,"turns":9}],"seed_played":"-4281055234623439302","potions_obtained":[{"floor":11,"key":"SkillPotion"},{"floor":12,"key":"GamblersBrew"}],"is_trial":false,"path_per_floor":["M","?","M","M","M","E","R","?","T","R","M","M","E","M","R","B"],"character_chosen":"THE_SILENT","items_purchased":[],"campfire_rested":1,"item_purchase_floors":[],"current_hp_per_floor":[58,58,58,58,49,16,16,16,16,38,38,36,11,11,11,0],"gold":315,"neow_bonus":"RANDOM_COMMON_RELIC","is_prod":false,"is_daily":false,"chose_seed":false,"campfire_upgraded":2,"win_rate":0,"timestamp":1565856434,"path_taken":["M","?","M","M","?","E","R","?","T","R","M","M","E","M","R","BOSS"],"build_version":"2019-07-17","purchased_purges":0,"victory":false,"max_hp_per_floor":[66,66,66,66,66,76,76,76,76,76,76,76,76,76,76,76],"card_choices":[{"not_picked":["Sucker Punch","Outmaneuver"],"picked":"Dagger Spray","floor":1},{"not_picked":["Deflect","Flying Knee"],"picked":"Backflip","floor":3},{"not_picked":["Outmaneuver","Underhanded Strike"],"picked":"Crippling Poison","floor":4},{"not_picked":["Acrobatics","Setup","Underhanded Strike"],"picked":"SKIP","floor":5},{"not_picked":["Phantasmal Killer","Underhanded Strike"],"picked":"Poisoned Stab","floor":6},{"not_picked":["Accuracy","Dagger Spray"],"picked":"PiercingWail","floor":11},{"not_picked":["Prepared","Deflect"],"picked":"Calculated Gamble","floor":12},{"not_picked":["Prepared","Poisoned Stab","Flechettes"],"picked":"SKIP","floor":13},{"not_picked":["Cloak And Dagger","Distraction","Dagger Throw"],"picked":"SKIP","floor":14}],"player_experience":1638228,"relics_obtained":[{"floor":6,"key":"Pear"},{"floor":9,"key":"Oddly Smooth Stone"},{"floor":13,"key":"Boot"}],"event_choices":[{"damage_healed":0,"gold_gain":0,"player_choice":"Upgraded","damage_taken":0,"max_hp_gain":0,"max_hp_loss":0,"event_name":"Upgrade Shrine","floor":2,"gold_loss":0,"cards_upgraded":["Dagger Spray"]},{"cards_removed":["Strike_G"],"damage_healed":0,"gold_gain":0,"player_choice":"Offered Basic","damage_taken":0,"max_hp_gain":0,"max_hp_loss":0,"event_name":"Bonfire Elementals","floor":8,"gold_loss":0}],"is_beta":false,"boss_relics":[],"items_purged_floors":[],"is_endless":false,"potions_floor_spawned":[11,12,14],"killed_by":"Hexaghost","ascension_level":20}