{"path_per_floor":["M","?","?","$","M","R","M","M","T","M","M","?","R","?","R","B",null,"M","?","$","M","?","E","R","M","T","E","R","E","?","$","R","B",null,"M","?","?","$","M","R","M","T","T","E","M","?","R","M","R","B"],"character_chosen":"THE_SILENT","items_purchased":["PiercingWail","Escape Plan","Footwork","Bag of Marbles","Bandage Up"],"gold_per_floor":[114,114,64,39,54,54,69,84,84,99,114,114,114,114,114,214,214,229,229,158,173,88,118,118,133,208,238,238,298,298,223,223,323,323,338,338,338,97,112,112,127,152,177,207,222,222,222,237,237,237],"floor_reached":51,"campfire_rested":2,"playtime":3348,"current_hp_per_floor":[70,70,70,70,70,70,70,70,70,69,69,69,69,62,62,43,70,68,55,55,55,55,43,65,60,60,57,57,57,57,57,57,26,75,75,65,65,65,63,63,64,64,64,48,40,40,75,72,72,38],"items_purged":[],"gold":237,"score":973,"play_id":"e4694019-a265-48cd-85bf-c7e10e8270af","local_time":"20180518180055","daily_mods":["Insanity","Elite Swarm","Hoarder"],"is_prod":false,"is_daily":true,"chose_seed":false,"is_ascension_mode":false,"campfire_upgraded":4,"timestamp":1526691655,"campfire_choices":[{"data":"Envenom","floor":6,"key":"SMITH"},{"data":"Envenom","floor":13,"key":"SMITH"},{"data":"Bullet Time","floor":15,"key":"SMITH"},{"floor":24,"key":"REST"},{"data":"1","floor":28,"key":"LIFT"},{"data":"2","floor":32,"key":"LIFT"},{"data":"3","floor":40,"key":"LIFT"},{"floor":47,"key":"REST"},{"data":"Magnetism","floor":49,"key":"SMITH"}],"path_taken":["M","?","?","$","M","R","M","M","T","M","M","?","R","?","R","BOSS","M","?","$","?","?","E","R","?","T","E","R","E","?","$","R","BOSS","M","?","?","$","M","R","M","?","T","E","M","?","R","M","R","BOSS"],"build_version":"2018-05-17","seed_source_timestamp":0,"purchased_purges":0,"victory":true,"master_deck":["PiercingWail","Dagger Throw","Die Die Die","Defend_G","Deadly Poison","Distraction","Escape Plan","Flechettes","Dodge and Roll","Envenom+1","Choke","Acrobatics","Concentrate","Predator","Phantasmal Killer","Masterful Stab","Acrobatics","Bullet Time+1","Dagger Spray","Finisher","Venomology","Eviscerate","Venomology","Poisoned Stab","Underhanded Strike","Backflip","Envenom+1","Venomology","Burst","Storm of Steel","Endless Agony","Die Die Die","Bane","Quick Slash","Terror","Underhanded Strike","Quick Slash","Concentrate","Catalyst","A Thousand Cuts","Outmaneuver","Outmaneuver","PiercingWail","Dodge and Roll","Slice","Doppelganger","Acrobatics","A Thousand Cuts","Dodge and Roll","Dodge and Roll","Dodge and Roll","PiercingWail","PiercingWail","PiercingWail","Backstab","Backstab","Backstab","Endless Agony","Endless Agony","Endless Agony","Dodge and Roll","Dodge and Roll","Dodge and Roll","Slice","Slice","Slice","Blur","Blur","Blur","Blur","Blur","PiercingWail","PiercingWail","PiercingWail","Leg Sweep","Leg Sweep","Leg Sweep","Slice","Slice","Slice","Blur","Blur","Blur","Escape Plan","Escape Plan","Escape Plan","PiercingWail+1","PiercingWail+1","PiercingWail+1","Backstab","Backstab","Backstab","Footwork","Footwork","Footwork","Die Die Die","Die Die Die","Die Die Die","Escape Plan+1","Escape Plan+1","Escape Plan+1","Dark Shackles","Dark Shackles","Dark Shackles","Master of Strategy","Master of Strategy","Master of Strategy","Magnetism+1","Magnetism","Magnetism","Bandage Up","Bandage Up","Bandage Up","Deflect+1","Deflect+1","Deflect+1","PiercingWail","PiercingWail","PiercingWail"],"max_hp_per_floor":[70,70,70,70,70,70,70,70,70,70,70,70,70,70,70,70,70,70,75,75,75,75,75,75,75,75,75,75,75,75,75,75,75,75,75,75,75,75,75,75,75,75,75,75,75,75,75,75,75,75],"relics":["Ring of the Snake","Ginger","Bag of Preparation","Orrery","Omamori","Art of War","Girya","Tiny Chest","Nloth\u0027s Gift","Black Star","Bag of Marbles","Blood Vial","Anchor","Regal Pillow","Happy Flower"],"card_choices":[{"not_picked":["Quick Slash","Deadly Poison","Malaise"],"picked":"SKIP","floor":1},{"not_picked":["Eviscerate","Crippling Poison"],"picked":"Backstab","floor":5},{"not_picked":["Setup","Flechettes"],"picked":"Endless Agony","floor":7},{"not_picked":["Flying Knee","Expertise"],"picked":"Dodge and Roll","floor":8},{"not_picked":["Accuracy","Flechettes","Masterful Stab"],"picked":"SKIP","floor":10},{"not_picked":["Dagger Throw","Setup"],"picked":"Slice","floor":11},{"not_picked":["Dodge and Roll","Expertise"],"picked":"Blur","floor":17},{"not_picked":["Underhanded Strike","Prepared"],"picked":"Blur","floor":17},{"not_picked":["Dagger Throw","Eviscerate"],"picked":"PiercingWail","floor":17},{"not_picked":["Endless Agony","Quick Slash"],"picked":"Leg Sweep","floor":17},{"not_picked":["Riddle With Holes","Quick Slash"],"picked":"Slice","floor":17},{"not_picked":["Unload","Acrobatics"],"picked":"Blur","floor":18},{"not_picked":["Outmaneuver","Accuracy+1"],"picked":"PiercingWail+1","floor":21},{"not_picked":["Night Terror","Doppelganger","Corpse Explosion"],"picked":"SKIP","floor":23},{"not_picked":["Masterful Stab+1","Backflip"],"picked":"Backstab","floor":25},{"not_picked":["Venomology","Burst","Doppelganger"],"picked":"SKIP","floor":27},{"not_picked":["Venomology","Tactician","A Thousand Cuts"],"picked":"SKIP","floor":29},{"not_picked":["Bullet Time","Wraith Form v2"],"picked":"Die Die Die","floor":33},{"not_picked":["Deflect+1","Flying Knee+1"],"picked":"Escape Plan+1","floor":35},{"not_picked":["Apotheosis","Bandage Up"],"picked":"Dark Shackles","floor":36},{"not_picked":["Transmutation","Swift Strike"],"picked":"Master of Strategy","floor":36},{"not_picked":["Jack Of All Trades","Flash of Steel"],"picked":"Magnetism","floor":36},{"not_picked":["Backflip","Bouncing Flask+1"],"picked":"Deflect+1","floor":39},{"not_picked":["Quick Slash+1","Flechettes","Dodge and Roll+1"],"picked":"SKIP","floor":41},{"not_picked":["Tactician","Envenom","Unload"],"picked":"SKIP","floor":44},{"not_picked":["Crippling Poison","Prepared","Finisher"],"picked":"SKIP","floor":45},{"not_picked":["Well Laid Plans+1","Acrobatics+1"],"picked":"PiercingWail","floor":48}],"player_experience":506270,"potions_floor_usage":[16,16,16,18,18,18,21,23,23,27,29,33,33,35,41,44,45,50,50,50,50,50],"damage_taken":[{"damage":0,"enemies":"Jaw Worm","floor":1,"turns":1},{"damage":0,"enemies":"Cultist","floor":5,"turns":3},{"damage":0,"enemies":"2 Louse","floor":7,"turns":1},{"damage":0,"enemies":"Looter","floor":8,"turns":1},{"damage":1,"enemies":"Large Slime","floor":10,"turns":3},{"damage":0,"enemies":"Exordium Wildlife","floor":11,"turns":2},{"damage":19,"enemies":"The Guardian","floor":16,"turns":7},{"damage":2,"enemies":"3 Byrds","floor":18,"turns":6},{"damage":0,"enemies":"Shell Parasite","floor":21,"turns":2},{"damage":12,"enemies":"Book of Stabbing","floor":23,"turns":7},{"damage":5,"enemies":"Cultist and Chosen","floor":25,"turns":7},{"damage":3,"enemies":"Slavers","floor":27,"turns":8},{"damage":0,"enemies":"Book of Stabbing","floor":29,"turns":2},{"damage":31,"enemies":"Collector","floor":33,"turns":13},{"damage":0,"enemies":"3 Shapes","floor":35,"turns":4},{"damage":2,"enemies":"3 Darklings","floor":39,"turns":2},{"damage":3,"enemies":"Spire Growth","floor":41,"turns":4},{"damage":22,"enemies":"Giant Head","floor":44,"turns":7},{"damage":14,"enemies":"Maw","floor":45,"turns":5},{"damage":3,"enemies":"Flame Bruiser 2 Orb","floor":48,"turns":4},{"damage":48,"enemies":"Donu and Deca","floor":50,"turns":14}],"relics_obtained":[{"floor":9,"key":"Ginger"},{"floor":23,"key":"Art of War"},{"floor":26,"key":"The Courier"},{"floor":27,"key":"Girya"},{"floor":29,"key":"Tiny Chest"},{"floor":42,"key":"Blood Vial"},{"floor":43,"key":"Anchor"},{"floor":44,"key":"Regal Pillow"},{"floor":44,"key":"Happy Flower"}],"event_choices":[{"event_name":"Match and Keep!","player_choice":"1 cards matched","floor":2,"damage_taken":0},{"event_name":"The Cleric","player_choice":"Card Removal","floor":3,"damage_taken":0},{"event_name":"Living Wall","player_choice":"Forget","floor":12,"damage_taken":0},{"event_name":"Scrap Ooze","player_choice":"success","floor":14,"damage_taken":7},{"event_name":"Forgotten Altar","player_choice":"Shed Blood","floor":19,"damage_taken":0},{"event_name":"Addict","player_choice":"Obtained Relic","floor":22,"damage_taken":0},{"event_name":"N\u0027loth","player_choice":"Traded a The Courier","floor":30,"damage_taken":0},{"event_name":"SensoryStone","player_choice":"Memory 3","floor":36,"damage_taken":0},{"event_name":"Tomb of Lord Red Mask","player_choice":"Ignored","floor":37,"damage_taken":0}],"boss_relics":[{"not_picked":["Cursed Key","Runic Pyramid"],"picked":"Orrery"},{"not_picked":["Runic Dome","Philosopher\u0027s Stone"],"picked":"Black Star"}],"potions_floor_spawned":[5,8,10,11,16,18,23,25,27,41,48],"seed_played":"6445733851031675108","ascension_level":0,"potions_obtained":[{"floor":5,"key":"Strength Potion"},{"floor":8,"key":"Strength Potion"},{"floor":10,"key":"EssenceOfSteel"},{"floor":16,"key":"FearPotion"},{"floor":18,"key":"Fire Potion"},{"floor":23,"key":"Weak Potion"},{"floor":41,"key":"Weak Potion"},{"floor":48,"key":"Strength Potion"}],"is_trial":false}