{"gold_per_floor":[110,68,81,81,81,106,106,133,133,133],"floor_reached":10,"playtime":431,"items_purged":[],"score":178,"play_id":"29cb596f-ed9a-4aa8-af8f-20db60655e67","local_time":"20190924222500","is_ascension_mode":true,"campfire_choices":[{"data":"Noxious Fumes","floor":7,"key":"SMITH"}],"neow_cost":"NONE","seed_source_timestamp":262916948253199,"circlet_count":0,"master_deck":["AscendersBane","Strike_G","Strike_G","Strike_G","Strike_G","Strike_G","Defend_G","Defend_G","Defend_G","Defend_G","Defend_G","Survivor+1","Neutralize+1","All Out Attack","Well Laid Plans","PiercingWail+1","Noxious Fumes+1"],"relics":["Ring of the Snake","NeowsBlessing","Girya","Happy Flower","Meat on the Bone"],"potions_floor_usage":[],"damage_taken":[{"damage":0,"enemies":"Small Slimes","floor":1,"turns":1},{"damage":0,"enemies":"Jaw Worm","floor":3,"turns":1},{"damage":0,"enemies":"Lagavulin","floor":6,"turns":1},{"damage":14,"enemies":"3 Sentries","floor":8,"turns":7},{"damage":25,"enemies":"Gremlin Nob","floor":10,"turns":4}],"seed_played":"-7512367597736397599","potions_obtained":[{"floor":6,"key":"LiquidBronze"}],"is_trial":false,"path_per_floor":["M","$","M","?","?","E","R","E","T","E"],"character_chosen":"THE_SILENT","items_purchased":["Well Laid Plans"],"campfire_rested":0,"item_purchase_floors":[2],"current_hp_per_floor":[59,59,59,59,39,39,39,25,25,0],"gold":133,"neow_bonus":"THREE_ENEMY_KILL","is_prod":false,"is_daily":false,"chose_seed":false,"campfire_upgraded":1,"win_rate":0,"timestamp":1569331500,"path_taken":["M","$","M","?","?","E","R","E","T","E"],"build_version":"2019-09-23","purchased_purges":0,"victory":false,"max_hp_per_floor":[66,66,66,66,66,66,66,66,66,66],"card_choices":[{"not_picked":["Outmaneuver","Escape Plan"],"picked":"All Out Attack","floor":1},{"not_picked":["Blade Dance","Outmaneuver"],"picked":"PiercingWail","floor":3},{"not_picked":["Acrobatics","Dagger Throw"],"picked":"Noxious Fumes","floor":6},{"not_picked":["Slice","Acrobatics","Dagger Spray"],"picked":"SKIP","floor":8}],"player_experience":852604,"relics_obtained":[{"floor":6,"key":"Girya"},{"floor":8,"key":"Happy Flower"},{"floor":9,"key":"Meat on the Bone"}],"event_choices":[{"damage_healed":0,"gold_gain":0,"player_choice":"Grow","damage_taken":0,"max_hp_gain":0,"max_hp_loss":0,"event_name":"Living Wall","floor":4,"gold_loss":0,"cards_upgraded":["Neutralize"]},{"damage_healed":0,"gold_gain":0,"player_choice":"Entered Light","damage_taken":20,"max_hp_gain":0,"max_hp_loss":0,"event_name":"Shining Light","floor":5,"gold_loss":0,"cards_upgraded":["Survivor","PiercingWail"]}],"is_beta":true,"boss_relics":[],"items_purged_floors":[],"is_endless":false,"potions_floor_spawned":[6],"killed_by":"Gremlin Nob","ascension_level":16}