{"gold_per_floor":[18,18,18,33,108,141,160,160,187,218,218,11,11,36,36,140,140,158,175,100,111,130,130,165,165,165,195,195,210,14,31,31,130,130,140,155,255,64,64,92,92,103,103,117,130,130,143,143,143,143,143,143,43,78,78],"floor_reached":55,"playtime":2962,"items_purged":["Strike_R","Spot Weakness"],"score":740,"play_id":"547baeee-44ed-4736-ba76-71163f31a199","local_time":"20190319115314","is_ascension_mode":true,"campfire_choices":[{"floor":8,"key":"REST"},{"data":"Whirlwind","floor":13,"key":"SMITH"},{"floor":15,"key":"RECALL"},{"data":"Flame Barrier","floor":23,"key":"SMITH"},{"data":"Intimidate","floor":25,"key":"SMITH"},{"data":"Bash","floor":32,"key":"SMITH"},{"data":"Transmutation","floor":41,"key":"SMITH"},{"floor":49,"key":"REST"},{"data":"Disarm","floor":52,"key":"SMITH"}],"neow_cost":"NO_GOLD","seed_source_timestamp":86454509107490,"circlet_count":0,"master_deck":["Strike_R+1","Strike_R","Strike_R","Defend_R","Defend_R","Defend_R","Defend_R","Bash+1","Swift Strike","Finesse","Intimidate+1","Whirlwind+1","Flame Barrier+1","Thunderclap+1","Impervious","Dropkick","Spot Weakness+1","Clothesline+1","Rage","Cleave+1","Burning Pact+1","Warcry+1","Transmutation+1","Disarm+1","Havoc+1","Burning Pact","Pummel+1"],"relics":["Burning Blood","Centennial Puzzle","Lantern","Chemical X","Bronze Scales","Sozu","Strawberry","Letter Opener","Whetstone","Enchiridion","MealTicket","Mark of Pain","Dead Branch","Shuriken","Bottled Flame","Boot"],"potions_floor_usage":[6,16],"damage_taken":[{"damage":0,"enemies":"2 Louse","floor":1,"turns":3},{"damage":3,"enemies":"Small Slimes","floor":4,"turns":4},{"damage":29,"enemies":"Lagavulin","floor":6,"turns":8},{"damage":1,"enemies":"Cultist","floor":7,"turns":3},{"damage":31,"enemies":"3 Sentries","floor":10,"turns":9},{"damage":2,"enemies":"Lagavulin","floor":14,"turns":5},{"damage":40,"enemies":"Hexaghost","floor":16,"turns":9},{"damage":18,"enemies":"Shell Parasite","floor":18,"turns":3},{"damage":17,"enemies":"Spheric Guardian","floor":19,"turns":4},{"damage":0,"enemies":"Snake Plant","floor":21,"turns":3},{"damage":1,"enemies":"3 Cultists","floor":22,"turns":3},{"damage":5,"enemies":"Gremlin Leader","floor":24,"turns":4},{"damage":8,"enemies":"Book of Stabbing","floor":27,"turns":4},{"damage":0,"enemies":"Sentry and Sphere","floor":29,"turns":3},{"damage":0,"enemies":"Cultist and Chosen","floor":31,"turns":4},{"damage":37,"enemies":"Collector","floor":33,"turns":10},{"damage":18,"enemies":"3 Shapes","floor":35,"turns":2},{"damage":3,"enemies":"3 Darklings","floor":36,"turns":2},{"damage":10,"enemies":"Mind Bloom Boss Battle","floor":37,"turns":6},{"damage":21,"enemies":"Nemesis","floor":40,"turns":5},{"damage":13,"enemies":"Maw","floor":42,"turns":6},{"damage":6,"enemies":"Spire Growth","floor":44,"turns":3},{"damage":0,"enemies":"Jaw Worm Horde","floor":45,"turns":1},{"damage":0,"enemies":"Sphere and 2 Shapes","floor":47,"turns":1},{"damage":62,"enemies":"Awakened One","floor":50,"turns":8},{"damage":36,"enemies":"Shield and Spear","floor":54,"turns":3},{"damage":66,"enemies":"The Heart","floor":55,"turns":5}],"seed_played":"-1589972586643862615","potions_obtained":[{"floor":1,"key":"FairyPotion"},{"floor":4,"key":"Weak Potion"},{"floor":10,"key":"Weak Potion"}],"is_trial":false,"path_per_floor":["M","?","?","M","?","E","M","R","T","E","?","$","R","E","R","B",null,"M","M","$","M","M","R","E","R","T","E","?","M","$","M","R","B",null,"M","M","?","$","?","E","R","M","T","M","M","?","M","$","R","B",null,"R","$","E","B"],"character_chosen":"IRONCLAD","items_purchased":["Chemical X","MealTicket","Transmutation"],"campfire_rested":2,"item_purchase_floors":[12,30,38],"current_hp_per_floor":[80,80,80,80,69,46,51,75,75,50,80,80,80,80,80,46,80,68,57,57,63,68,68,76,76,76,74,58,64,64,70,70,39,87,75,78,74,87,83,68,68,61,61,61,67,67,73,73,83,27,83,83,83,53,0],"gold":78,"neow_bonus":"RANDOM_COLORLESS_2","is_prod":false,"is_daily":false,"chose_seed":false,"campfire_upgraded":6,"win_rate":0,"timestamp":1553010794,"path_taken":["M","?","?","M","?","E","M","R","T","E","?","$","R","E","R","BOSS","M","M","$","M","?","R","E","R","T","E","?","M","$","M","R","BOSS","M","M","?","$","?","E","R","?","T","?","M","?","M","?","R","BOSS","R","$","E","BOSS"],"build_version":"2019-01-23","purchased_purges":2,"victory":false,"max_hp_per_floor":[80,80,80,80,80,80,80,80,80,80,80,80,80,80,80,80,80,80,80,80,80,80,80,87,87,87,87,87,87,87,87,87,87,87,87,87,87,87,83,83,83,83,83,83,83,83,83,83,83,83,83,83,83,83,83],"card_choices":[{"not_picked":["Bloodletting","Thunderclap"],"picked":"Intimidate","floor":1},{"not_picked":["Carnage","Shrug It Off"],"picked":"Spot Weakness","floor":4},{"not_picked":["Rupture","Anger"],"picked":"Whirlwind","floor":6},{"not_picked":["Iron Wave","Reckless Charge"],"picked":"Flame Barrier","floor":7},{"not_picked":["Blood for Blood","Havoc"],"picked":"Fire Breathing","floor":10},{"not_picked":["Iron Wave","Burning Pact"],"picked":"Thunderclap","floor":14},{"not_picked":["Fiend Fire","Berserk"],"picked":"Impervious","floor":16},{"not_picked":["Body Slam","Havoc","Rupture+1"],"picked":"SKIP","floor":18},{"not_picked":["Shrug It Off","Twin Strike","Entrench"],"picked":"SKIP","floor":19},{"not_picked":["Wild Strike+1","Limit Break"],"picked":"Dropkick","floor":21},{"not_picked":["Heavy Blade","Battle Trance"],"picked":"Spot Weakness+1","floor":22},{"not_picked":["Rampage","Clash"],"picked":"Clothesline+1","floor":24},{"not_picked":["Perfected Strike","True Grit"],"picked":"Rage","floor":27},{"not_picked":["Anger","Perfected Strike","Clothesline"],"picked":"SKIP","floor":29},{"not_picked":["Warcry+1","Pommel Strike"],"picked":"Cleave+1","floor":31},{"not_picked":["Wild Strike+1","Dual Wield"],"picked":"Burning Pact+1","floor":35},{"not_picked":["Perfected Strike+1","Havoc+1"],"picked":"Warcry+1","floor":36},{"not_picked":["Clothesline","Fiend Fire"],"picked":"Disarm","floor":40},{"not_picked":["Headbutt+1","Rupture","Flex"],"picked":"SKIP","floor":42},{"not_picked":["True Grit","Rupture+1","Clothesline+1"],"picked":"SKIP","floor":44},{"not_picked":["Metallicize","Perfected Strike"],"picked":"Havoc+1","floor":45},{"not_picked":["Thunderclap","Juggernaut"],"picked":"Pummel+1","floor":47},{"not_picked":["True Grit+1","Entrench+1","Heavy Blade+1"],"picked":"SKIP","floor":54}],"player_experience":94991,"relics_obtained":[{"floor":6,"key":"Centennial Puzzle"},{"floor":10,"key":"Lantern"},{"floor":14,"key":"Bronze Scales"},{"floor":24,"key":"Strawberry"},{"floor":26,"key":"Letter Opener"},{"floor":27,"key":"Whetstone"},{"floor":28,"key":"Enchiridion"},{"floor":37,"key":"Dead Branch"},{"floor":40,"key":"Shuriken"},{"floor":43,"key":"Bottled Flame"},{"floor":54,"key":"Boot"}],"event_choices":[{"damage_healed":0,"gold_gain":0,"player_choice":"Ignored","damage_taken":0,"max_hp_gain":0,"max_hp_loss":0,"event_name":"Liars Game","floor":2,"gold_loss":0},{"damage_healed":0,"gold_gain":0,"player_choice":"Ignored","damage_taken":0,"max_hp_gain":0,"max_hp_loss":0,"event_name":"Golden Wing","floor":3,"gold_loss":0},{"damage_healed":0,"gold_gain":75,"player_choice":"Gather Gold","damage_taken":11,"max_hp_gain":0,"max_hp_loss":0,"event_name":"World of Goop","floor":5,"gold_loss":0},{"cards_removed":["Fire Breathing"],"damage_healed":30,"gold_gain":0,"player_choice":"Offered Uncommon","damage_taken":0,"max_hp_gain":0,"max_hp_loss":0,"event_name":"Bonfire Elementals","floor":11,"gold_loss":0},{"damage_healed":0,"gold_gain":0,"player_choice":"Obtained Book","damage_taken":16,"max_hp_gain":0,"max_hp_loss":0,"event_name":"Cursed Tome","floor":28,"gold_loss":0},{"damage_healed":0,"gold_gain":0,"player_choice":"Fight","damage_taken":0,"max_hp_gain":0,"max_hp_loss":0,"event_name":"MindBloom","floor":37,"gold_loss":0},{"damage_healed":0,"gold_gain":0,"player_choice":"Max HP","damage_taken":0,"max_hp_gain":0,"max_hp_loss":4,"event_name":"Winding Halls","floor":39,"gold_loss":0},{"damage_healed":0,"gold_gain":0,"cards_transformed":["Strike_R"],"player_choice":"Transformed","damage_taken":0,"max_hp_gain":0,"max_hp_loss":0,"event_name":"Transmorgrifier","floor":46,"gold_loss":0,"cards_obtained":["Burning Pact"]}],"is_beta":false,"boss_relics":[{"not_picked":["Coffee Dripper","Runic Pyramid"],"picked":"Sozu"},{"not_picked":["Orrery","Fusion Hammer"],"picked":"Mark of Pain"}],"items_purged_floors":[20,53],"is_endless":false,"potions_floor_spawned":[1,4,10,18,24,27,29,33,37,40,42],"killed_by":"The Heart","ascension_level":1}