{"path_per_floor":["M","?","$","M","?","R","M","R","T","$","M","R","$","M","R","B",null,"M","?","?","M","$","R","$","R","T","M","M","T","M","M","R","B",null,"M","?","?","$","?","R","M","M","T","M","M","M","M","T","R","B"],"character_chosen":"DEFECT","items_purchased":["Infinite Blades","Anchor","Frozen Egg 2","Dagger Spray"],"gold_per_floor":[114,114,39,54,54,54,73,73,73,37,56,56,56,75,75,200,200,219,219,249,268,118,118,118,118,118,137,156,231,250,269,269,394,394,413,413,413,17,17,17,36,55,55,74,93,112,131,161,161,161],"floor_reached":51,"campfire_rested":4,"playtime":2884,"current_hp_per_floor":[75,75,75,75,57,57,57,57,57,57,53,53,53,51,73,73,75,49,49,40,40,40,62,62,62,62,59,59,59,52,48,70,67,75,75,75,75,75,75,75,75,71,71,67,35,35,35,35,57,12],"items_purged":["Regret","Underhanded Strike"],"gold":161,"score":666,"play_id":"20eb4b71-020c-49fa-bc4e-2d1efe251ff2","local_time":"20180501174830","daily_mods":["Diverse","Time Dilation","Lethality"],"is_prod":false,"is_daily":true,"chose_seed":false,"is_ascension_mode":false,"campfire_upgraded":5,"timestamp":1525222110,"path_taken":["M","?","$","M","?","R","M","R","T","$","M","R","$","M","R","BOSS","M","?","?","M","$","R","$","R","T","M","?","?","M","M","R","BOSS","M","?","?","$","?","R","M","M","T","M","M","M","M","?","R","BOSS"],"build_version":"2018-05-01","seed_source_timestamp":0,"purchased_purges":2,"victory":true,"master_deck":["Strike_B+1","Strike_B+1","Strike_B+1","Defend_B+1","Defend_B+1","Defend_B+1","Defend_B+1","Zap+1","Dualcast+1","Ghostly Armor","Thunderclap","Reckless Charge","Infinite Blades+1","Inflame+1","Tempest+1","Demon Form","Sweeping Beam","Cloak And Dagger+1","Genetic Algorithm+1","Dash","Footwork+1","Adrenaline+1","Well Laid Plans+1","Blind+1","Iron Wave","Dagger Spray","Dual Wield+1","Blur+1","Pommel Strike+1","Cloak And Dagger+1"],"max_hp_per_floor":[75,75,75,75,75,75,75,75,75,75,75,75,75,75,75,75,75,75,75,75,75,75,75,75,75,75,75,75,75,75,75,75,75,75,75,75,75,75,75,75,75,75,75,75,75,75,75,75,75,75],"relics":["Cracked Core","War Paint","Golden Idol","Mummified Hand","Sozu","Red Mask","Anchor","Toxic Egg 2","Symbiotic Virus","Lizard Tail","Frozen Egg 2","The Courier","Tiny Chest"],"card_choices":[{"not_picked":["Capacitor","Wild Strike"],"picked":"Ghostly Armor","floor":1},{"not_picked":["Reprieve","Finisher"],"picked":"Thunderclap","floor":4},{"not_picked":["Sword Boomerang","Blizzard"],"picked":"Reckless Charge","floor":7},{"not_picked":["Thunderclap","Pommel Strike"],"picked":"Inflame","floor":11},{"not_picked":["Rebound","Undo"],"picked":"Tempest","floor":14},{"not_picked":["Bullet Time","Meteor Strike"],"picked":"Demon Form","floor":16},{"not_picked":["Entrench","Poisoned Stab"],"picked":"Sweeping Beam","floor":20},{"not_picked":["Accuracy","Pommel Strike"],"picked":"Cloak And Dagger","floor":21},{"not_picked":["Gash","Scrape"],"picked":"Genetic Algorithm","floor":27},{"not_picked":["Reflex","Thunderclap"],"picked":"Dash","floor":28},{"not_picked":["Battle Trance","Disarm"],"picked":"Footwork","floor":30},{"not_picked":["Offering","Meteor Strike"],"picked":"Adrenaline","floor":33},{"not_picked":["Axe Kick","Leap"],"picked":"Well Laid Plans","floor":35},{"not_picked":["Iron Wave","Intimidate"],"picked":"Dual Wield","floor":41},{"not_picked":["Distraction","Escape Plan"],"picked":"Blur","floor":42},{"not_picked":["Dropkick","Acrobatics"],"picked":"Pommel Strike","floor":45},{"not_picked":["Second Wind","Outmaneuver"],"picked":"Cloak And Dagger","floor":47}],"player_experience":488851,"potions_floor_usage":[16,18,20],"damage_taken":[{"damage":0,"enemies":"2 Louse","floor":1,"turns":2},{"damage":0,"enemies":"Jaw Worm","floor":4,"turns":2},{"damage":0,"enemies":"Small Slimes","floor":7,"turns":1},{"damage":4,"enemies":"Exordium Wildlife","floor":11,"turns":2},{"damage":2,"enemies":"Blue Slaver","floor":14,"turns":2},{"damage":0,"enemies":"Slime Boss","floor":16,"turns":4},{"damage":26,"enemies":"2 Thieves","floor":18,"turns":3},{"damage":9,"enemies":"Masked Bandits","floor":20,"turns":3},{"damage":0,"enemies":"Spheric Guardian","floor":21,"turns":3},{"damage":3,"enemies":"Centurion and Healer","floor":27,"turns":3},{"damage":0,"enemies":"Snake Plant","floor":28,"turns":3},{"damage":7,"enemies":"Slaver and Parasite","floor":30,"turns":3},{"damage":4,"enemies":"Sentry and Sphere","floor":31,"turns":3},{"damage":3,"enemies":"Champ","floor":33,"turns":7},{"damage":0,"enemies":"Orb Walker","floor":35,"turns":3},{"damage":0,"enemies":"3 Darklings","floor":41,"turns":4},{"damage":4,"enemies":"4 Shapes","floor":42,"turns":2},{"damage":4,"enemies":"Spire Growth","floor":44,"turns":3},{"damage":32,"enemies":"Maw","floor":45,"turns":5},{"damage":0,"enemies":"Flame Bruiser 2 Orb","floor":46,"turns":4},{"damage":0,"enemies":"Sphere and 2 Shapes","floor":47,"turns":3},{"damage":45,"enemies":"Donu and Deca","floor":50,"turns":9}],"event_choices":[{"event_name":"Big Fish","player_choice":"Box","floor":2,"damage_taken":0},{"event_name":"Golden Idol","player_choice":"Take Damage","floor":5,"damage_taken":0},{"event_name":"Back to Basics","player_choice":"Simplicity","floor":19,"damage_taken":0},{"event_name":"Masked Bandits","player_choice":"Fought over 219 gold","floor":20,"damage_taken":0},{"event_name":"Match and Keep!","player_choice":"2 cards matched","floor":36,"damage_taken":0},{"event_name":"Transmorgrifier","player_choice":"Transform","floor":37,"damage_taken":0},{"event_name":"Upgrade Shrine","player_choice":"Upgraded","floor":39,"damage_taken":0}],"boss_relics":[{"not_picked":["Orrery","Nuclear Battery"],"picked":"Sozu"},{"not_picked":["Philosopher\u0027s Stone","Runic Pyramid"],"picked":"Lizard Tail"}],"potions_floor_spawned":[7,11,14,21,31,35,47],"seed_played":"5608395613026536580","ascension_level":0,"is_trial":false}