{"gold_per_floor":[112,126,126,126,144,170,170,187,211,211,225,244,298,385,397,507,519,547,559,604,628,840,877,889,921,1005,1017,1039,1085,1111,1123,1135,1147],"floor_reached":33,"playtime":1813,"items_purged":[],"score":326,"play_id":"f1791afa-ce95-4be3-8a93-694fecf7623f","local_time":"20191011095300","is_ascension_mode":true,"campfire_choices":[{"floor":7,"key":"REST"},{"floor":10,"key":"REST"},{"floor":15,"key":"REST"},{"floor":24,"key":"REST"},{"floor":27,"key":"REST"},{"floor":32,"key":"REST"}],"neow_cost":"NONE","seed_source_timestamp":130660809902200,"circlet_count":0,"master_deck":["Strike_G","Strike_G+1","Strike_G","Strike_G","Defend_G","Defend_G","Defend_G","Defend_G","Defend_G","Survivor","Neutralize","Deadly Poison","Flying Knee","All Out Attack","Backflip","Poisoned Stab","Sucker Punch","Adrenaline","Acrobatics+1","Storm of Steel+1","Noxious Fumes","Backflip+1","Infinite Blades+1"],"relics":["Ring of the Snake","NeowsBlessing","Art of War","Bag of Marbles","Pen Nib","MawBank","Philosopher\u0027s Stone","Red Mask","Blood Vial","Toxic Egg 2","Mummified Hand"],"potions_floor_usage":[20,23,29,30,33,33],"damage_taken":[{"damage":0,"enemies":"2 Louse","floor":1,"turns":1},{"damage":0,"enemies":"Jaw Worm","floor":2,"turns":1},{"damage":0,"enemies":"Small Slimes","floor":5,"turns":1},{"damage":32,"enemies":"Gremlin Nob","floor":6,"turns":4},{"damage":0,"enemies":"Exordium Wildlife","floor":8,"turns":3},{"damage":0,"enemies":"Looter","floor":11,"turns":2},{"damage":9,"enemies":"Exordium Thugs","floor":12,"turns":5},{"damage":54,"enemies":"Hexaghost","floor":16,"turns":9},{"damage":3,"enemies":"Shell Parasite","floor":18,"turns":5},{"damage":16,"enemies":"Masked Bandits","floor":20,"turns":4},{"damage":13,"enemies":"Spheric Guardian","floor":21,"turns":4},{"damage":12,"enemies":"Gremlin Leader","floor":23,"turns":7},{"damage":15,"enemies":"Centurion and Healer","floor":25,"turns":5},{"damage":18,"enemies":"Snake Plant","floor":28,"turns":4},{"damage":19,"enemies":"Slavers","floor":29,"turns":4},{"damage":20,"enemies":"Sentry and Sphere","floor":30,"turns":6},{"damage":42,"enemies":"Champ","floor":33,"turns":7}],"seed_played":"664919999334293153","potions_obtained":[{"floor":1,"key":"Strength Potion"},{"floor":2,"key":"Dexterity Potion"},{"floor":16,"key":"Explosive Potion"},{"floor":20,"key":"Ancient Potion"},{"floor":29,"key":"SteroidPotion"},{"floor":30,"key":"Ancient Potion"}],"is_trial":false,"path_per_floor":["M","M","?","?","M","E","R","M","T","R","M","M","T","?","R","B",null,"M","?","?","M","?","E","R","M","T","R","M","E","M","?","R","B"],"character_chosen":"THE_SILENT","items_purchased":[],"campfire_rested":6,"item_purchase_floors":[],"current_hp_per_floor":[70,70,56,53,53,21,42,42,42,63,63,54,54,43,64,10,70,67,67,51,38,38,26,47,34,34,55,39,22,4,4,25,0],"gold":1147,"neow_bonus":"THREE_ENEMY_KILL","is_prod":false,"is_daily":false,"chose_seed":false,"campfire_upgraded":0,"win_rate":0,"timestamp":1570801980,"path_taken":["M","M","?","?","M","E","R","M","T","R","M","M","?","?","R","BOSS","M","?","?","M","?","E","R","?","T","R","M","E","M","?","R","BOSS"],"build_version":"2019-07-17","purchased_purges":0,"victory":false,"max_hp_per_floor":[70,70,70,70,70,70,70,70,70,70,70,70,70,70,70,70,70,70,70,70,70,70,70,70,70,70,70,70,70,70,70,70,70],"card_choices":[{"not_picked":["Flechettes","Flying Knee"],"picked":"Deadly Poison","floor":1},{"not_picked":["Prepared","Finisher"],"picked":"Flying Knee","floor":2},{"not_picked":["Escape Plan","Dagger Throw"],"picked":"All Out Attack","floor":5},{"not_picked":["Prepared","Concentrate","Quick Slash"],"picked":"SKIP","floor":6},{"not_picked":["Reflex","Dagger Throw"],"picked":"Backflip","floor":8},{"not_picked":["Flying Knee","Dagger Spray"],"picked":"Poisoned Stab","floor":11},{"not_picked":["Slice","Poisoned Stab"],"picked":"Sucker Punch","floor":12},{"not_picked":["A Thousand Cuts","Night Terror"],"picked":"Adrenaline","floor":16},{"not_picked":["Outmaneuver","Slice","Deflect+1"],"picked":"SKIP","floor":18},{"not_picked":["Escape Plan+1","Dagger Spray"],"picked":"Acrobatics+1","floor":20},{"not_picked":["Outmaneuver","Slice","Prepared"],"picked":"SKIP","floor":21},{"not_picked":["Finisher","Quick Slash","Cloak And Dagger"],"picked":"SKIP","floor":23},{"not_picked":["Underhanded Strike","Quick Slash"],"picked":"Storm of Steel","floor":25},{"not_picked":["Poisoned Stab","Underhanded Strike"],"picked":"Noxious Fumes","floor":28},{"not_picked":["Distraction+1","Cloak And Dagger+1"],"picked":"Backflip+1","floor":29},{"not_picked":["Masterful Stab+1","Outmaneuver+1"],"picked":"Infinite Blades+1","floor":30}],"player_experience":117937,"relics_obtained":[{"floor":6,"key":"Bag of Marbles"},{"floor":9,"key":"Pen Nib"},{"floor":13,"key":"MawBank"},{"floor":20,"key":"Red Mask"},{"floor":23,"key":"Blood Vial"},{"floor":26,"key":"Toxic Egg 2"},{"floor":29,"key":"Mummified Hand"}],"event_choices":[{"damage_healed":0,"gold_gain":0,"player_choice":"Entered Light","damage_taken":14,"max_hp_gain":0,"max_hp_loss":0,"event_name":"Shining Light","floor":3,"gold_loss":0,"cards_upgraded":["Strike_G","Strike_G"]},{"damage_healed":0,"gold_gain":0,"player_choice":"Success","damage_taken":3,"relics_obtained":["Art of War"],"max_hp_gain":0,"max_hp_loss":0,"event_name":"Scrap Ooze","floor":4,"gold_loss":0},{"damage_healed":0,"gold_gain":75,"player_choice":"Gather Gold","damage_taken":11,"max_hp_gain":0,"max_hp_loss":0,"event_name":"World of Goop","floor":14,"gold_loss":0},{"cards_removed":["Strike_G"],"damage_healed":0,"gold_gain":0,"player_choice":"Elegance","damage_taken":0,"max_hp_gain":0,"max_hp_loss":0,"event_name":"Back to Basics","floor":19,"gold_loss":0},{"damage_healed":0,"gold_gain":0,"player_choice":"Fought Bandits","damage_taken":0,"max_hp_gain":0,"max_hp_loss":0,"event_name":"Masked Bandits","floor":20,"gold_loss":0},{"damage_healed":0,"gold_gain":200,"player_choice":"Gold","damage_taken":0,"max_hp_gain":0,"max_hp_loss":0,"event_name":"Wheel of Change","floor":22,"gold_loss":0},{"damage_healed":0,"gold_gain":0,"player_choice":"Forge","damage_taken":0,"max_hp_gain":0,"max_hp_loss":0,"event_name":"Accursed Blacksmith","floor":31,"gold_loss":0,"cards_upgraded":["Storm of Steel"]}],"is_beta":false,"boss_relics":[{"not_picked":["Empty Cage","Runic Dome"],"picked":"Philosopher\u0027s Stone"}],"items_purged_floors":[],"is_endless":false,"potions_floor_spawned":[1,2,16,20,21,29,30],"killed_by":"Champ","ascension_level":1}