{"gold_per_floor":[115,131,81,98,23,23,198,228,253,267,279,279,307,153,153,153],"floor_reached":16,"playtime":1489,"items_purged":["Defend_B"],"score":100,"play_id":"cebe4f9d-6c5f-490b-823c-cf1ced7f937a","local_time":"20191008044035","is_ascension_mode":false,"campfire_choices":[{"data":"Auto Shields","floor":6,"key":"SMITH"},{"data":"Multi-Cast","floor":12,"key":"SMITH"},{"floor":15,"key":"REST"}],"neow_cost":"NONE","seed_source_timestamp":73977752837000,"circlet_count":0,"master_deck":["Strike_B","Strike_B","Strike_B","Defend_B","Defend_B","Defend_B","Zap+1","Dualcast","Gash","Auto Shields+1","Multi-Cast+1","Doubt","Stack","Seek"],"relics":["Cracked Core","Odd Mushroom","Orichalcum","Singing Bowl"],"potions_floor_usage":[16,16,16],"damage_taken":[{"damage":0,"enemies":"Cultist","floor":1,"turns":3},{"damage":0,"enemies":"2 Louse","floor":2,"turns":2},{"damage":6,"enemies":"Jaw Worm","floor":4,"turns":3},{"damage":16,"enemies":"The Mushroom Lair","floor":8,"turns":6},{"damage":0,"enemies":"Blue Slaver","floor":10,"turns":3},{"damage":0,"enemies":"2 Fungi Beasts","floor":11,"turns":3},{"damage":17,"enemies":"Gremlin Nob","floor":13,"turns":5},{"damage":64,"enemies":"Hexaghost","floor":16,"turns":11}],"seed_played":"7420791440657463540","potions_obtained":[{"floor":8,"key":"AttackPotion"},{"floor":11,"key":"Energy Potion"},{"floor":13,"key":"Dexterity Potion"}],"is_trial":false,"path_per_floor":["M","M","?","M","$","R","?","?","T","M","M","R","E","$","R","B"],"character_chosen":"DEFECT","items_purchased":["Seek"],"campfire_rested":1,"item_purchase_floors":[14],"current_hp_per_floor":[75,75,75,69,69,69,69,53,53,53,53,53,38,38,61,0],"gold":153,"neow_bonus":"UPGRADE_CARD","is_prod":false,"is_daily":false,"chose_seed":false,"campfire_upgraded":2,"win_rate":0.0,"timestamp":1570524035,"path_taken":["M","?","?","M","?","R","?","?","T","M","M","R","E","?","R","BOSS"],"build_version":"2019-07-17","purchased_purges":1,"victory":false,"max_hp_per_floor":[75,75,75,75,75,75,75,75,75,75,75,75,77,77,77,77],"card_choices":[{"not_picked":["Go for the Eyes","Hello World"],"picked":"Gash","floor":1},{"not_picked":["Capacitor","Streamline"],"picked":"Auto Shields","floor":2},{"not_picked":["Hologram","Sweeping Beam"],"picked":"Multi-Cast","floor":4},{"not_picked":["Ball Lightning","Chill"],"picked":"Stack","floor":8},{"not_picked":["Ball Lightning","Conserve Battery","White Noise"],"picked":"SKIP","floor":10},{"not_picked":["Compile Driver","Coolheaded","Leap"],"picked":"SKIP","floor":11},{"not_picked":["Biased Cognition","Blizzard","Chill"],"picked":"Singing Bowl","floor":13}],"player_experience":96364,"relics_obtained":[{"floor":8,"key":"Odd Mushroom"},{"floor":9,"key":"Orichalcum"},{"floor":13,"key":"Singing Bowl"}],"event_choices":[{"cards_removed":["Strike_B"],"damage_healed":0,"gold_gain":0,"player_choice":"Card Removal","damage_taken":0,"max_hp_gain":0,"max_hp_loss":0,"event_name":"The Cleric","floor":3,"gold_loss":50},{"damage_healed":0,"gold_gain":175,"player_choice":"AGREE","damage_taken":0,"max_hp_gain":0,"max_hp_loss":0,"event_name":"Liars Game","floor":7,"gold_loss":0,"cards_obtained":["Doubt"]},{"damage_healed":0,"gold_gain":0,"player_choice":"Fought Mushrooms","damage_taken":0,"max_hp_gain":0,"max_hp_loss":0,"event_name":"Mushrooms","floor":8,"gold_loss":0}],"is_beta":false,"boss_relics":[],"items_purged_floors":[5],"is_endless":false,"potions_floor_spawned":[8,11,13],"killed_by":"Hexaghost","ascension_level":0}