{"gold_per_floor":[111,125,300,31,31,31,56,56,82,117,117,132,160,172,172,275,275,294,304,319,56,67,97,108,18,18,18,37,10,10,30,30,129,129,139,139,439,454,454,34,49,69,69,69,81,93,105,105,105,105],"floor_reached":50,"playtime":3487,"items_purged":["Doubt","Strike_G"],"score":730,"play_id":"ebc370c2-38f3-4138-b8be-8e4b25968cb0","local_time":"20190928212715","is_ascension_mode":true,"campfire_choices":[{"data":"Glass Knife","floor":6.0,"key":"SMITH"},{"data":"Skewer","floor":8.0,"key":"SMITH"},{"data":"Caltrops","floor":11.0,"key":"SMITH"},{"data":"Dash","floor":15.0,"key":"SMITH"},{"floor":27.0,"key":"REST"},{"floor":32.0,"key":"REST"},{"data":"Noxious Fumes","floor":44.0,"key":"SMITH"},{"data":"Footwork","floor":49.0,"key":"SMITH"}],"neow_cost":"NONE","seed_source_timestamp":0,"circlet_count":0,"master_deck":["Strike_G","Strike_G","Strike_G","Defend_G","Defend_G","Defend_G","Defend_G","Defend_G+1","Survivor+1","Neutralize","Quick Slash","Deadly Poison","Backstab","Glass Knife+1","Caltrops+1","PiercingWail","Skewer+1","Dash+1","Backflip","PiercingWail","Leg Sweep+1","Prepared+1","Flechettes","Noxious Fumes+1","Crippling Poison","Backstab+1","Well Laid Plans+1","Deadly Poison+1","Deadly Poison","Dodge and Roll+1","Footwork+1","PiercingWail+1"],"special_seed":0,"relics":["Ring of the Serpent","Orrery","Bottled Tornado","War Paint","Art of War","Bottled Lightning","PreservedInsect","Pen Nib","Pear","Coffee Dripper","Pantograph","Molten Egg 2"],"potions_floor_usage":[50],"damage_taken":[{"damage":0.0,"enemies":"2 Louse","floor":1.0,"turns":2.0},{"damage":7.0,"enemies":"Small Slimes","floor":2.0,"turns":4.0},{"damage":10.0,"enemies":"3 Sentries","floor":7.0,"turns":8.0},{"damage":4.0,"enemies":"Gremlin Nob","floor":10.0,"turns":3.0},{"damage":0.0,"enemies":"Jaw Worm","floor":12.0,"turns":2.0},{"damage":17.0,"enemies":"3 Sentries","floor":13.0,"turns":6.0},{"damage":4.0,"enemies":"Exordium Thugs","floor":14.0,"turns":3.0},{"damage":15.0,"enemies":"The Guardian","floor":16.0,"turns":12.0},{"damage":12.0,"enemies":"2 Thieves","floor":18.0,"turns":4.0},{"damage":0.0,"enemies":"Chosen","floor":19.0,"turns":4.0},{"damage":16.0,"enemies":"Snecko","floor":20.0,"turns":5.0},{"damage":5.0,"enemies":"Centurion and Healer","floor":22.0,"turns":9.0},{"damage":25.0,"enemies":"Gremlin Leader","floor":23.0,"turns":7.0},{"damage":0.0,"enemies":"Snake Plant","floor":24.0,"turns":3.0},{"damage":6.0,"enemies":"3 Cultists","floor":28.0,"turns":6.0},{"damage":12.0,"enemies":"Centurion and Healer","floor":31.0,"turns":5.0},{"damage":27.0,"enemies":"Collector","floor":33.0,"turns":10.0},{"damage":8.0,"enemies":"3 Shapes","floor":35.0,"turns":4.0},{"damage":1.0,"enemies":"Orb Walker","floor":38.0,"turns":3.0},{"damage":5.0,"enemies":"Jaw Worm Horde","floor":41.0,"turns":7.0},{"damage":0.0,"enemies":"Sphere and 2 Shapes","floor":42.0,"turns":6.0},{"damage":42.0,"enemies":"Transient","floor":45.0,"turns":5.0},{"damage":0.0,"enemies":"Writhing Mass","floor":46.0,"turns":9.0},{"damage":9.0,"enemies":"3 Darklings","floor":47.0,"turns":7.0},{"damage":29,"enemies":"Time Eater","floor":50,"turns":11}],"seed_played":"3573926076383280273","potions_obtained":[{"floor":0.0,"key":"GhostInAJar"},{"floor":0.0,"key":"PowerPotion"},{"floor":0.0,"key":"Block Potion"},{"floor":14.0,"key":"SkillPotion"},{"floor":18.0,"key":"DuplicationPotion"},{"floor":20.0,"key":"Dexterity Potion"},{"floor":24.0,"key":"Block Potion"},{"floor":31.0,"key":"Block Potion"},{"floor":38.0,"key":"SkillPotion"},{"floor":42.0,"key":"Fire Potion"},{"floor":46.0,"key":"SpeedPotion"}],"is_trial":false,"path_per_floor":["M","M","?","$","?","R","E","R","T","E","R","M","E","M","R","B",null,"M","M","M","$","M","E","M","?","T","R","M","$","$","M","R","B",null,"M","?","?","M","?","$","M","M","T","R","M","M","M","?","R","B"],"character_chosen":"THE_SILENT","items_purchased":["Orrery","Dash","Noxious Fumes","Crippling Poison","PreservedInsect","Deadly Poison","Pantograph","Footwork"],"campfire_rested":2,"item_purchase_floors":[4,4,21,21,21,29,40,40],"current_hp_per_floor":[63,56,56,56,61,61,51,51,51,47,47,47,30,26,26,11,59,47,47,31,31,26,1,1,1,11,36,30,30,30,18,43,16,68,60,60,60,59,59,59,54,54,54,54,12,12,3,3,3,0],"gold":105,"neow_bonus":"THREE_SMALL_POTIONS","is_prod":false,"is_daily":false,"chose_seed":false,"campfire_upgraded":6,"win_rate":0,"timestamp":1569724035,"path_taken":["M","M","?","$","?","R","E","R","T","E","R","M","E","M","R","BOSS","M","M","M","$","M","E","M","?","T","R","M","?","$","M","R","BOSS","M","?","?","?","?","$","M","M","T","R","M","M","M","?","R","BOSS"],"build_version":"2019-09-27","purchased_purges":2,"victory":false,"max_hp_per_floor":[70,70,70,70,75,75,75,75,75,75,75,75,75,75,75,75,75,75,75,75,75,75,75,75,75,85,85,85,85,85,85,85,85,85,85,85,85,85,85,85,85,85,85,85,85,85,85,85,85,85],"card_choices":[{"not_picked":["Acrobatics","Deflect"],"picked":"Quick Slash","floor":1.0},{"not_picked":["Cloak And Dagger","Eviscerate"],"picked":"Deadly Poison","floor":2.0},{"not_picked":["Cloak And Dagger","Flechettes"],"picked":"Backstab","floor":4.0},{"not_picked":["Cloak And Dagger","Choke"],"picked":"Glass Knife","floor":4.0},{"not_picked":["Sucker Punch","Escape Plan"],"picked":"Caltrops","floor":4.0},{"not_picked":["Choke","Underhanded Strike"],"picked":"PiercingWail","floor":4.0},{"not_picked":["PiercingWail","Prepared"],"picked":"Skewer","floor":4.0},{"not_picked":["Prepared","Tactician","A Thousand Cuts"],"picked":"SKIP","floor":7.0},{"not_picked":["A Thousand Cuts","Flying Knee","Prepared"],"picked":"SKIP","floor":10.0},{"not_picked":["Masterful Stab","Dodge and Roll","Riddle With Holes"],"picked":"SKIP","floor":12.0},{"not_picked":["Bouncing Flask","Skewer"],"picked":"Backflip","floor":13.0},{"not_picked":["Expertise","Masterful Stab"],"picked":"PiercingWail","floor":14.0},{"not_picked":["Acrobatics","Deflect+1"],"picked":"Leg Sweep+1","floor":18.0},{"not_picked":["Backflip","Flechettes"],"picked":"Prepared+1","floor":19.0},{"not_picked":["Dagger Spray+1","Masterful Stab"],"picked":"Flechettes","floor":20.0},{"not_picked":["Outmaneuver","Dagger Spray"],"picked":"PiercingWail","floor":22.0},{"not_picked":["Flying Knee","Choke+1"],"picked":"Backstab","floor":23.0},{"not_picked":["Flying Knee","Underhanded Strike"],"picked":"Well Laid Plans+1","floor":24.0},{"not_picked":["PiercingWail+1","Backflip"],"picked":"Deadly Poison+1","floor":28.0},{"not_picked":["Burst","Blur"],"picked":"Dodge and Roll+1","floor":31.0},{"not_picked":["Sucker Punch","Dagger Spray+1","Endless Agony"],"picked":"SKIP","floor":35.0},{"not_picked":["Cloak And Dagger","Skewer","Poisoned Stab+1"],"picked":"SKIP","floor":38.0},{"not_picked":["Deflect","Dagger Spray+1","Prepared"],"picked":"SKIP","floor":41.0},{"not_picked":["Skewer+1","Cloak And Dagger+1","Blade Dance"],"picked":"SKIP","floor":42.0},{"not_picked":["Quick Slash+1","Endless Agony+1"],"picked":"PiercingWail+1","floor":45.0},{"not_picked":["Underhanded Strike+1","Outmaneuver","Unload+1"],"picked":"SKIP","floor":46.0},{"not_picked":["Reflex+1","Acrobatics+1","Blade Dance"],"picked":"SKIP","floor":47.0}],"player_experience":168784,"relics_obtained":[{"floor":7.0,"key":"Bottled Tornado"},{"floor":9.0,"key":"War Paint"},{"floor":10.0,"key":"Art of War"},{"floor":13.0,"key":"Bottled Lightning"},{"floor":23.0,"key":"Pen Nib"},{"floor":26.0,"key":"Pear"},{"floor":43.0,"key":"Molten Egg 2"}],"event_choices":[{"damage_healed":0.0,"max_hp_gain":0.0,"max_hp_loss":0.0,"gold_gain":175.0,"event_name":"Liars Game","player_choice":"AGREE","floor":3.0,"gold_loss":0.0,"damage_taken":0.0,"cards_obtained":["Doubt"]},{"damage_healed":0.0,"max_hp_gain":5.0,"max_hp_loss":0.0,"gold_gain":0.0,"event_name":"Big Fish","player_choice":"Donut","floor":5.0,"gold_loss":0.0,"damage_taken":0.0},{"cards_removed":["Strike_G"],"damage_healed":0.0,"max_hp_gain":0.0,"max_hp_loss":0.0,"gold_gain":0.0,"event_name":"Designer","player_choice":"Upgrade and Remove","floor":25.0,"gold_loss":90.0,"damage_taken":0.0,"cards_upgraded":["Backstab"]},{"cards_removed":["PiercingWail"],"damage_healed":0.0,"max_hp_gain":0.0,"max_hp_loss":0.0,"gold_gain":0.0,"event_name":"Falling","player_choice":"Removed Skill","floor":36.0,"gold_loss":0.0,"damage_taken":0.0},{"damage_healed":0.0,"max_hp_gain":0.0,"max_hp_loss":0.0,"gold_gain":300.0,"event_name":"Wheel of Change","player_choice":"Gold","floor":37.0,"gold_loss":0.0,"damage_taken":0.0},{"damage_healed":0.0,"max_hp_gain":0.0,"max_hp_loss":0.0,"gold_gain":0.0,"event_name":"SensoryStone","player_choice":"Memory 1","floor":39.0,"gold_loss":0.0,"damage_taken":0.0},{"damage_healed":0.0,"max_hp_gain":0.0,"max_hp_loss":0.0,"gold_gain":0.0,"event_name":"SecretPortal","player_choice":"Ignored","floor":48.0,"gold_loss":0.0,"damage_taken":0.0}],"is_beta":true,"boss_relics":[{"not_picked":["WristBlade","Black Star"],"picked":"Ring of the Serpent"},{"not_picked":["Snecko Eye","Tiny House"],"picked":"Coffee Dripper"}],"items_purged_floors":[4,40],"is_endless":false,"potions_floor_spawned":[1,2,14,18,20,24,31,38,42,46],"killed_by":"Time Eater","ascension_level":8}