{"gold_per_floor":[112,287,305,305,31,31,59,59,82,82,28,103,138,155,155,256,256,268,268,268,288,288],"floor_reached":22,"playtime":1197,"items_purged":["Doubt"],"score":200,"play_id":"402c6d29-a36a-4069-b45b-0a29e47a4a1c","local_time":"20181204174518","is_ascension_mode":true,"campfire_choices":[{"data":"Ball Lightning","floor":6,"key":"SMITH"},{"data":"Creative AI","floor":8,"key":"SMITH"},{"floor":10,"key":"REST"},{"floor":15,"key":"REST"}],"neow_cost":"NONE","seed_source_timestamp":1801181787624688,"circlet_count":0,"master_deck":["Strike_B","Strike_B","Strike_B","Strike_B","Defend_B","Defend_B","Defend_B","Defend_B","Zap","Dualcast","Parasite","Normality","Ball Lightning+1","Creative AI+1","Leap","Melter+1","Rainbow","White Noise"],"relics":["Calling Bell","Centennial Puzzle","Matryoshka","Ginger","Runic Capacitor","Molten Egg 2","Bag of Marbles","Anchor","Bottled Tornado","Philosopher\u0027s Stone","CultistMask"],"potions_floor_usage":[7,21],"damage_taken":[{"damage":6,"enemies":"2 Louse","floor":1,"turns":3},{"damage":6,"enemies":"Jaw Worm","floor":3,"turns":2},{"damage":20,"enemies":"3 Sentries","floor":7,"turns":8},{"damage":42,"enemies":"Lagavulin","floor":13,"turns":8},{"damage":0,"enemies":"Cultist","floor":14,"turns":4},{"damage":24,"enemies":"The Guardian","floor":16,"turns":11},{"damage":63,"enemies":"3 Byrds","floor":18,"turns":4},{"damage":45,"enemies":"Chosen","floor":21,"turns":7},{"damage":11,"enemies":"Centurion and Healer","floor":22,"turns":2}],"seed_played":"-1882359921747251101","potions_obtained":[{"floor":3,"key":"Fire Potion"},{"floor":13,"key":"Dexterity Potion"},{"floor":14,"key":"GamblersBrew"},{"floor":18,"key":"Regen Potion"}],"is_trial":false,"path_per_floor":["M","?","M","?","$","R","E","R","T","R","$","?","E","M","R","B",null,"M","?","?","M","M"],"character_chosen":"DEFECT","items_purchased":["Runic Capacitor","Leap"],"campfire_rested":2,"item_purchase_floors":[5,11],"current_hp_per_floor":[69,69,63,56,56,56,36,36,36,58,58,47,5,5,27,3,75,12,37,37,7,0],"gold":288,"neow_bonus":"BOSS_RELIC","is_prod":false,"is_daily":false,"chose_seed":false,"campfire_upgraded":2,"win_rate":0,"timestamp":1543967118,"path_taken":["M","?","M","?","$","R","E","R","T","R","$","?","E","M","R","BOSS","M","?","?","?","M"],"build_version":"2018-11-15","purchased_purges":1,"victory":false,"max_hp_per_floor":[75,75,75,75,75,75,75,75,75,75,75,75,75,75,75,75,75,75,75,75,75,75],"card_choices":[{"not_picked":["BootSequence","Self Repair"],"picked":"Ball Lightning","floor":1},{"not_picked":["Skim","Loop","Streamline"],"picked":"SKIP","floor":3},{"not_picked":["Sweeping Beam","Core Surge"],"picked":"Creative AI","floor":7},{"not_picked":["White Noise","Turbo"],"picked":"Melter+1","floor":13},{"not_picked":["Skim","Hologram","Blizzard+1"],"picked":"SKIP","floor":14},{"not_picked":["Fission","Echo Form"],"picked":"Rainbow","floor":16},{"not_picked":["Rip and Tear+1","Steam"],"picked":"White Noise","floor":18},{"not_picked":["Barrage+1","Streamline+1","Blizzard+1"],"picked":"SKIP","floor":21}],"player_experience":205952,"relics_obtained":[{"floor":0,"key":"Centennial Puzzle"},{"floor":0,"key":"Matryoshka"},{"floor":0,"key":"Ginger"},{"floor":7,"key":"Molten Egg 2"},{"floor":9,"key":"Bag of Marbles"},{"floor":9,"key":"Anchor"},{"floor":13,"key":"Bottled Tornado"}],"event_choices":[{"damage_healed":0,"gold_gain":175,"player_choice":"AGREE","damage_taken":0,"max_hp_gain":0,"max_hp_loss":0,"event_name":"Liars Game","floor":2,"gold_loss":0,"cards_obtained":["Doubt"]},{"cards_removed":["Shame"],"damage_healed":0,"gold_gain":0,"player_choice":"Card Removal","damage_taken":7,"max_hp_gain":0,"max_hp_loss":0,"event_name":"Golden Wing","floor":4,"gold_loss":0},{"damage_healed":0,"gold_gain":75,"player_choice":"Gather Gold","damage_taken":11,"max_hp_gain":0,"max_hp_loss":0,"event_name":"World of Goop","floor":12,"gold_loss":0},{"damage_healed":25,"gold_gain":0,"player_choice":"Heal","damage_taken":0,"max_hp_gain":0,"max_hp_loss":0,"event_name":"The Library","floor":19,"gold_loss":0},{"damage_healed":0,"gold_gain":0,"player_choice":"Trade","damage_taken":0,"relics_obtained":["CultistMask"],"max_hp_gain":0,"max_hp_loss":0,"event_name":"FaceTrader","floor":20,"gold_loss":0}],"is_beta":false,"boss_relics":[{"not_picked":["Fusion Hammer","Pandora\u0027s Box"],"picked":"Philosopher\u0027s Stone"}],"items_purged_floors":[5],"is_endless":false,"potions_floor_spawned":[3,13,14,18],"killed_by":"Centurion and Healer","ascension_level":1}