{"gold_per_floor":[119,137,149,169,180,180,206,206,206,236,236,250,285,14,14,112,112,128,139,157,157,86,86,102,113,113,126,226,259,270,289,289,386,386,403,403,34,34,51,51,70,70,70,97,443,478,478,488,488,488],"floor_reached":51,"playtime":5659,"items_purged":["Strike_G","Strike_G"],"score":816,"play_id":"48fee5b3-8993-432c-9c26-edd286179bf0","local_time":"20190121143643","is_ascension_mode":false,"campfire_choices":[{"data":"Neutralize","floor":6,"key":"SMITH"},{"data":"Well Laid Plans","floor":8,"key":"SMITH"},{"floor":11,"key":"REST"},{"data":"Catalyst","floor":15,"key":"SMITH"},{"data":"Footwork","floor":23,"key":"SMITH"},{"floor":32,"key":"REST"},{"data":"Noxious Fumes","floor":40,"key":"SMITH"},{"data":"Bouncing Flask","floor":42,"key":"SMITH"},{"floor":49,"key":"REST"}],"neow_cost":"NONE","seed_source_timestamp":265046684597134,"circlet_count":0,"master_deck":["Defend_G","Defend_G","Defend_G","Defend_G","Defend_G","Strike_G","Strike_G","Strike_G","Neutralize+1","Well Laid Plans+1","PiercingWail","Footwork+1","Poisoned Stab","Backflip","Catalyst+1","Deadly Poison","Malaise","Dagger Throw","PiercingWail","Bouncing Flask+1","Deadly Poison","Leg Sweep","Dash+1","Dash+1","Backflip+1","Terror","Tools of the Trade","Backflip+1","Noxious Fumes+1","Prepared+1","Deadly Poison+1","Night Terror","Prepared+1","Neutralize+1","Footwork"],"relics":["Ring of the Snake","Gremlin Horn","Strawberry","Boot","Sundial","Lantern","Cursed Key","Molten Egg 2","White Beast Statue","TwistedFunnel","Pen Nib","Old Coin","Anchor"],"potions_floor_usage":[4,7,16,19,20,25,33,33,41,41,41,45,46,48,50],"damage_taken":[{"damage":0,"enemies":"2 Louse","floor":1,"turns":3},{"damage":0,"enemies":"Small Slimes","floor":2,"turns":4},{"damage":1,"enemies":"Jaw Worm","floor":3,"turns":5},{"damage":18,"enemies":"Large Slime","floor":4,"turns":10},{"damage":5,"enemies":"Exordium Thugs","floor":5,"turns":8},{"damage":11,"enemies":"3 Sentries","floor":7,"turns":11},{"damage":2,"enemies":"3 Louse","floor":12,"turns":5},{"damage":38,"enemies":"Gremlin Nob","floor":13,"turns":6},{"damage":0,"enemies":"Hexaghost","floor":16,"turns":6},{"damage":0,"enemies":"3 Byrds","floor":18,"turns":6},{"damage":15,"enemies":"Spheric Guardian","floor":19,"turns":4},{"damage":0,"enemies":"Snake Plant","floor":20,"turns":2},{"damage":1,"enemies":"Snecko","floor":24,"turns":5},{"damage":8,"enemies":"Centurion and Healer","floor":25,"turns":7},{"damage":7,"enemies":"Snake Plant","floor":27,"turns":4},{"damage":3,"enemies":"Book of Stabbing","floor":29,"turns":6},{"damage":23,"enemies":"Cultist and Chosen","floor":30,"turns":8},{"damage":0,"enemies":"Centurion and Healer","floor":31,"turns":6},{"damage":43,"enemies":"Collector","floor":33,"turns":9},{"damage":0,"enemies":"Orb Walker","floor":35,"turns":4},{"damage":0,"enemies":"3 Shapes","floor":39,"turns":4},{"damage":0,"enemies":"Writhing Mass","floor":41,"turns":4},{"damage":2,"enemies":"Giant Head","floor":44,"turns":7},{"damage":43,"enemies":"2 Orb Walkers","floor":45,"turns":6},{"damage":26,"enemies":"Reptomancer","floor":46,"turns":5},{"damage":0,"enemies":"Spire Growth","floor":48,"turns":3},{"damage":43,"enemies":"Donu and Deca","floor":50,"turns":7}],"seed_played":"-6960826954694521012","potions_obtained":[{"floor":2,"key":"Energy Potion"},{"floor":4,"key":"AttackPotion"},{"floor":13,"key":"Poison Potion"},{"floor":16,"key":"Explosive Potion"},{"floor":19,"key":"Poison Potion"},{"floor":20,"key":"SkillPotion"},{"floor":25,"key":"Dexterity Potion"},{"floor":29,"key":"Dexterity Potion"},{"floor":33,"key":"PowerPotion"},{"floor":35,"key":"EssenceOfSteel"},{"floor":39,"key":"EssenceOfSteel"},{"floor":41,"key":"FairyPotion"},{"floor":44,"key":"GamblersBrew"},{"floor":45,"key":"Fire Potion"},{"floor":46,"key":"Ancient Potion"},{"floor":48,"key":"LiquidBronze"}],"is_trial":false,"path_per_floor":["M","M","M","M","M","R","E","R","T","?","R","M","E","$","R","B",null,"M","M","M","?","$","R","M","M","T","M","?","E","M","M","R","B",null,"M","?","$","?","M","R","M","R","T","E","?","E","?","M","R","B",null],"character_chosen":"THE_SILENT","items_purchased":["Lantern","Swift Potion","Leg Sweep","TwistedFunnel","Noxious Fumes"],"campfire_rested":3,"item_purchase_floors":[14,14,22,37,37],"current_hp_per_floor":[77,77,76,58,53,53,42,42,49,49,74,72,34,34,34,34,84,84,69,69,69,69,69,68,60,60,53,53,50,27,27,52,9,84,84,84,84,84,84,84,84,84,84,82,39,13,13,13,38,8],"gold":488,"neow_bonus":"TEN_PERCENT_HP_BONUS","is_prod":false,"is_daily":false,"chose_seed":false,"campfire_upgraded":6,"win_rate":0.0,"timestamp":1548103003,"path_taken":["M","M","M","M","M","R","E","R","T","?","R","M","E","$","R","BOSS","M","M","M","?","?","R","M","M","T","M","?","E","M","?","R","BOSS","M","?","$","?","M","R","M","R","T","E","?","E","?","M","R","BOSS"],"build_version":"2019-01-17v2","purchased_purges":2,"victory":true,"max_hp_per_floor":[77,77,77,77,77,77,77,77,84,84,84,84,84,84,84,84,84,84,84,84,84,84,84,84,84,84,84,84,84,84,84,84,84,84,84,84,84,84,84,84,84,84,84,84,84,84,84,84,84,84],"card_choices":[{"not_picked":["Dagger Throw","Prepared"],"picked":"Well Laid Plans","floor":1},{"not_picked":["Dodge and Roll","Prepared"],"picked":"PiercingWail","floor":2},{"not_picked":["Outmaneuver","Tactician"],"picked":"Footwork","floor":3},{"not_picked":["Footwork","Dagger Throw"],"picked":"Poisoned Stab","floor":4},{"not_picked":["Escape Plan","Backstab"],"picked":"Backflip","floor":5},{"not_picked":["Slice","Doppelganger"],"picked":"Catalyst","floor":7},{"not_picked":["Infinite Blades","Sucker Punch","Dodge and Roll"],"picked":"SKIP","floor":12},{"not_picked":["Slice","Riddle With Holes"],"picked":"Deadly Poison","floor":13},{"not_picked":["After Image","Doppelganger"],"picked":"Malaise","floor":16},{"not_picked":["Flechettes","Well Laid Plans"],"picked":"Dagger Throw","floor":18},{"not_picked":["Outmaneuver","Riddle With Holes"],"picked":"PiercingWail","floor":19},{"not_picked":["Prepared","Blade Dance"],"picked":"Bouncing Flask","floor":20},{"not_picked":["Slice+1","Finisher+1"],"picked":"Dash+1","floor":24},{"not_picked":["Dagger Spray","Finisher","Heel Hook"],"picked":"SKIP","floor":25},{"not_picked":["Flechettes+1","Blade Dance+1","Prepared"],"picked":"SKIP","floor":27},{"not_picked":["Heel Hook","Bouncing Flask+1"],"picked":"Dash+1","floor":29},{"not_picked":["PiercingWail","Poisoned Stab+1"],"picked":"Backflip+1","floor":30},{"not_picked":["Backflip","Acrobatics"],"picked":"Terror","floor":31},{"not_picked":["Envenom","Doppelganger"],"picked":"Tools of the Trade","floor":33},{"not_picked":["Endless Agony+1","Blade Dance+1"],"picked":"Backflip+1","floor":35},{"not_picked":["Dagger Throw+1","Deflect+1"],"picked":"Prepared+1","floor":39},{"not_picked":["Heel Hook+1","Finisher+1"],"picked":"Deadly Poison+1","floor":41},{"not_picked":["Finisher+1","Bane+1"],"picked":"Night Terror","floor":44},{"not_picked":["Dagger Throw+1","Deadly Poison+1"],"picked":"Prepared+1","floor":45},{"not_picked":["Acrobatics+1","Backflip","PiercingWail"],"picked":"SKIP","floor":46},{"not_picked":["Acrobatics+1","Blur"],"picked":"Footwork","floor":48}],"player_experience":8114,"relics_obtained":[{"floor":7,"key":"Gremlin Horn"},{"floor":9,"key":"Strawberry"},{"floor":13,"key":"Sundial"},{"floor":29,"key":"Molten Egg 2"},{"floor":44,"key":"Pen Nib"},{"floor":45,"key":"Old Coin"},{"floor":46,"key":"Anchor"}],"event_choices":[{"damage_healed":0,"gold_gain":30,"player_choice":"Searched \u00273\u0027 times","damage_taken":0,"relics_obtained":["Boot"],"max_hp_gain":0,"max_hp_loss":0,"event_name":"Dead Adventurer","floor":10,"gold_loss":0},{"damage_healed":0,"gold_gain":0,"player_choice":"Read","damage_taken":0,"max_hp_gain":0,"max_hp_loss":0,"event_name":"The Library","floor":21,"gold_loss":0,"cards_obtained":["Deadly Poison"]},{"damage_healed":0,"gold_gain":100,"player_choice":"Pray","damage_taken":0,"max_hp_gain":0,"max_hp_loss":0,"event_name":"Golden Shrine","floor":28,"gold_loss":0},{"damage_healed":0,"gold_gain":0,"player_choice":"Ignored","damage_taken":0,"max_hp_gain":0,"max_hp_loss":0,"event_name":"Tomb of Lord Red Mask","floor":36,"gold_loss":0},{"cards_removed":["Survivor"],"damage_healed":0,"gold_gain":0,"player_choice":"Removed Skill","damage_taken":0,"max_hp_gain":0,"max_hp_loss":0,"event_name":"Falling","floor":38,"gold_loss":0},{"damage_healed":0,"gold_gain":0,"player_choice":"Fight","damage_taken":0,"max_hp_gain":0,"max_hp_loss":0,"event_name":"Mysterious Sphere","floor":45,"gold_loss":0},{"damage_healed":0,"gold_gain":0,"player_choice":"1 cards matched","damage_taken":0,"max_hp_gain":0,"max_hp_loss":0,"event_name":"Match and Keep!","floor":47,"gold_loss":0,"cards_obtained":["Neutralize"]}],"is_beta":false,"boss_relics":[{"not_picked":["Calling Bell","Ring of the Serpent"],"picked":"Cursed Key"},{"not_picked":["Velvet Choker","Tiny House"],"picked":"White Beast Statue"}],"items_purged_floors":[14,37],"is_endless":false,"potions_floor_spawned":[2,4,13,16,19,20,25,29,33,35,39,41,44,45,46,48],"ascension_level":0}