{"gold_per_floor":[113,113,113,131,56,56,76,86,134,168,192,204,235,247,259,376,438,464,488,254,254,267,267,192,202,202,59,59,93,23,41,41,145,145,157,32,42,54,67,67,80,80,106,106,123,123,123,142,142,142],"floor_reached":50,"playtime":2309,"items_purged":["Strike_B","Strike_B","Strike_B"],"score":489,"play_id":"47af06e2-9cc1-4681-8829-79f1ca981363","local_time":"20181205115508","is_ascension_mode":true,"campfire_choices":[{"data":"Dualcast","floor":6,"key":"SMITH"},{"data":"Beam Cell","floor":12,"key":"SMITH"},{"floor":15,"key":"REST"},{"data":"Auto Shields","floor":23,"key":"SMITH"},{"floor":28,"key":"REST"},{"floor":32,"key":"REST"},{"data":"Scrape","floor":40,"key":"SMITH"},{"floor":44,"key":"REST"},{"floor":49,"key":"RECALL"}],"neow_cost":"NONE","seed_source_timestamp":1865458781683560,"circlet_count":0,"master_deck":["Defend_B","Defend_B","Defend_B","Defend_B","Zap+1","Dualcast+1","Gash","Auto Shields+1","Beam Cell+1","Gash+1","All For One","Scrape+1","Gash","Scrape+1","All For One","Steam","Writhe","Parasite","Scrape"],"relics":["Sozu","Boot","MawBank","Tiny House","Bag of Preparation","Bottled Lightning","PreservedInsect","Bag of Marbles"],"potions_floor_usage":[],"damage_taken":[{"damage":1,"enemies":"2 Louse","floor":1,"turns":2},{"damage":0,"enemies":"Small Slimes","floor":4,"turns":3},{"damage":0,"enemies":"Cultist","floor":7,"turns":4},{"damage":4,"enemies":"2 Fungi Beasts","floor":8,"turns":3},{"damage":21,"enemies":"3 Sentries","floor":10,"turns":11},{"damage":10,"enemies":"Looter","floor":11,"turns":3},{"damage":1,"enemies":"Exordium Wildlife","floor":13,"turns":3},{"damage":52,"enemies":"The Guardian","floor":16,"turns":11},{"damage":5,"enemies":"Shell Parasite","floor":18,"turns":5},{"damage":11,"enemies":"3 Byrds","floor":19,"turns":5},{"damage":20,"enemies":"Centurion and Healer","floor":22,"turns":3},{"damage":1,"enemies":"Snake Plant","floor":25,"turns":3},{"damage":30,"enemies":"Gremlin Leader","floor":29,"turns":5},{"damage":1,"enemies":"Cultist and Chosen","floor":31,"turns":3},{"damage":34,"enemies":"Automaton","floor":33,"turns":5},{"damage":15,"enemies":"3 Shapes","floor":35,"turns":2},{"damage":15,"enemies":"Orb Walker","floor":37,"turns":3},{"damage":23,"enemies":"Jaw Worm Horde","floor":38,"turns":4},{"damage":0,"enemies":"Transient","floor":39,"turns":5},{"damage":1,"enemies":"Spire Growth","floor":41,"turns":3},{"damage":22,"enemies":"Maw","floor":45,"turns":4},{"damage":5,"enemies":"Writhing Mass","floor":48,"turns":4},{"damage":64,"enemies":"Donu and Deca","floor":50,"turns":4}],"seed_played":"-8491684201699583527","potions_obtained":[],"is_trial":false,"path_per_floor":["M","?","?","M","$","R","M","M","T","E","M","R","M","?","R","B",null,"M","M","$","?","M","R","?","M","T","$","R","E","$","M","R","B",null,"M","$","M","M","M","R","M","?","T","R","M","?","?","M","R","B"],"character_chosen":"DEFECT","items_purchased":["Bag of Preparation","PreservedInsect","Scrape"],"campfire_rested":4,"item_purchase_floors":[20,27,30],"current_hp_per_floor":[74,79,79,79,79,79,79,75,75,54,44,44,43,43,67,15,85,80,69,69,69,49,49,49,48,48,48,73,43,43,42,67,33,85,70,70,55,32,32,32,31,31,31,56,34,55,55,50,50,0],"gold":142,"neow_bonus":"BOSS_RELIC","is_prod":false,"is_daily":false,"chose_seed":false,"campfire_upgraded":4,"win_rate":0,"timestamp":1544032508,"path_taken":["M","?","?","?","$","R","M","M","T","E","M","R","M","?","R","BOSS","M","M","$","?","M","R","?","M","T","$","R","E","?","?","R","BOSS","M","$","?","M","M","R","M","?","T","R","M","?","?","M","R","BOSS"],"build_version":"2018-11-15","purchased_purges":3,"victory":false,"max_hp_per_floor":[75,80,80,80,80,80,80,80,80,80,80,80,80,80,80,80,85,85,85,85,85,85,85,85,85,85,85,85,85,85,85,85,85,85,85,85,85,85,85,85,85,85,85,85,85,85,85,85,85,85],"card_choices":[{"not_picked":["Compile Driver","Steam"],"picked":"Gash","floor":1},{"not_picked":["Beam Cell","Steam","Coolheaded"],"picked":"SKIP","floor":4},{"not_picked":["Doom and Gloom","Cold Snap","Fusion"],"picked":"SKIP","floor":7},{"not_picked":["Tempest","Compile Driver"],"picked":"Auto Shields","floor":8},{"not_picked":["Ball Lightning","Reboot","Darkness"],"picked":"SKIP","floor":10},{"not_picked":["Double Energy","Turbo"],"picked":"Beam Cell","floor":11},{"not_picked":["Doom and Gloom","Barrage"],"picked":"Gash","floor":13},{"not_picked":["Creative AI","Amplify"],"picked":"All For One","floor":16},{"not_picked":["Cold Snap+1","Steam Power+1"],"picked":"Scrape+1","floor":18},{"not_picked":["Conserve Battery","Glacier","Rebound"],"picked":"SKIP","floor":19},{"not_picked":["Sweeping Beam","Cold Snap","Turbo"],"picked":"SKIP","floor":22},{"not_picked":["Rebound","Chill","Steam"],"picked":"SKIP","floor":25},{"not_picked":["Sweeping Beam","Meteor Strike","Stack"],"picked":"SKIP","floor":29},{"not_picked":["FTL","Compile Driver","Chaos"],"picked":"SKIP","floor":31},{"not_picked":["Core Surge","Creative AI"],"picked":"All For One","floor":33},{"not_picked":["Double Energy","Streamline+1","Beam Cell+1"],"picked":"SKIP","floor":35},{"not_picked":["Compile Driver+1","Sweeping Beam+1","Static Discharge+1"],"picked":"SKIP","floor":37},{"not_picked":["Storm","Streamline+1"],"picked":"Steam","floor":38},{"not_picked":["Stack","Sunder+1","Sweeping Beam"],"picked":"SKIP","floor":39},{"not_picked":["Conserve Battery","Aggregate+1","Storm+1"],"picked":"SKIP","floor":41},{"not_picked":["Rainbow","Turbo+1","Rebound+1"],"picked":"SKIP","floor":45},{"not_picked":["Recycle+1","Stack+1"],"picked":"Scrape","floor":48}],"player_experience":226078,"relics_obtained":[{"floor":9,"key":"Boot"},{"floor":10,"key":"MawBank"},{"floor":26,"key":"Bottled Lightning"},{"floor":29,"key":"Bag of Marbles"}],"event_choices":[{"damage_healed":0,"gold_gain":0,"player_choice":"Donut","damage_taken":0,"max_hp_gain":5,"max_hp_loss":0,"event_name":"Big Fish","floor":2,"gold_loss":0},{"damage_healed":0,"gold_gain":0,"player_choice":"Upgraded","damage_taken":0,"max_hp_gain":0,"max_hp_loss":0,"event_name":"Upgrade Shrine","floor":3,"gold_loss":0,"cards_upgraded":["Zap"]},{"damage_healed":0,"gold_gain":0,"player_choice":"Ignored","damage_taken":0,"max_hp_gain":0,"max_hp_loss":0,"event_name":"Liars Game","floor":14,"gold_loss":0},{"damage_healed":0,"gold_gain":0,"player_choice":"Read","damage_taken":0,"max_hp_gain":0,"max_hp_loss":0,"event_name":"The Library","floor":21,"gold_loss":0,"cards_obtained":["Gash"]},{"cards_removed":["Strike_B"],"damage_healed":0,"gold_gain":0,"player_choice":"Gave Gold","damage_taken":0,"max_hp_gain":0,"max_hp_loss":0,"event_name":"Beggar","floor":24,"gold_loss":75},{"damage_healed":0,"gold_gain":0,"player_choice":"Ignored","damage_taken":0,"max_hp_gain":0,"max_hp_loss":0,"event_name":"Tomb of Lord Red Mask","floor":42,"gold_loss":0},{"damage_healed":21,"gold_gain":0,"player_choice":"Writhe","damage_taken":0,"max_hp_gain":0,"max_hp_loss":0,"event_name":"Winding Halls","floor":46,"gold_loss":0,"cards_obtained":["Writhe"]},{"damage_healed":0,"gold_gain":0,"player_choice":"Memory 1","damage_taken":0,"max_hp_gain":0,"max_hp_loss":0,"event_name":"SensoryStone","floor":47,"gold_loss":0}],"is_beta":false,"boss_relics":[{"not_picked":["Eternal Feather","Nuclear Battery"],"picked":"Tiny House"},{"not_picked":["White Beast Statue","Coffee Dripper","Busted Crown"]}],"items_purged_floors":[5,20,36],"is_endless":false,"potions_floor_spawned":[7,10,16,18,29,31,33,38,48],"killed_by":"Donu and Deca","ascension_level":1}