{"gold_per_floor":[109,127,143,156,166,166,176,176,176,191,191,221,239,48,48,124,124,142,9,9,9,23,23,37,37,82,94,121,121,132,149,149,224,224,238,288,303,320,339,339,354,354,354,372,772,772,192,192,192,192],"floor_reached":51,"playtime":3665,"items_purged":["Strike_G","Dash"],"score":1285,"play_id":"2fe2f8d8-c94d-4b43-893c-4cb27cf8c391","local_time":"20190810185758","is_ascension_mode":true,"campfire_choices":[{"data":"Neutralize","floor":6,"key":"SMITH"},{"floor":11,"key":"REST"},{"floor":15,"key":"REST"},{"data":"Catalyst","floor":23,"key":"SMITH"},{"data":"Deadly Poison","floor":32,"key":"SMITH"},{"floor":40,"key":"REST"},{"floor":42,"key":"REST"},{"floor":46,"key":"REST"},{"floor":49,"key":"REST"}],"neow_cost":"NONE","seed_source_timestamp":720940640408269,"circlet_count":0,"master_deck":["AscendersBane","Defend_G","Defend_G","Defend_G","Defend_G","Defend_G","Survivor","Neutralize+1","PiercingWail","Dash","Deadly Poison+1","PiercingWail","Backflip","Wraith Form v2+1","Catalyst+1","Noxious Fumes+1","Malaise","Adrenaline","Backflip","Caltrops+1","Blur","Well Laid Plans+1","Bite","Bite","Bite","Bite","Bite","Ghostly","Ghostly","Ghostly","Deadly Poison","Prepared+1","Bouncing Flask","Thinking Ahead"],"relics":["Ring of the Snake","Frozen Egg 2","Runic Dome","Nloth\u0027s Gift","Centennial Puzzle","Singing Bowl","Fusion Hammer","Gremlin Horn","Old Coin","Bottled Lightning"],"potions_floor_usage":[4,7,12,16,33,50,50],"damage_taken":[{"damage":7,"enemies":"Small Slimes","floor":1,"turns":5},{"damage":0,"enemies":"Cultist","floor":2,"turns":4},{"damage":1,"enemies":"2 Louse","floor":3,"turns":3},{"damage":17,"enemies":"Gremlin Gang","floor":4,"turns":7},{"damage":0,"enemies":"Looter","floor":5,"turns":5},{"damage":1,"enemies":"2 Fungi Beasts","floor":7,"turns":4},{"damage":19,"enemies":"Large Slime","floor":10,"turns":9},{"damage":14,"enemies":"Gremlin Nob","floor":12,"turns":6},{"damage":2,"enemies":"Red Slaver","floor":13,"turns":4},{"damage":13,"enemies":"Hexaghost","floor":16,"turns":9},{"damage":5,"enemies":"Spheric Guardian","floor":18,"turns":3},{"damage":14,"enemies":"Shell Parasite","floor":22,"turns":6},{"damage":20,"enemies":"Snake Plant","floor":24,"turns":5},{"damage":8,"enemies":"Sentry and Sphere","floor":27,"turns":6},{"damage":10,"enemies":"Slavers","floor":28,"turns":7},{"damage":21,"enemies":"Snecko","floor":30,"turns":8},{"damage":3,"enemies":"Shelled Parasite and Fungi","floor":31,"turns":6},{"damage":3,"enemies":"Collector","floor":33,"turns":8},{"damage":7,"enemies":"3 Darklings","floor":35,"turns":6},{"damage":1,"enemies":"Orb Walker","floor":37,"turns":5},{"damage":1,"enemies":"4 Shapes","floor":38,"turns":7},{"damage":1,"enemies":"Transient","floor":39,"turns":6},{"damage":0,"enemies":"Jaw Worm Horde","floor":41,"turns":5},{"damage":1,"enemies":"Writhing Mass","floor":44,"turns":5},{"damage":0,"enemies":"Mind Bloom Boss Battle","floor":45,"turns":7},{"damage":26,"enemies":"Awakened One","floor":50,"turns":15}],"seed_played":"-8028330674859454159","potions_obtained":[{"floor":3,"key":"Dexterity Potion"},{"floor":4,"key":"Poison Potion"},{"floor":10,"key":"LiquidBronze"},{"floor":13,"key":"Poison Potion"},{"floor":18,"key":"SteroidPotion"},{"floor":28,"key":"Explosive Potion"},{"floor":31,"key":"AttackPotion"},{"floor":33,"key":"Energy Potion"},{"floor":45,"key":"Poison Potion"}],"is_trial":false,"path_per_floor":["M","M","M","M","M","R","M","?","T","M","R","E","M","$","R","B",null,"M","$","?","?","M","R","M","?","T","M","E","?","M","M","R","B",null,"M","?","M","M","M","R","M","R","T","M","?","R","$","?","R","B",null],"character_chosen":"THE_SILENT","items_purchased":["Noxious Fumes+1","Malaise","Ancient Potion","Bottled Lightning","Thinking Ahead"],"campfire_rested":6,"item_purchase_floors":[14,14,19,47,47],"current_hp_per_floor":[52,52,51,34,34,34,33,33,33,14,33,19,17,17,36,23,55,50,50,50,50,36,36,16,16,16,20,24,24,11,24,24,28,28,30,27,30,29,31,32,34,34,34,36,38,38,38,38,38,38],"gold":192,"neow_bonus":"THREE_CARDS","is_prod":false,"is_daily":false,"chose_seed":false,"campfire_upgraded":3,"win_rate":0,"timestamp":1565481478,"path_taken":["M","M","M","M","M","R","M","?","T","M","R","E","M","$","R","BOSS","M","$","?","?","M","R","?","?","T","M","E","?","M","M","R","BOSS","M","?","?","M","M","R","M","R","T","M","?","R","$","?","R","BOSS"],"build_version":"2019-07-17","purchased_purges":2,"victory":true,"max_hp_per_floor":[66,66,66,66,66,66,66,66,66,66,66,66,66,66,66,66,66,66,66,66,66,66,66,66,46,46,46,48,24,26,26,26,28,28,30,30,30,30,32,32,34,34,34,36,38,38,38,38,38,38],"card_choices":[{"not_picked":["Terror","Blade Dance"],"picked":"PiercingWail","floor":0},{"not_picked":["Deadly Poison","Blade Dance"],"picked":"Dash","floor":1},{"not_picked":["Blade Dance","Underhanded Strike"],"picked":"Deadly Poison","floor":2},{"not_picked":["Deflect","Dodge and Roll","Outmaneuver"],"picked":"SKIP","floor":3},{"not_picked":["Quick Slash","Concentrate","Bullet Time"],"picked":"SKIP","floor":4},{"not_picked":["Dash","Prepared"],"picked":"PiercingWail","floor":5},{"not_picked":["Blade Dance","Dagger Throw"],"picked":"Backflip","floor":7},{"not_picked":["Deadly Poison","Poisoned Stab"],"picked":"Wraith Form v2+1","floor":10},{"not_picked":["Expertise","Quick Slash"],"picked":"Catalyst","floor":12},{"not_picked":["Concentrate","Quick Slash","Deflect"],"picked":"SKIP","floor":13},{"not_picked":["Burst","Glass Knife"],"picked":"Adrenaline","floor":16},{"not_picked":["Underhanded Strike","Quick Slash"],"picked":"Backflip","floor":18},{"not_picked":["Expertise","Tactician"],"picked":"Blur","floor":22},{"not_picked":["Backflip","Choke"],"picked":"Well Laid Plans+1","floor":24},{"not_picked":["Poisoned Stab","Predator","Prepared"],"picked":"SKIP","floor":27},{"not_picked":["Dagger Throw","Heel Hook","Prepared"],"picked":"Singing Bowl","floor":28},{"not_picked":["Prepared","Backflip","Dash"],"picked":"Singing Bowl","floor":30},{"not_picked":["Slice+1","Dagger Spray"],"picked":"Deadly Poison","floor":31},{"not_picked":["Doppelganger","Malaise","Grand Finale"],"picked":"Singing Bowl","floor":33},{"not_picked":["Eviscerate","Flying Knee","PiercingWail"],"picked":"Singing Bowl","floor":35},{"not_picked":["Deflect","Well Laid Plans+1"],"picked":"Prepared+1","floor":37},{"not_picked":["Accuracy+1","Bane"],"picked":"Bouncing Flask","floor":38},{"not_picked":["Outmaneuver","Calculated Gamble","Underhanded Strike"],"picked":"Singing Bowl","floor":39},{"not_picked":["Sucker Punch","Bullet Time","Underhanded Strike"],"picked":"Singing Bowl","floor":41},{"not_picked":["Prepared","Dagger Spray","Bane"],"picked":"Singing Bowl","floor":44},{"not_picked":["Poisoned Stab+1","Dagger Spray","Blade Dance"],"picked":"Singing Bowl","floor":45}],"player_experience":700637,"relics_obtained":[{"floor":9,"key":"Frozen Egg 2"},{"floor":12,"key":"Smiling Mask"},{"floor":26,"key":"Centennial Puzzle"},{"floor":28,"key":"Singing Bowl"},{"floor":43,"key":"Gremlin Horn"},{"floor":45,"key":"Old Coin"}],"event_choices":[{"damage_healed":0,"gold_gain":0,"player_choice":"0 cards matched","damage_taken":0,"max_hp_gain":0,"max_hp_loss":0,"event_name":"Match and Keep!","floor":8,"gold_loss":0,"cards_obtained":[]},{"damage_healed":0,"gold_gain":0,"cards_transformed":["Strike_G","Strike_G"],"player_choice":"Became Test Subject","damage_taken":0,"max_hp_gain":0,"max_hp_loss":0,"event_name":"Drug Dealer","floor":20,"gold_loss":0,"cards_obtained":["Caltrops","Dash"]},{"damage_healed":0,"gold_gain":0,"player_choice":"Traded Relic","damage_taken":0,"relics_obtained":["Nloth\u0027s Gift"],"max_hp_gain":0,"max_hp_loss":0,"event_name":"N\u0027loth","floor":21,"relics_lost":["Smiling Mask"],"gold_loss":0},{"damage_healed":0,"gold_gain":0,"player_choice":"Became a vampire","damage_taken":0,"max_hp_gain":0,"max_hp_loss":20,"event_name":"Vampires","floor":25,"gold_loss":0,"cards_obtained":["Bite","Bite","Bite","Bite","Bite"]},{"damage_healed":0,"gold_gain":0,"player_choice":"Became a Ghost","damage_taken":0,"max_hp_gain":0,"max_hp_loss":24,"event_name":"Ghosts","floor":29,"gold_loss":0,"cards_obtained":["Ghostly","Ghostly","Ghostly"]},{"damage_healed":0,"gold_gain":50,"player_choice":"Touch","damage_taken":3,"max_hp_gain":0,"max_hp_loss":0,"event_name":"FaceTrader","floor":36,"gold_loss":0},{"damage_healed":0,"gold_gain":0,"player_choice":"Fight","damage_taken":0,"max_hp_gain":0,"max_hp_loss":0,"event_name":"MindBloom","floor":45,"gold_loss":0},{"damage_healed":0,"gold_gain":0,"player_choice":"Ignored","damage_taken":0,"max_hp_gain":0,"max_hp_loss":0,"event_name":"Mysterious Sphere","floor":48,"gold_loss":0}],"is_beta":false,"boss_relics":[{"not_picked":["Calling Bell","Eternal Feather"],"picked":"Runic Dome"},{"not_picked":["HoveringKite","Pandora\u0027s Box"],"picked":"Fusion Hammer"}],"items_purged_floors":[19,47],"is_endless":false,"potions_floor_spawned":[3,4,10,13,18,28,30,31,33,39,45],"ascension_level":18}