{"gold_per_floor":[115,115,115,128,140,168,168,243,268,281,301,301,334,351,351,446,446,457,457,471,471,483,483,501,501,501,501,501],"floor_reached":28,"playtime":1306,"items_purged":[],"score":253,"play_id":"c31b7f50-24e0-4b09-8597-4217dc937ebf","local_time":"20191011115748","is_ascension_mode":true,"campfire_choices":[{"floor":7,"key":"REST"},{"floor":15,"key":"REST"},{"floor":23,"key":"REST"}],"neow_cost":"NONE","seed_source_timestamp":138654288290900,"circlet_count":0,"master_deck":["Strike_G","Strike_G+1","Strike_G","Strike_G","Strike_G","Defend_G","Defend_G","Defend_G+1","Defend_G","Defend_G","Survivor","Neutralize","Flying Knee","Dagger Throw","Backflip","Bouncing Flask","Catalyst","Bullet Time","Concentrate","Necronomicurse","Leg Sweep","PiercingWail"],"relics":["Ring of the Snake","NeowsBlessing","Lantern","Anchor","Boot","Runic Pyramid","Necronomicon","Gremlin Horn"],"potions_floor_usage":[6,14,16],"damage_taken":[{"damage":0,"enemies":"2 Louse","floor":1,"turns":1},{"damage":0,"enemies":"Jaw Worm","floor":4,"turns":1},{"damage":0,"enemies":"Small Slimes","floor":5,"turns":1},{"damage":47,"enemies":"Lagavulin","floor":6,"turns":7},{"damage":0,"enemies":"Blue Slaver","floor":10,"turns":2},{"damage":0,"enemies":"2 Fungi Beasts","floor":11,"turns":3},{"damage":22,"enemies":"Gremlin Nob","floor":13,"turns":4},{"damage":0,"enemies":"Red Slaver","floor":14,"turns":3},{"damage":22,"enemies":"The Guardian","floor":16,"turns":9},{"damage":18,"enemies":"Shell Parasite","floor":18,"turns":6},{"damage":0,"enemies":"Chosen","floor":20,"turns":5},{"damage":39,"enemies":"Centurion and Healer","floor":22,"turns":8},{"damage":18,"enemies":"Shelled Parasite and Fungi","floor":24,"turns":9},{"damage":50,"enemies":"Chosen and Byrds","floor":28,"turns":8}],"seed_played":"-3972461773186657201","potions_obtained":[{"floor":1,"key":"Dexterity Potion"},{"floor":5,"key":"Poison Potion"},{"floor":6,"key":"Ancient Potion"},{"floor":13,"key":"EssenceOfSteel"},{"floor":14,"key":"Ancient Potion"},{"floor":20,"key":"Energy Potion"}],"is_trial":false,"path_per_floor":["M","?","?","M","M","E","R","?","T","M","M","?","E","M","R","B",null,"M","?","M","?","M","R","M","T","T","?","M"],"character_chosen":"THE_SILENT","items_purchased":[],"campfire_rested":3,"item_purchase_floors":[],"current_hp_per_floor":[70,56,61,61,61,14,36,25,25,25,25,25,3,3,25,3,75,57,57,57,41,2,24,6,6,6,31,0],"gold":501,"neow_bonus":"THREE_ENEMY_KILL","is_prod":false,"is_daily":false,"chose_seed":false,"campfire_upgraded":0,"win_rate":0,"timestamp":1570809468,"path_taken":["M","?","?","M","M","E","R","?","T","M","M","?","E","M","R","BOSS","M","?","M","?","M","R","M","?","T","?","?"],"build_version":"2019-07-17","purchased_purges":0,"victory":false,"max_hp_per_floor":[70,70,75,75,75,75,75,75,75,75,75,75,75,75,75,75,75,75,75,75,75,75,75,75,75,75,75,75],"card_choices":[{"not_picked":["Concentrate","Dodge and Roll"],"picked":"Flying Knee","floor":1},{"not_picked":["Deflect","Prepared"],"picked":"Dagger Throw","floor":4},{"not_picked":["Blade Dance","Outmaneuver","Deadly Poison"],"picked":"SKIP","floor":5},{"not_picked":["Doppelganger","Slice"],"picked":"Backflip","floor":6},{"not_picked":["Flying Knee","Sucker Punch"],"picked":"Bouncing Flask","floor":10},{"not_picked":["Deflect","PiercingWail"],"picked":"Catalyst","floor":11},{"not_picked":["Infinite Blades","Dash","Masterful Stab"],"picked":"SKIP","floor":13},{"not_picked":["Tactician","Flying Knee","Outmaneuver"],"picked":"SKIP","floor":14},{"not_picked":["Grand Finale","Tools of the Trade"],"picked":"Bullet Time","floor":16},{"not_picked":["Bane","Sucker Punch"],"picked":"Concentrate","floor":18},{"not_picked":["Dagger Throw+1","Cloak And Dagger","Flying Knee"],"picked":"SKIP","floor":20},{"not_picked":["Poisoned Stab","Dodge and Roll+1"],"picked":"Leg Sweep","floor":22},{"not_picked":["Calculated Gamble+1","Grand Finale"],"picked":"PiercingWail","floor":24}],"player_experience":125805,"relics_obtained":[{"floor":6,"key":"Lantern"},{"floor":9,"key":"Anchor"},{"floor":13,"key":"Boot"},{"floor":21,"key":"Necronomicon"},{"floor":26,"key":"Gremlin Horn"}],"event_choices":[{"damage_healed":0,"gold_gain":0,"player_choice":"Entered Light","damage_taken":14,"max_hp_gain":0,"max_hp_loss":0,"event_name":"Shining Light","floor":2,"gold_loss":0,"cards_upgraded":["Strike_G","Defend_G"]},{"damage_healed":0,"gold_gain":0,"player_choice":"Donut","damage_taken":0,"max_hp_gain":5,"max_hp_loss":0,"event_name":"Big Fish","floor":3,"gold_loss":0},{"damage_healed":0,"gold_gain":75,"player_choice":"Gather Gold","damage_taken":11,"max_hp_gain":0,"max_hp_loss":0,"event_name":"World of Goop","floor":8,"gold_loss":0},{"damage_healed":0,"gold_gain":0,"player_choice":"Ignored","damage_taken":0,"max_hp_gain":0,"max_hp_loss":0,"event_name":"Golden Wing","floor":12,"gold_loss":0},{"damage_healed":0,"gold_gain":0,"player_choice":"Ignored","damage_taken":0,"max_hp_gain":0,"max_hp_loss":0,"event_name":"Ghosts","floor":19,"gold_loss":0},{"damage_healed":0,"gold_gain":0,"player_choice":"Obtained Book","damage_taken":16,"max_hp_gain":0,"max_hp_loss":0,"event_name":"Cursed Tome","floor":21,"gold_loss":0},{"damage_healed":25,"gold_gain":0,"player_choice":"Heal","damage_taken":0,"max_hp_gain":0,"max_hp_loss":0,"event_name":"The Library","floor":27,"gold_loss":0}],"is_beta":false,"boss_relics":[{"not_picked":["Pandora\u0027s Box","Empty Cage"],"picked":"Runic Pyramid"}],"items_purged_floors":[],"is_endless":false,"potions_floor_spawned":[1,5,6,13,14,20],"killed_by":"Chosen and Byrds","ascension_level":2}