{"gold_per_floor":[118,136,136,156,156,156,5,5,5,32,46,46,66,76,76,180,180,195,110,110,130,130],"floor_reached":22,"playtime":1268,"items_purged":[],"score":214,"play_id":"79010a08-7a58-4f1e-8dc8-d262baeb1b63","local_time":"20181215222225","is_ascension_mode":true,"campfire_choices":[{"floor":6,"key":"REST"},{"data":"Shrug It Off","floor":15,"key":"SMITH"}],"neow_cost":"NONE","seed_source_timestamp":326906583483813,"circlet_count":0,"master_deck":["Strike_R","Strike_R","Strike_R","Strike_R","Strike_R","Defend_R","Defend_R+1","Defend_R","Defend_R","Bash","Reaper","Rampage","Shrug It Off+1","Feed","Inflame","Anger","Shrug It Off+1","Fiend Fire","Metallicize"],"relics":["Burning Blood","Turnip","Question Card","Bottled Lightning","Ice Cream","Black Star","Darkstone Periapt"],"potions_floor_usage":[10,21,22],"damage_taken":[{"damage":14,"enemies":"2 Louse","floor":1,"turns":5},{"damage":16,"enemies":"Jaw Worm","floor":2,"turns":5},{"damage":6,"enemies":"Cultist","floor":4,"turns":4},{"damage":24,"enemies":"3 Sentries","floor":10,"turns":10},{"damage":13,"enemies":"Blue Slaver","floor":11,"turns":5},{"damage":17,"enemies":"Looter","floor":13,"turns":4},{"damage":23,"enemies":"Lots of Slimes","floor":14,"turns":4},{"damage":21,"enemies":"The Guardian","floor":16,"turns":13},{"damage":29,"enemies":"Spheric Guardian","floor":18,"turns":7},{"damage":15,"enemies":"Chosen","floor":21,"turns":6},{"damage":85,"enemies":"3 Cultists","floor":22,"turns":6}],"seed_played":"8700172636754707202","potions_obtained":[{"floor":1,"key":"FearPotion"},{"floor":10,"key":"Weak Potion"},{"floor":14,"key":"GamblersBrew"},{"floor":18,"key":"Energy Potion"}],"is_trial":false,"path_per_floor":["M","M","?","M","T","R","$","?","T","E","M","T","M","M","R","B",null,"M","?","$","M","M"],"character_chosen":"IRONCLAD","items_purchased":["Feed"],"campfire_rested":1,"item_purchase_floors":[7],"current_hp_per_floor":[74,68,52,56,56,80,80,85,85,76,72,72,67,65,65,50,91,68,68,68,59,0],"gold":130,"neow_bonus":"ONE_RANDOM_RARE_CARD","is_prod":false,"is_daily":false,"chose_seed":false,"campfire_upgraded":1,"win_rate":0,"timestamp":1544934145,"path_taken":["M","M","?","M","?","R","$","?","T","E","M","?","M","M","R","BOSS","M","?","$","M","M"],"build_version":"2018-12-13","purchased_purges":0,"victory":false,"max_hp_per_floor":[80,80,80,80,80,80,80,85,85,85,88,88,88,91,91,91,91,91,91,91,91,91],"card_choices":[{"not_picked":["Iron Wave","Twin Strike"],"picked":"Rampage","floor":1},{"not_picked":["Twin Strike","Havoc"],"picked":"Shrug It Off","floor":2},{"not_picked":["Iron Wave","Clash","Clothesline"],"picked":"SKIP","floor":4},{"not_picked":["Blood for Blood","Hemokinesis","Shrug It Off","Bloodletting"],"picked":"SKIP","floor":10},{"not_picked":["Heavy Blade","Searing Blow","Headbutt"],"picked":"Inflame","floor":11},{"not_picked":["Headbutt","Armaments","Iron Wave"],"picked":"Anger","floor":13},{"not_picked":["Sentinel","Thunderclap","Anger"],"picked":"Shrug It Off","floor":14},{"not_picked":["Feed","Offering","Exhume"],"picked":"Fiend Fire","floor":16},{"not_picked":["Bloodletting","Sentinel+1","Sever Soul"],"picked":"Metallicize","floor":18},{"not_picked":["Clash","Warcry","Body Slam","Heavy Blade"],"picked":"SKIP","floor":21},{"not_picked":["Clash","Warcry","Body Slam","Heavy Blade"],"picked":"SKIP","floor":21}],"player_experience":293321,"relics_obtained":[{"floor":5,"key":"Turnip"},{"floor":9,"key":"Question Card"},{"floor":10,"key":"Bottled Lightning"},{"floor":12,"key":"Ice Cream"}],"event_choices":[{"damage_healed":0,"gold_gain":0,"player_choice":"Entered Light","damage_taken":16,"max_hp_gain":0,"max_hp_loss":0,"event_name":"Shining Light","floor":3,"gold_loss":0,"cards_upgraded":["Shrug It Off","Defend_R"]},{"damage_healed":0,"gold_gain":0,"player_choice":"Donut","damage_taken":0,"max_hp_gain":5,"max_hp_loss":0,"event_name":"Big Fish","floor":8,"gold_loss":0},{"damage_healed":0,"gold_gain":0,"player_choice":"Obtained Relic","damage_taken":0,"relics_obtained":["Darkstone Periapt"],"max_hp_gain":0,"max_hp_loss":0,"event_name":"Addict","floor":19,"gold_loss":85}],"is_beta":false,"boss_relics":[{"not_picked":["Mark of Pain","Runic Cube"],"picked":"Black Star"}],"items_purged_floors":[],"is_endless":false,"potions_floor_spawned":[1,10,14,18],"killed_by":"3 Cultists","ascension_level":3}