{"gold_per_floor":[109,123,143,68,79,112,112,122,122,122,136,136,156,172,172,274,274,294,294,310,410,410,430,430],"floor_reached":24,"playtime":2109,"items_purged":["Defend_R"],"score":227,"play_id":"24377776-cf57-4c8a-b6d5-ba2b7f7915a7","local_time":"20181123183909","is_ascension_mode":false,"campfire_choices":[{"floor":7,"key":"REST"},{"floor":12,"key":"REST"},{"floor":15,"key":"REST"}],"neow_cost":"NONE","seed_source_timestamp":853098645060025,"circlet_count":0,"master_deck":["Defend_R","Defend_R","Bash","Sword Boomerang+1","Anger","Shrug It Off","Whirlwind","Clash","Battle Trance","Warcry","Iron Wave","Feed","Headbutt","Bite","Bite","Bite","Bite","Bite","Headbutt","Iron Wave"],"relics":["Black Blood","Lantern","Calipers","Mango","Mummified Hand"],"potions_floor_usage":[5,13,20,21,21],"damage_taken":[{"damage":8,"enemies":"Small Slimes","floor":1,"turns":3},{"damage":6,"enemies":"2 Louse","floor":2,"turns":3},{"damage":6,"enemies":"Cultist","floor":3,"turns":3},{"damage":31,"enemies":"Large Slime","floor":5,"turns":5},{"damage":54,"enemies":"Lagavulin","floor":6,"turns":6},{"damage":7,"enemies":"Blue Slaver","floor":8,"turns":2},{"damage":6,"enemies":"3 Louse","floor":11,"turns":3},{"damage":1,"enemies":"Red Slaver","floor":13,"turns":2},{"damage":7,"enemies":"Blue Slaver","floor":14,"turns":3},{"damage":75,"enemies":"Hexaghost","floor":16,"turns":11},{"damage":5,"enemies":"Chosen","floor":18,"turns":4},{"damage":13,"enemies":"3 Byrds","floor":20,"turns":5},{"damage":22,"enemies":"Colosseum Slavers","floor":21,"turns":4},{"damage":46,"enemies":"Colosseum Nobs","floor":21,"turns":5},{"damage":57,"enemies":"Shelled Parasite and Fungi","floor":23,"turns":8},{"damage":52,"enemies":"Sentry and Sphere","floor":24,"turns":5}],"seed_played":"360932022408372859","potions_obtained":[{"floor":3,"key":"SkillPotion"},{"floor":5,"key":"Block Potion"},{"floor":6,"key":"Swift Potion"},{"floor":16,"key":"FearPotion"},{"floor":18,"key":"AttackPotion"}],"is_trial":false,"path_per_floor":["M","M","M","$","M","E","R","M","T","?","M","R","M","M","R","B",null,"M","?","M","?","?","M","M"],"character_chosen":"IRONCLAD","items_purchased":[],"campfire_rested":3,"item_purchase_floors":[],"current_hp_per_floor":[86,86,86,86,61,13,39,38,38,20,20,46,51,50,76,7,88,91,63,66,54,54,27,0],"gold":430,"neow_bonus":"TEN_PERCENT_HP_BONUS","is_prod":false,"is_daily":false,"chose_seed":false,"campfire_upgraded":0,"win_rate":0.0,"timestamp":1543019949,"path_taken":["M","M","M","$","M","E","R","M","T","?","M","R","M","M","R","BOSS","M","?","M","?","?","M","M"],"build_version":"2018-11-15","purchased_purges":1,"victory":false,"max_hp_per_floor":[88,88,88,88,88,88,88,88,88,88,88,88,88,88,88,88,88,91,63,66,86,86,86,86],"card_choices":[{"not_picked":["Pommel Strike","Rupture"],"picked":"Sword Boomerang","floor":1},{"not_picked":["Burning Pact","Clash"],"picked":"Anger","floor":2},{"not_picked":["Blood for Blood","Thunderclap"],"picked":"Shrug It Off","floor":3},{"not_picked":["Warcry","Armaments"],"picked":"Whirlwind","floor":5},{"not_picked":["True Grit","Reckless Charge"],"picked":"Clash","floor":6},{"not_picked":["Pummel","Heavy Blade"],"picked":"Battle Trance","floor":8},{"not_picked":["Warcry","Clash","Body Slam"],"picked":"SKIP","floor":11},{"not_picked":["Anger","Perfected Strike"],"picked":"Warcry","floor":13},{"not_picked":["Disarm","Heavy Blade"],"picked":"Iron Wave","floor":14},{"not_picked":["Juggernaut","Dark Embrace"],"picked":"Feed","floor":16},{"not_picked":["Perfected Strike","Pommel Strike"],"picked":"Headbutt","floor":18},{"not_picked":["Intimidate","Seeing Red"],"picked":"Headbutt","floor":20},{"not_picked":["Cleave","Pommel Strike+1","Whirlwind"],"picked":"SKIP","floor":23}],"player_experience":59080,"relics_obtained":[{"floor":6,"key":"Lantern"},{"floor":9,"key":"Calipers"},{"floor":21,"key":"Mango"},{"floor":21,"key":"Mummified Hand"}],"event_choices":[{"damage_healed":0,"gold_gain":0,"player_choice":"Entered Light","damage_taken":18,"max_hp_gain":0,"max_hp_loss":0,"event_name":"Shining Light","floor":10,"gold_loss":0,"cards_upgraded":["Strike_R","Sword Boomerang"]},{"damage_healed":0,"gold_gain":0,"player_choice":"Became a vampire","damage_taken":0,"max_hp_gain":0,"max_hp_loss":28,"event_name":"Vampires","floor":19,"gold_loss":0,"cards_obtained":["Bite","Bite","Bite","Bite","Bite"]},{"damage_healed":0,"gold_gain":0,"player_choice":"Fight","damage_taken":0,"max_hp_gain":0,"max_hp_loss":0,"event_name":"Colosseum","floor":21,"gold_loss":0},{"damage_healed":0,"gold_gain":0,"player_choice":"Fought Nobs","damage_taken":0,"max_hp_gain":0,"max_hp_loss":0,"event_name":"Colosseum","floor":21,"gold_loss":0},{"cards_removed":["Defend_R"],"damage_healed":0,"gold_gain":0,"player_choice":"Took Card","damage_taken":0,"max_hp_gain":0,"max_hp_loss":0,"event_name":"NoteForYourself","floor":22,"gold_loss":0,"cards_obtained":["Iron Wave"]}],"is_beta":false,"boss_relics":[{"not_picked":["Busted Crown","Ectoplasm"],"picked":"Black Blood"}],"items_purged_floors":[4],"is_endless":false,"potions_floor_spawned":[3,5,6,16,18,21],"killed_by":"Sentry and Sphere","ascension_level":0}