{"gold_per_floor":[119,134,154,173,8,40,50,50,50,66,66,66,66,85,85,159,159,170,182,36,48,48,65,77,97,97,97,109,109],"floor_reached":29,"playtime":2286,"items_purged":["Strike_G"],"score":419,"play_id":"5ebe4b6a-f8de-4e1d-8348-48436197b0ff","local_time":"20190621204158","is_ascension_mode":true,"campfire_choices":[{"floor":8.0,"key":"REST"},{"data":"Dagger Throw","floor":11.0,"key":"SMITH"},{"data":"Poisoned Stab","floor":13.0,"key":"SMITH"},{"data":"Deadly Poison","floor":15.0,"key":"SMITH"}],"neow_cost":"NONE","seed_source_timestamp":545176223737174,"circlet_count":0,"master_deck":["AscendersBane","Defend_G","Defend_G","Defend_G","Defend_G","Strike_G","Strike_G","Survivor","Neutralize","Dagger Throw+1","Poisoned Stab+1","After Image","Deadly Poison+1","Acrobatics","Noxious Fumes","Glass Knife+1","Crippling Poison+1","Crippling Poison+1","Footwork","Calculated Gamble","Dash","Well Laid Plans","Ghostly","Ghostly","Ghostly"],"special_seed":0,"relics":["Ring of the Snake","Letter Opener","Meat on the Bone","Astrolabe","Singing Bowl"],"potions_floor_usage":[23,25,25,29],"damage_taken":[{"damage":0.0,"enemies":"Cultist","floor":1.0,"turns":4.0},{"damage":9.0,"enemies":"2 Louse","floor":2.0,"turns":3.0},{"damage":3.0,"enemies":"Small Slimes","floor":3.0,"turns":4.0},{"damage":1.0,"enemies":"Blue Slaver","floor":4.0,"turns":4.0},{"damage":28.0,"enemies":"Gremlin Nob","floor":6.0,"turns":6.0},{"damage":9.0,"enemies":"2 Fungi Beasts","floor":7.0,"turns":4.0},{"damage":2.0,"enemies":"Gremlin Gang","floor":10.0,"turns":7.0},{"damage":5.0,"enemies":"Red Slaver","floor":14.0,"turns":3.0},{"damage":28.0,"enemies":"Slime Boss","floor":16.0,"turns":9.0},{"damage":14.0,"enemies":"Chosen","floor":18.0,"turns":6.0},{"damage":27,"enemies":"2 Thieves","floor":19,"turns":5},{"damage":15,"enemies":"Centurion and Healer","floor":21,"turns":7},{"damage":23,"enemies":"Shelled Parasite and Fungi","floor":23,"turns":8},{"damage":17,"enemies":"Snecko","floor":24,"turns":5},{"damage":1,"enemies":"3 Cultists","floor":25,"turns":5},{"damage":2,"enemies":"Centurion and Healer","floor":28,"turns":7},{"damage":30,"enemies":"Book of Stabbing","floor":29,"turns":5}],"seed_played":"543236554740399607","potions_obtained":[{"floor":1.0,"key":"Energy Potion"},{"floor":4.0,"key":"GhostInAJar"},{"floor":14.0,"key":"SteroidPotion"},{"floor":16.0,"key":"FearPotion"},{"floor":19,"key":"LiquidBronze"},{"floor":23,"key":"LiquidBronze"},{"floor":24,"key":"Strength Potion"},{"floor":28,"key":"GamblersBrew"}],"is_trial":false,"path_per_floor":["M","M","M","M","$","E","M","R","T","M","R","?","R","M","R","B",null,"M","M","$","M","?","M","M","M","T","?","M","E"],"character_chosen":"THE_SILENT","items_purchased":["After Image","Footwork","SteroidPotion"],"campfire_rested":1,"item_purchase_floors":[5,20,20],"current_hp_per_floor":[65,56,53,52,52,24,15,36,36,46,46,72,72,67,67,39,64,50,35,35,32,32,21,16,27,27,27,27,0],"gold":109,"neow_bonus":"TEN_PERCENT_HP_BONUS","is_prod":false,"is_daily":false,"chose_seed":false,"campfire_upgraded":3,"win_rate":0,"timestamp":1561167718,"path_taken":["M","M","M","M","?","E","M","R","T","M","R","?","R","?","R","BOSS","M","M","$","?","?","M","M","M","T","?","M","E"],"build_version":"2019-01-23","purchased_purges":1,"victory":false,"max_hp_per_floor":[72,72,72,72,72,72,72,72,72,72,72,72,72,72,72,72,72,72,72,72,72,72,72,72,72,72,36,38,38],"card_choices":[{"not_picked":["Choke","Sucker Punch"],"picked":"Dagger Throw","floor":1.0},{"not_picked":["Outmaneuver","Prepared"],"picked":"Poisoned Stab","floor":2.0},{"not_picked":["Dodge and Roll","Prepared","Grand Finale"],"picked":"SKIP","floor":3.0},{"not_picked":["Dodge and Roll","Prepared","Grand Finale"],"picked":"SKIP","floor":3.0},{"not_picked":["Bane","PiercingWail","Prepared"],"picked":"SKIP","floor":4.0},{"not_picked":["Expertise","Tactician"],"picked":"Deadly Poison","floor":6.0},{"not_picked":["Choke","Underhanded Strike"],"picked":"Acrobatics","floor":7.0},{"not_picked":["Riddle With Holes","Dagger Throw"],"picked":"Backstab","floor":10.0},{"not_picked":["Well Laid Plans","PiercingWail"],"picked":"Noxious Fumes","floor":14.0},{"not_picked":["Dagger Spray","Quick Slash+1","Distraction"],"picked":"SKIP","floor":18.0},{"not_picked":["Poisoned Stab","Sucker Punch","Deflect"],"picked":"SKIP","floor":19},{"not_picked":["Sucker Punch+1","Flechettes"],"picked":"Calculated Gamble","floor":21},{"not_picked":["Bane","Slice"],"picked":"Dash","floor":23},{"not_picked":["Blur","Blade Dance"],"picked":"Well Laid Plans","floor":24},{"not_picked":["Poisoned Stab","Envenom","Choke"],"picked":"SKIP","floor":25},{"not_picked":["Underhanded Strike","Caltrops","Setup+1"],"picked":"Singing Bowl","floor":28}],"player_experience":617869,"relics_obtained":[{"floor":6.0,"key":"Letter Opener"},{"floor":9.0,"key":"Meat on the Bone"},{"floor":26,"key":"Singing Bowl"}],"event_choices":[{"cards_removed":["Backstab"],"damage_healed":26.0,"max_hp_gain":0.0,"max_hp_loss":0.0,"gold_gain":0.0,"event_name":"Bonfire Elementals","player_choice":"Offered Uncommon","floor":12.0,"gold_loss":0.0,"damage_taken":0.0},{"damage_healed":0,"gold_gain":0,"player_choice":"Became a Ghost","damage_taken":0,"max_hp_gain":0,"max_hp_loss":36,"event_name":"Ghosts","floor":27,"gold_loss":0,"cards_obtained":["Ghostly","Ghostly","Ghostly"]}],"is_beta":false,"boss_relics":[{"not_picked":["Runic Dome","White Beast Statue"],"picked":"Astrolabe"}],"items_purged_floors":[5],"is_endless":false,"potions_floor_spawned":[1,4,14,16,19,23,24,28],"killed_by":"Book of Stabbing","ascension_level":16}