{"gold_per_floor":[112,129,142,142,154,154,183,183,183,138],"floor_reached":10,"playtime":429,"items_purged":[],"score":116,"play_id":"bf33a4f0-c7c8-4414-b24b-acd568eccc7a","local_time":"20190614120252","is_ascension_mode":true,"campfire_choices":[{"floor":6,"key":"REST"},{"data":"Dark Embrace","floor":8,"key":"SMITH"}],"neow_cost":"NONE","seed_source_timestamp":49388972431342,"circlet_count":0,"master_deck":["AscendersBane","Strike_R","Strike_R","Strike_R","Strike_R","Strike_R","Defend_R","Defend_R","Defend_R","Defend_R","Bash","Inflame","Sword Boomerang","Corruption","Pain","True Grit","Dark Embrace+1"],"relics":["Burning Blood","WarpedTongs","Kunai","Letter Opener"],"potions_floor_usage":[10],"damage_taken":[{"damage":10,"enemies":"Jaw Worm","floor":1,"turns":7},{"damage":5,"enemies":"Cultist","floor":2,"turns":5},{"damage":6,"enemies":"2 Louse","floor":3,"turns":3},{"damage":58,"enemies":"Gremlin Gang","floor":5,"turns":5},{"damage":21,"enemies":"Gremlin Nob","floor":7,"turns":4},{"damage":27,"enemies":"Exordium Thugs","floor":10,"turns":4}],"seed_played":"5575888270898255494","potions_obtained":[{"floor":2,"key":"SpeedPotion"},{"floor":5,"key":"Block Potion"}],"is_trial":false,"path_per_floor":["M","M","M","?","M","R","E","R","T","M"],"character_chosen":"IRONCLAD","items_purchased":[],"campfire_rested":1,"item_purchase_floors":[],"current_hp_per_floor":[71,72,72,72,20,44,29,29,29,2],"gold":138,"neow_bonus":"TEN_PERCENT_HP_BONUS","is_prod":false,"is_daily":false,"chose_seed":false,"campfire_upgraded":1,"win_rate":0,"timestamp":1560531772,"path_taken":["M","M","M","?","M","R","E","R","T","?"],"build_version":"2019-01-23","purchased_purges":0,"victory":false,"max_hp_per_floor":[82,82,82,82,82,82,82,82,82,82],"card_choices":[{"not_picked":["Clothesline","Corruption"],"picked":"Inflame","floor":1},{"not_picked":["Evolve","Iron Wave"],"picked":"Sword Boomerang","floor":2},{"not_picked":["Wild Strike","Power Through"],"picked":"Corruption","floor":3},{"not_picked":["Fire Breathing","Thunderclap"],"picked":"True Grit","floor":5},{"not_picked":["Clothesline","Entrench"],"picked":"Dark Embrace","floor":7}],"player_experience":556665,"relics_obtained":[{"floor":7,"key":"Kunai"},{"floor":9,"key":"Letter Opener"}],"event_choices":[{"damage_healed":0,"gold_gain":0,"player_choice":"Rummage","damage_taken":0,"relics_obtained":["WarpedTongs"],"max_hp_gain":0,"max_hp_loss":0,"event_name":"Accursed Blacksmith","floor":4,"gold_loss":0,"cards_obtained":["Pain"]}],"is_beta":false,"boss_relics":[],"items_purged_floors":[],"is_endless":false,"potions_floor_spawned":[2,5,7],"killed_by":"Exordium Thugs","ascension_level":14}