{"gold_per_floor":[213,223,239,44,64,93,93,127,127,127,139,150,150,150,150,224,224,234,234,50,50,69,97,111,111,111,111,142,159,194,213,213,292,292,302,9,25,36,55,81,91,125,125,158,158,158,158,175,175,175],"floor_reached":51,"playtime":3479,"items_purged":[],"score":1390,"play_id":"cd425edc-1e0b-46a8-8736-fa12018eecd9","local_time":"20190613213844","is_ascension_mode":true,"campfire_choices":[{"floor":7.0,"key":"REST"},{"floor":10.0,"key":"REST"},{"data":"Leg Sweep","floor":15.0,"key":"SMITH"},{"data":"Footwork","floor":25.0,"key":"SMITH"},{"data":"Catalyst","floor":32.0,"key":"SMITH"},{"floor":46.0,"key":"REST"},{"floor":49.0,"key":"REST"}],"neow_cost":"NONE","seed_source_timestamp":84414885160996,"circlet_count":0,"master_deck":["AscendersBane","Defend_G","Defend_G","Defend_G","Defend_G","Survivor","Neutralize+1","Quick Slash","Leg Sweep+1","PiercingWail","Deadly Poison","Corpse Explosion","Footwork","Bite","Bite","Bite+1","Bite","Bite","Master of Strategy","Footwork+1","Deadly Poison+1","Eviscerate","Bane+1","Deadly Poison","Noxious Fumes+1","Catalyst+1","Deadly Poison","Adrenaline","Backflip","PiercingWail","Writhe","Acrobatics","PiercingWail","Well Laid Plans"],"special_seed":0,"relics":["Ring of the Snake","TwistedFunnel","Bird Faced Urn","Kunai","Mercury Hourglass","Philosopher\u0027s Stone","Ninja Scroll","Singing Bowl","Prayer Wheel","Dream Catcher","Black Star","Mango","Girya","Whetstone","Darkstone Periapt","Vajra","Bottled Flame","Pocketwatch","Question Card"],"potions_floor_usage":[],"damage_taken":[{"damage":1.0,"enemies":"Small Slimes","floor":1.0,"turns":7.0},{"damage":0.0,"enemies":"Cultist","floor":2.0,"turns":3.0},{"damage":0.0,"enemies":"Jaw Worm","floor":3.0,"turns":4.0},{"damage":3.0,"enemies":"2 Fungi Beasts","floor":5.0,"turns":3.0},{"damage":29.0,"enemies":"Gremlin Nob","floor":6.0,"turns":4.0},{"damage":34.0,"enemies":"Lagavulin","floor":8.0,"turns":10.0},{"damage":0.0,"enemies":"Exordium Wildlife","floor":11.0,"turns":2.0},{"damage":1.0,"enemies":"Lots of Slimes","floor":12.0,"turns":2.0},{"damage":14.0,"enemies":"Hexaghost","floor":16.0,"turns":17.0},{"damage":11.0,"enemies":"Spheric Guardian","floor":18.0,"turns":5.0},{"damage":8.0,"enemies":"Shell Parasite","floor":22.0,"turns":7.0},{"damage":15.0,"enemies":"Slavers","floor":23.0,"turns":3.0},{"damage":0.0,"enemies":"Chosen and Byrds","floor":24.0,"turns":5.0},{"damage":5.0,"enemies":"Gremlin Leader","floor":28.0,"turns":7.0},{"damage":6.0,"enemies":"Snake Plant","floor":29.0,"turns":5.0},{"damage":11.0,"enemies":"Slavers","floor":30.0,"turns":2.0},{"damage":0.0,"enemies":"Cultist and Chosen","floor":31.0,"turns":3.0},{"damage":21.0,"enemies":"Automaton","floor":33.0,"turns":9.0},{"damage":0.0,"enemies":"3 Shapes","floor":35.0,"turns":3.0},{"damage":5.0,"enemies":"Orb Walker","floor":37.0,"turns":3.0},{"damage":9.0,"enemies":"Transient","floor":38.0,"turns":5.0},{"damage":10.0,"enemies":"4 Shapes","floor":39.0,"turns":3.0},{"damage":37.0,"enemies":"Nemesis","floor":40.0,"turns":7.0},{"damage":6.0,"enemies":"Sphere and 2 Shapes","floor":41.0,"turns":4.0},{"damage":26.0,"enemies":"Giant Head","floor":42.0,"turns":7.0},{"damage":61.0,"enemies":"Nemesis","floor":44.0,"turns":7.0},{"damage":8.0,"enemies":"Transient","floor":48.0,"turns":5.0},{"damage":119,"enemies":"Awakened One","floor":50,"turns":21}],"seed_played":"7546715694913320608","potions_obtained":[{"floor":1.0,"key":"LiquidBronze"},{"floor":5.0,"key":"Strength Potion"},{"floor":11.0,"key":"GamblersBrew"},{"floor":12.0,"key":"Energy Potion"},{"floor":18.0,"key":"Explosive Potion"},{"floor":24.0,"key":"Strength Potion"},{"floor":31.0,"key":"Block Potion"},{"floor":37.0,"key":"Energy Potion"},{"floor":40.0,"key":"SmokeBomb"},{"floor":42.0,"key":"Poison Potion"}],"is_trial":false,"path_per_floor":["M","M","M","$","M","E","R","E","T","R","M","M","?","?","R","B",null,"M","?","$","?","M","E","M","R","T","?","E","M","E","M","R","B",null,"M","$","M","M","M","E","M","E","T","E","?","R","?","M","R","B",null],"character_chosen":"THE_SILENT","items_purchased":["TwistedFunnel","Master of Strategy","Mango"],"campfire_rested":4,"item_purchase_floors":[4,20,36],"current_hp_per_floor":[58,58,58,58,55,26,45,11,11,30,30,29,29,29,29,15,53,42,42,42,42,45,31,43,43,43,43,48,50,39,43,43,39,47,54,68,70,73,72,47,51,44,44,4,32,59,59,70,94,22],"gold":175,"neow_bonus":"HUNDRED_GOLD","is_prod":false,"is_daily":false,"chose_seed":false,"campfire_upgraded":3,"win_rate":0,"timestamp":1560479924,"path_taken":["M","M","M","$","M","E","R","E","T","R","M","M","?","?","R","BOSS","M","?","$","?","M","E","M","R","T","?","E","M","E","?","R","BOSS","M","$","M","M","M","E","M","E","T","E","?","R","?","M","R","BOSS"],"build_version":"2019-01-23","purchased_purges":0,"victory":true,"max_hp_per_floor":[66,66,66,66,66,66,66,66,66,66,66,66,66,66,66,66,66,66,46,46,46,46,46,46,46,46,46,48,50,50,50,50,50,50,54,68,70,74,78,78,82,84,84,86,92,92,92,94,94,94],"card_choices":[{"not_picked":["Crippling Poison","Riddle With Holes"],"picked":"All Out Attack","floor":1.0},{"not_picked":["Dodge and Roll","Cloak And Dagger"],"picked":"Quick Slash","floor":2.0},{"not_picked":["Bane","All Out Attack","Deflect"],"picked":"SKIP","floor":3.0},{"not_picked":["Distraction","Choke","Underhanded Strike"],"picked":"SKIP","floor":5.0},{"not_picked":["Setup","Prepared"],"picked":"Leg Sweep","floor":6.0},{"not_picked":["Prepared","Concentrate"],"picked":"PiercingWail","floor":8.0},{"not_picked":["Poisoned Stab","Predator"],"picked":"Deadly Poison","floor":11.0},{"not_picked":["Outmaneuver","Eviscerate","Deflect"],"picked":"SKIP","floor":12.0},{"not_picked":["Bullet Time","Storm of Steel"],"picked":"Corpse Explosion","floor":16.0},{"not_picked":["Acrobatics","Backstab+1"],"picked":"Footwork","floor":18.0},{"not_picked":["Poisoned Stab","Dagger Throw","Heel Hook"],"picked":"SKIP","floor":22.0},{"not_picked":["Dagger Throw","Dagger Spray","Deflect"],"picked":"SKIP","floor":23.0},{"not_picked":["Backflip","Accuracy"],"picked":"Deadly Poison+1","floor":24.0},{"not_picked":["Flying Knee","Prepared+1","Heel Hook"],"picked":"Singing Bowl","floor":28.0},{"not_picked":["Die Die Die","Blade Dance"],"picked":"Deadly Poison","floor":29.0},{"not_picked":["Setup","Blade Dance","Outmaneuver"],"picked":"Singing Bowl","floor":29.0},{"not_picked":["Escape Plan","Skewer"],"picked":"Noxious Fumes+1","floor":30.0},{"not_picked":["Outmaneuver","Deflect"],"picked":"Catalyst","floor":31.0},{"not_picked":["Sucker Punch","Terror"],"picked":"Deadly Poison","floor":31.0},{"not_picked":["Phantasmal Killer","Night Terror"],"picked":"Adrenaline","floor":33.0},{"not_picked":["Underhanded Strike","Riddle With Holes","Flying Knee+1"],"picked":"Singing Bowl","floor":35.0},{"not_picked":["Dagger Spray","Escape Plan+1","Finisher"],"picked":"Singing Bowl","floor":35.0},{"not_picked":["Flying Knee","Setup"],"picked":"Backflip","floor":37.0},{"not_picked":["Dodge and Roll","Cloak And Dagger","Reflex+1"],"picked":"Singing Bowl","floor":37.0},{"not_picked":["Underhanded Strike+1","Bullet Time","Flying Knee+1"],"picked":"Singing Bowl","floor":38.0},{"not_picked":["Blade Dance","Sucker Punch+1","Flying Knee"],"picked":"Singing Bowl","floor":38.0},{"not_picked":["Slice","All Out Attack+1","Dagger Spray"],"picked":"Singing Bowl","floor":39.0},{"not_picked":["Outmaneuver","Choke","Quick Slash"],"picked":"Singing Bowl","floor":39.0},{"not_picked":["Blade Dance","Deadly Poison+1"],"picked":"PiercingWail","floor":40.0},{"not_picked":["Dodge and Roll","Deflect","Crippling Poison"],"picked":"Singing Bowl","floor":41.0},{"not_picked":["Prepared","Deadly Poison","Infinite Blades+1"],"picked":"Singing Bowl","floor":41.0},{"not_picked":["Dagger Throw","Corpse Explosion","Bane"],"picked":"Singing Bowl","floor":42.0},{"not_picked":["Slice","Endless Agony","Heel Hook"],"picked":"Singing Bowl","floor":44.0},{"not_picked":["Bane+1","Sucker Punch","Caltrops+1"],"picked":"Acrobatics","floor":46.0},{"not_picked":["Flying Knee","Dagger Spray+1","Deflect","Predator"],"picked":"Singing Bowl","floor":48.0},{"not_picked":["Bane","Heel Hook","Predator+1"],"picked":"PiercingWail","floor":48.0},{"not_picked":["Slice","Tactician","Deflect+1"],"picked":"Well Laid Plans","floor":49.0}],"player_experience":549808,"relics_obtained":[{"floor":6.0,"key":"Bird Faced Urn"},{"floor":8.0,"key":"Kunai"},{"floor":9.0,"key":"Mercury Hourglass"},{"floor":23.0,"key":"Ninja Scroll"},{"floor":26.0,"key":"Singing Bowl"},{"floor":28.0,"key":"Prayer Wheel"},{"floor":30.0,"key":"Dream Catcher"},{"floor":40.0,"key":"Girya"},{"floor":40.0,"key":"Whetstone"},{"floor":42.0,"key":"Darkstone Periapt"},{"floor":42.0,"key":"Vajra"},{"floor":43.0,"key":"Bottled Flame"},{"floor":44.0,"key":"Pocketwatch"},{"floor":44.0,"key":"Question Card"}],"event_choices":[{"damage_healed":0.0,"max_hp_gain":0.0,"max_hp_loss":0.0,"gold_gain":0.0,"event_name":"Liars Game","player_choice":"Ignored","floor":13.0,"gold_loss":0.0,"damage_taken":0.0},{"damage_healed":0.0,"max_hp_gain":0.0,"max_hp_loss":0.0,"gold_gain":0.0,"event_name":"Upgrade Shrine","player_choice":"Upgraded","floor":14.0,"gold_loss":0.0,"damage_taken":0.0,"cards_upgraded":["Neutralize"]},{"damage_healed":0.0,"max_hp_gain":0.0,"max_hp_loss":20.0,"gold_gain":0.0,"event_name":"Vampires","player_choice":"Became a vampire","floor":19.0,"gold_loss":0.0,"damage_taken":0.0,"cards_obtained":["Bite","Bite","Bite","Bite","Bite"]},{"damage_healed":0.0,"max_hp_gain":0.0,"max_hp_loss":0.0,"gold_gain":0.0,"event_name":"The Library","player_choice":"Read","floor":21.0,"gold_loss":0.0,"damage_taken":0.0,"cards_obtained":["Footwork"]},{"damage_healed":0.0,"max_hp_gain":0.0,"max_hp_loss":0.0,"gold_gain":0.0,"cards_transformed":["Defend_G","All Out Attack"],"event_name":"Drug Dealer","player_choice":"Became Test Subject","floor":27.0,"gold_loss":0.0,"damage_taken":0.0,"cards_obtained":["Eviscerate","Bane"]},{"damage_healed":22.0,"max_hp_gain":0.0,"max_hp_loss":0.0,"gold_gain":0.0,"event_name":"Winding Halls","player_choice":"Writhe","floor":45.0,"gold_loss":0.0,"damage_taken":0.0,"cards_obtained":["Writhe"]},{"damage_healed":0.0,"max_hp_gain":0.0,"max_hp_loss":0.0,"gold_gain":0.0,"event_name":"Match and Keep!","player_choice":"0 cards matched","floor":47.0,"gold_loss":0.0,"damage_taken":0.0,"cards_obtained":[]}],"is_beta":false,"boss_relics":[{"not_picked":["Calling Bell","White Beast Statue"],"picked":"Philosopher\u0027s Stone"},{"not_picked":["Lizard Tail","Empty Cage"],"picked":"Black Star"}],"items_purged_floors":[],"is_endless":false,"potions_floor_spawned":[1,5,11,12,18,24,31,37,40,42],"ascension_level":14}