{"gold_per_floor":[210,210,225,300,225,225,175,232,232,232,258,258,276,291,291,389,389,407,418,418,435,435,435,454,454],"floor_reached":25,"playtime":1705,"items_purged":["Strike_R"],"score":201,"play_id":"4684e0ff-ffb6-428f-890d-143d6f319554","local_time":"20181124090806","is_ascension_mode":false,"campfire_choices":[{"data":"Bash","floor":6,"key":"SMITH"},{"data":"Double Tap","floor":10,"key":"SMITH"},{"floor":12,"key":"REST"},{"data":"Clash","floor":15,"key":"SMITH"},{"data":"Whirlwind","floor":23,"key":"SMITH"}],"neow_cost":"NONE","seed_source_timestamp":905642931136551,"circlet_count":0,"master_deck":["Strike_R","Strike_R","Strike_R","Defend_R","Defend_R","Defend_R","Bash+1","Infernal Blade+1","Headbutt","Double Tap+1","Clash+1","Battle Trance+1","Seeing Red+1","Offering+1","Flex+1","Whirlwind+1","Sever Soul+1"],"relics":["Burning Blood","Tiny Chest","Toxic Egg 2","Dream Catcher","Mark of Pain"],"potions_floor_usage":[8,21],"damage_taken":[{"damage":7,"enemies":"2 Louse","floor":1,"turns":3},{"damage":13,"enemies":"Jaw Worm","floor":3,"turns":3},{"damage":16,"enemies":"Gremlin Nob","floor":8,"turns":3},{"damage":0,"enemies":"Small Slimes","floor":13,"turns":2},{"damage":13,"enemies":"Exordium Thugs","floor":14,"turns":5},{"damage":38,"enemies":"The Guardian","floor":16,"turns":10},{"damage":18,"enemies":"Shell Parasite","floor":18,"turns":2},{"damage":15,"enemies":"2 Thieves","floor":19,"turns":4},{"damage":18,"enemies":"3 Cultists","floor":21,"turns":4},{"damage":46,"enemies":"Shelled Parasite and Fungi","floor":24,"turns":3},{"damage":18,"enemies":"Centurion and Healer","floor":25,"turns":1}],"seed_played":"-3559448186939730626","potions_obtained":[{"floor":3,"key":"Fire Potion"},{"floor":19,"key":"SkillPotion"}],"is_trial":false,"path_per_floor":["M","?","M","?","$","R","?","E","T","R","T","R","M","M","R","B",null,"M","M","?","M","?","R","M","M"],"character_chosen":"IRONCLAD","items_purchased":[],"campfire_rested":1,"item_purchase_floors":[],"current_hp_per_floor":[79,79,72,61,61,61,61,51,51,51,51,75,80,73,73,41,80,68,59,59,47,47,47,7,0],"gold":454,"neow_bonus":"HUNDRED_GOLD","is_prod":false,"is_daily":false,"chose_seed":false,"campfire_upgraded":4,"win_rate":0.0,"timestamp":1543072086,"path_taken":["M","?","M","?","?","R","?","E","T","R","?","R","?","M","R","BOSS","M","M","?","M","?","R","M","M"],"build_version":"2018-11-15","purchased_purges":1,"victory":false,"max_hp_per_floor":[80,80,80,80,80,80,80,80,80,80,80,80,80,80,80,80,80,80,80,80,80,80,80,80,80],"card_choices":[{"not_picked":["Warcry","Armaments"],"picked":"Infernal Blade","floor":1},{"not_picked":["Spot Weakness","Clash"],"picked":"Headbutt","floor":3},{"not_picked":["Thunderclap","Twin Strike"],"picked":"Double Tap","floor":8},{"not_picked":["True Grit+1","Ghostly Armor+1"],"picked":"Clash","floor":12},{"not_picked":["Wild Strike","Heavy Blade"],"picked":"Battle Trance+1","floor":13},{"not_picked":["Uppercut","Warcry+1"],"picked":"Seeing Red+1","floor":14},{"not_picked":["Bludgeon","Feed"],"picked":"Offering+1","floor":16},{"not_picked":["Blood for Blood","Armaments+1"],"picked":"Flex+1","floor":18},{"not_picked":["Searing Blow+1","Body Slam","Blood for Blood+1"],"picked":"SKIP","floor":19},{"not_picked":["Shockwave+1","Wild Strike"],"picked":"Whirlwind","floor":21},{"not_picked":["Iron Wave","Searing Blow"],"picked":"Sever Soul+1","floor":24}],"player_experience":66441,"relics_obtained":[{"floor":8,"key":"Tiny Chest"},{"floor":9,"key":"Toxic Egg 2"},{"floor":11,"key":"Dream Catcher"}],"event_choices":[{"damage_healed":0,"gold_gain":0,"player_choice":"Grow","damage_taken":0,"max_hp_gain":0,"max_hp_loss":0,"event_name":"Living Wall","floor":2,"gold_loss":0,"cards_upgraded":["Infernal Blade"]},{"damage_healed":0,"gold_gain":75,"player_choice":"Gather Gold","damage_taken":11,"max_hp_gain":0,"max_hp_loss":0,"event_name":"World of Goop","floor":4,"gold_loss":0},{"cards_removed":["Strike_R"],"damage_healed":0,"gold_gain":0,"player_choice":"Card Removal","damage_taken":0,"max_hp_gain":0,"max_hp_loss":0,"event_name":"The Cleric","floor":7,"gold_loss":50},{"cards_removed":["Defend_R"],"damage_healed":0,"gold_gain":0,"player_choice":"Elegance","damage_taken":0,"max_hp_gain":0,"max_hp_loss":0,"event_name":"Back to Basics","floor":20,"gold_loss":0},{"damage_healed":0,"gold_gain":0,"player_choice":"Ignored","damage_taken":0,"max_hp_gain":0,"max_hp_loss":0,"event_name":"Transmorgrifier","floor":22,"gold_loss":0}],"is_beta":false,"boss_relics":[{"not_picked":["Philosopher\u0027s Stone","Busted Crown"],"picked":"Mark of Pain"}],"items_purged_floors":[5],"is_endless":false,"potions_floor_spawned":[3,19],"killed_by":"Centurion and Healer","ascension_level":0}