{"gold_per_floor":[215,215,215,236,236,274,297,297,297,297,322,322,50,73,73,203,203,216,131,155,171,71,71,144,167,191,235,235,306,317,192,192,192],"floor_reached":33,"playtime":2312,"items_purged":["Strike_G","Strike_G","Strike_G"],"score":285,"play_id":"520e65ec-3751-49f8-bc49-ce9140588196","local_time":"20181127174004","is_ascension_mode":false,"campfire_choices":[{"floor":8,"key":"REST"},{"floor":12,"key":"REST"},{"data":"Dagger Throw","floor":15,"key":"SMITH"},{"floor":23,"key":"REST"},{"floor":32,"key":"REST"}],"neow_cost":"NONE","seed_source_timestamp":1194954094931641,"circlet_count":0,"master_deck":["Defend_G","Defend_G","Defend_G","Defend_G+1","Defend_G","Strike_G","Strike_G","Survivor","Neutralize+1","Sucker Punch+1","Dagger Spray","Backflip","Dagger Throw+1","Footwork","Malaise","Flying Knee+1","Deflect+1","Sucker Punch+1","Outmaneuver","Deadly Poison+1","Dagger Throw","Adrenaline","Deadly Poison"],"relics":["Ring of the Snake","Bloody Idol","Ornamental Fan","Dream Catcher","Sling","Black Star","Snake Skull","Tiny Chest","Happy Flower","Anchor","Darkstone Periapt","Shuriken","Pantograph"],"potions_floor_usage":[6,16,24,25,25],"damage_taken":[{"damage":0,"enemies":"Jaw Worm","floor":1,"turns":5},{"damage":0,"enemies":"Small Slimes","floor":4,"turns":4},{"damage":32,"enemies":"Gremlin Nob","floor":6,"turns":5},{"damage":0,"enemies":"Cultist","floor":7,"turns":3},{"damage":0,"enemies":"Large Slime","floor":11,"turns":7},{"damage":9,"enemies":"Exordium Thugs","floor":14,"turns":8},{"damage":34,"enemies":"Slime Boss","floor":16,"turns":18},{"damage":1,"enemies":"3 Byrds","floor":18,"turns":6},{"damage":3,"enemies":"Shell Parasite","floor":20,"turns":10},{"damage":39,"enemies":"Shelled Parasite and Fungi","floor":21,"turns":10},{"damage":33,"enemies":"Slavers","floor":24,"turns":9},{"damage":0,"enemies":"3 Cultists","floor":25,"turns":6},{"damage":3,"enemies":"Book of Stabbing","floor":27,"turns":7},{"damage":0,"enemies":"Snake Plant","floor":30,"turns":5},{"damage":69,"enemies":"Automaton","floor":33,"turns":12}],"seed_played":"-5539980998087252279","potions_obtained":[{"floor":4,"key":"FearPotion"},{"floor":6,"key":"LiquidBronze"},{"floor":7,"key":"SpeedPotion"},{"floor":18,"key":"EssenceOfSteel"},{"floor":20,"key":"Dexterity Potion"}],"is_trial":false,"path_per_floor":["M","?","?","M","?","E","M","R","T","?","M","R","$","M","R","B",null,"M","?","M","M","$","R","E","M","T","E","?","T","M","$","R","B"],"character_chosen":"THE_SILENT","items_purchased":["Sling"],"campfire_rested":4,"item_purchase_floors":[13],"current_hp_per_floor":[70,53,70,70,56,24,24,45,45,45,45,66,66,57,57,23,70,69,69,66,27,27,48,15,15,15,12,12,17,22,22,43,0],"gold":192,"neow_bonus":"HUNDRED_GOLD","is_prod":false,"is_daily":false,"chose_seed":false,"campfire_upgraded":1,"win_rate":0,"timestamp":1543362004,"path_taken":["M","?","?","M","?","E","M","R","T","?","?","R","$","M","R","BOSS","M","?","M","M","?","R","E","M","T","E","?","?","?","$","R","BOSS"],"build_version":"2018-11-15","purchased_purges":3,"victory":false,"max_hp_per_floor":[70,70,70,70,70,70,70,70,70,70,70,70,70,70,70,70,70,70,70,70,70,70,70,70,70,70,70,70,70,70,70,70,70],"card_choices":[{"not_picked":["Cloak And Dagger","Skewer"],"picked":"Sucker Punch","floor":1},{"not_picked":["Dodge and Roll","Terror"],"picked":"Dagger Spray","floor":4},{"not_picked":["Masterful Stab","Deflect"],"picked":"Backflip","floor":6},{"not_picked":["Endless Agony","Bane"],"picked":"Dagger Throw","floor":7},{"not_picked":["Endless Agony","Skewer","Dagger Spray"],"picked":"SKIP","floor":11},{"not_picked":["Finisher","Prepared"],"picked":"Footwork","floor":12},{"not_picked":["Catalyst","Flechettes","Sucker Punch"],"picked":"SKIP","floor":14},{"not_picked":["Unload","Night Terror"],"picked":"Malaise","floor":16},{"not_picked":["Dodge and Roll+1","Dagger Throw"],"picked":"Flying Knee+1","floor":18},{"not_picked":["Skewer","Acrobatics"],"picked":"Deflect+1","floor":20},{"not_picked":["Blade Dance+1","Dagger Throw+1"],"picked":"Sucker Punch+1","floor":21},{"not_picked":["Acrobatics","Backflip"],"picked":"Outmaneuver","floor":23},{"not_picked":["All Out Attack","Blur"],"picked":"Deadly Poison+1","floor":24},{"not_picked":["Slice","Infinite Blades"],"picked":"Dagger Throw","floor":25},{"not_picked":["Phantasmal Killer","Quick Slash"],"picked":"Adrenaline","floor":27},{"not_picked":["Distraction+1","Catalyst"],"picked":"Deadly Poison","floor":30}],"player_experience":135405,"relics_obtained":[{"floor":6,"key":"Ornamental Fan"},{"floor":9,"key":"Dream Catcher"},{"floor":24,"key":"Tiny Chest"},{"floor":24,"key":"Happy Flower"},{"floor":26,"key":"Anchor"},{"floor":27,"key":"Darkstone Periapt"},{"floor":27,"key":"Shuriken"},{"floor":29,"key":"Pantograph"}],"event_choices":[{"damage_healed":0,"gold_gain":0,"player_choice":"Take Damage","damage_taken":17,"relics_obtained":["Golden Idol"],"max_hp_gain":0,"max_hp_loss":0,"event_name":"Golden Idol","floor":2,"gold_loss":0},{"damage_healed":23,"gold_gain":0,"player_choice":"Banana","damage_taken":0,"max_hp_gain":0,"max_hp_loss":0,"event_name":"Big Fish","floor":3,"gold_loss":0},{"damage_healed":0,"gold_gain":0,"player_choice":"Entered Light","damage_taken":14,"max_hp_gain":0,"max_hp_loss":0,"event_name":"Shining Light","floor":5,"gold_loss":0,"cards_upgraded":["Neutralize","Defend_G"]},{"damage_healed":0,"gold_gain":0,"player_choice":"Upgraded","damage_taken":0,"max_hp_gain":0,"max_hp_loss":0,"event_name":"Upgrade Shrine","floor":10,"gold_loss":0,"cards_upgraded":["Sucker Punch"]},{"damage_healed":0,"gold_gain":0,"player_choice":"Obtained Relic","damage_taken":0,"relics_obtained":["Snake Skull"],"max_hp_gain":0,"max_hp_loss":0,"event_name":"Addict","floor":19,"gold_loss":85},{"damage_healed":0,"gold_gain":0,"player_choice":"Gave Idol","damage_taken":0,"relics_obtained":["Bloody Idol"],"max_hp_gain":0,"max_hp_loss":0,"event_name":"Forgotten Altar","floor":28,"relics_lost":["Golden Idol"],"gold_loss":0}],"is_beta":false,"boss_relics":[{"not_picked":["Velvet Choker","Astrolabe"],"picked":"Black Star"}],"items_purged_floors":[13,22,31],"is_endless":false,"potions_floor_spawned":[4,6,7,18,20],"killed_by":"Automaton","ascension_level":0}