{"gold_per_floor":[167,167,0,16,16,30,60,60,86,105,125,139,139,159,159,231,231,221,9,29,49,49,82,97,97,168,168,168,178,178,194,194,194],"floor_reached":33,"playtime":3198,"items_purged":["Strike_G"],"score":549,"play_id":"b7393398-af73-4c9b-aaad-0c7aef6d7cb7","local_time":"20190615182152","is_ascension_mode":true,"campfire_choices":[{"floor":8,"key":"REST"},{"floor":15,"key":"REST"},{"data":"Envenom","floor":27,"key":"SMITH"},{"data":"Blade Dance","floor":30,"key":"SMITH"},{"floor":32,"key":"REST"}],"neow_cost":"NONE","seed_source_timestamp":17477095967132,"circlet_count":0,"master_deck":["AscendersBane","Defend_G","Defend_G+1","Defend_G+1","Defend_G","Defend_G","Survivor","Neutralize","PiercingWail","Blade Dance+1","Flash of Steel","Malaise","Endless Agony","Leg Sweep","Leg Sweep","Cloak And Dagger","Quick Slash","Backflip","Envenom+1","Blade Dance","Infinite Blades","Cloak And Dagger","Backflip","Acrobatics+1","Blade Dance+1","Blur","Blade Dance","Ghostly","Ghostly","Ghostly","Bite","Bite","Bite","Bite","Bite","Slice"],"relics":["Tiny House","Boot","Pen Nib","Question Card","Busted Crown","Bronze Scales","Gremlin Horn"],"potions_floor_usage":[7,11,16,18,20,29,31],"damage_taken":[{"damage":6,"enemies":"Small Slimes","floor":1,"turns":4},{"damage":0,"enemies":"Jaw Worm","floor":4,"turns":6},{"damage":0,"enemies":"2 Louse","floor":6,"turns":4},{"damage":36,"enemies":"Gremlin Nob","floor":7,"turns":6},{"damage":3,"enemies":"Blue Slaver","floor":10,"turns":3},{"damage":5,"enemies":"Lots of Slimes","floor":11,"turns":4},{"damage":2,"enemies":"Gremlin Gang","floor":12,"turns":7},{"damage":0,"enemies":"Exordium Wildlife","floor":14,"turns":4},{"damage":26,"enemies":"The Guardian","floor":16,"turns":19},{"damage":5,"enemies":"2 Thieves","floor":18,"turns":4},{"damage":0,"enemies":"Shell Parasite","floor":20,"turns":7},{"damage":1,"enemies":"Chosen and Byrds","floor":21,"turns":9},{"damage":8,"enemies":"Book of Stabbing","floor":23,"turns":8},{"damage":14,"enemies":"Centurion and Healer","floor":24,"turns":7},{"damage":15,"enemies":"3 Cultists","floor":29,"turns":7},{"damage":3,"enemies":"Snake Plant","floor":31,"turns":3},{"damage":36,"enemies":"Champ","floor":33,"turns":13}],"seed_played":"8780776682464637346","potions_obtained":[{"floor":0,"key":"Energy Potion"},{"floor":7,"key":"PowerPotion"},{"floor":10,"key":"LiquidBronze"},{"floor":11,"key":"GamblersBrew"},{"floor":12,"key":"SpeedPotion"},{"floor":18,"key":"Fruit Juice"},{"floor":21,"key":"Swift Potion"},{"floor":23,"key":"LiquidBronze"},{"floor":29,"key":"Swift Potion"}],"is_trial":false,"path_per_floor":["M","?","$","M","?","M","E","R","T","M","M","M","T","M","R","B",null,"M","$","M","M","?","E","M","?","T","R","?","M","R","M","R","B"],"character_chosen":"THE_SILENT","items_purchased":["Flash of Steel","Malaise","Infinite Blades","Cloak And Dagger","Backflip"],"campfire_rested":3,"item_purchase_floors":[3,3,19,19,19],"current_hp_per_floor":[58,58,58,58,37,37,1,22,22,19,14,12,12,12,33,7,55,55,55,55,54,54,46,32,32,32,32,26,15,15,16,23,0],"gold":194,"neow_bonus":"BOSS_RELIC","is_prod":false,"is_daily":false,"chose_seed":false,"campfire_upgraded":2,"win_rate":0,"timestamp":1560640912,"path_taken":["M","?","$","M","?","M","E","R","T","M","M","M","?","?","R","BOSS","M","$","M","M","?","E","M","?","T","R","?","M","R","M","R","BOSS"],"build_version":"2019-01-23","purchased_purges":1,"victory":false,"max_hp_per_floor":[71,71,71,71,71,71,71,71,71,71,71,71,71,71,71,71,71,76,76,76,76,76,76,76,38,38,38,26,26,26,26,26,26],"card_choices":[{"not_picked":["Outmaneuver","Masterful Stab"],"picked":"PiercingWail","floor":0},{"not_picked":["Backflip","Eviscerate"],"picked":"Blade Dance","floor":1},{"not_picked":["Sucker Punch","Riddle With Holes"],"picked":"Endless Agony","floor":4},{"not_picked":["Blur","Underhanded Strike"],"picked":"Leg Sweep","floor":6},{"not_picked":["Outmaneuver","Skewer"],"picked":"Leg Sweep","floor":7},{"not_picked":["Slice","Terror"],"picked":"Cloak And Dagger","floor":10},{"not_picked":["Sucker Punch","Bane","Acrobatics"],"picked":"SKIP","floor":11},{"not_picked":["PiercingWail","Blur"],"picked":"Quick Slash","floor":12},{"not_picked":["Dagger Throw","Bouncing Flask","Underhanded Strike"],"picked":"Backflip","floor":14},{"not_picked":["Wraith Form v2","Doppelganger","Night Terror"],"picked":"Envenom","floor":16},{"not_picked":["Deadly Poison"],"picked":"Blade Dance","floor":18},{"not_picked":["Deadly Poison"],"picked":"Acrobatics+1","floor":20},{"not_picked":["Dagger Throw"],"picked":"Blade Dance","floor":21},{"not_picked":["Predator"],"picked":"Blur","floor":23},{"not_picked":["Poisoned Stab"],"picked":"Blade Dance","floor":24},{"not_picked":["Dagger Throw"],"picked":"Slice","floor":29},{"not_picked":["Prepared","Die Die Die"],"picked":"SKIP","floor":31}],"player_experience":567845,"relics_obtained":[{"floor":7,"key":"Boot"},{"floor":9,"key":"Pen Nib"},{"floor":13,"key":"Question Card"},{"floor":23,"key":"Bronze Scales"},{"floor":26,"key":"Gremlin Horn"}],"event_choices":[{"damage_healed":0,"gold_gain":0,"player_choice":"Leave","damage_taken":0,"max_hp_gain":0,"max_hp_loss":0,"event_name":"The Cleric","floor":2,"gold_loss":0},{"damage_healed":0,"gold_gain":0,"player_choice":"Entered Light","damage_taken":21,"max_hp_gain":0,"max_hp_loss":0,"event_name":"Shining Light","floor":5,"gold_loss":0,"cards_upgraded":["Blade Dance","Defend_G"]},{"damage_healed":0,"gold_gain":0,"player_choice":"Ignored","damage_taken":0,"max_hp_gain":0,"max_hp_loss":0,"event_name":"The Mausoleum","floor":22,"gold_loss":0},{"damage_healed":0,"gold_gain":0,"player_choice":"Became a Ghost","damage_taken":0,"max_hp_gain":0,"max_hp_loss":38,"event_name":"Ghosts","floor":25,"gold_loss":0,"cards_obtained":["Ghostly","Ghostly","Ghostly"]},{"damage_healed":0,"gold_gain":0,"player_choice":"Became a vampire","damage_taken":0,"max_hp_gain":0,"max_hp_loss":12,"event_name":"Vampires","floor":28,"gold_loss":0,"cards_obtained":["Bite","Bite","Bite","Bite","Bite"]}],"is_beta":false,"boss_relics":[{"not_picked":["Black Star","WristBlade"],"picked":"Busted Crown"}],"items_purged_floors":[19],"is_endless":false,"potions_floor_spawned":[7,10,11,12,18,21,23,29],"killed_by":"Champ","ascension_level":15}