{"gold_per_floor":[113,113,113,21,32,58,58,92,92,102,129,129,33,48,48,48],"floor_reached":16,"playtime":599,"items_purged":["Strike_G"],"score":222,"play_id":"da7634db-21c1-41b2-9657-704ae9b1a42b","local_time":"20190208210026","is_ascension_mode":true,"campfire_choices":[{"data":"Dagger Spray","floor":7,"key":"SMITH"},{"data":"Footwork","floor":15,"key":"SMITH"}],"neow_cost":"NONE","seed_source_timestamp":15194419502028,"circlet_count":0,"master_deck":["AscendersBane","Defend_G","Defend_G","Defend_G","Defend_G","Defend_G","Strike_G","Strike_G","Strike_G","Survivor","Neutralize","Deadly Poison","Footwork+1","Quick Slash","Dagger Spray+1","Dash","Bane","Cloak And Dagger","Catalyst","PiercingWail"],"relics":["Ring of the Snake","NeowsBlessing","Dodecahedron","Letter Opener","Smiling Mask","Blue Candle","Meat on the Bone"],"potions_floor_usage":[11,11],"damage_taken":[{"damage":0,"enemies":"Jaw Worm","floor":1,"turns":1},{"damage":0,"enemies":"2 Louse","floor":5,"turns":1},{"damage":0,"enemies":"3 Sentries","floor":6,"turns":1},{"damage":31,"enemies":"Gremlin Nob","floor":8,"turns":4},{"damage":1,"enemies":"Cultist","floor":10,"turns":3},{"damage":14,"enemies":"Lagavulin","floor":11,"turns":7},{"damage":0,"enemies":"2 Fungi Beasts","floor":14,"turns":3},{"damage":27,"enemies":"Hexaghost","floor":16,"turns":14}],"seed_played":"5492018229587456161","potions_obtained":[{"floor":1,"key":"Swift Potion"},{"floor":8,"key":"Poison Potion"},{"floor":11,"key":"EssenceOfSteel"}],"is_trial":false,"path_per_floor":["M","?","?","$","M","E","R","E","T","M","E","T","$","M","R","B"],"character_chosen":"THE_SILENT","items_purchased":["Footwork","Quick Slash","PiercingWail"],"campfire_rested":0,"item_purchase_floors":[4,4,13],"current_hp_per_floor":[63,63,56,56,56,56,56,25,25,24,10,10,10,22,22,0],"gold":48,"neow_bonus":"THREE_ENEMY_KILL","is_prod":false,"is_daily":false,"chose_seed":false,"campfire_upgraded":2,"win_rate":0,"timestamp":1549681226,"path_taken":["M","?","?","$","M","E","R","E","T","M","E","?","$","M","R","BOSS"],"build_version":"2019-01-23","purchased_purges":1,"victory":false,"max_hp_per_floor":[70,70,70,70,70,70,70,70,70,70,70,70,70,70,70,70],"card_choices":[{"not_picked":["Calculated Gamble","Cloak And Dagger"],"picked":"Deadly Poison","floor":1},{"not_picked":["Setup","Reflex"],"picked":"Dagger Spray","floor":5},{"not_picked":["Bane","Blade Dance"],"picked":"Dash","floor":6},{"not_picked":["Finisher","Sucker Punch"],"picked":"Bane","floor":8},{"not_picked":["Escape Plan","Accuracy"],"picked":"Cloak And Dagger","floor":10},{"not_picked":["Endless Agony","Grand Finale"],"picked":"Catalyst","floor":11},{"not_picked":["Underhanded Strike","Dagger Spray","Sucker Punch"],"picked":"SKIP","floor":14}],"player_experience":502812,"relics_obtained":[{"floor":6,"key":"Dodecahedron"},{"floor":8,"key":"Letter Opener"},{"floor":9,"key":"Smiling Mask"},{"floor":11,"key":"Blue Candle"},{"floor":12,"key":"Meat on the Bone"}],"event_choices":[{"damage_healed":0,"gold_gain":0,"player_choice":"Ignored","damage_taken":0,"max_hp_gain":0,"max_hp_loss":0,"event_name":"Liars Game","floor":2,"gold_loss":0},{"cards_removed":["Strike_G"],"damage_healed":0,"gold_gain":0,"player_choice":"Card Removal","damage_taken":7,"max_hp_gain":0,"max_hp_loss":0,"event_name":"Golden Wing","floor":3,"gold_loss":0}],"is_beta":false,"boss_relics":[],"items_purged_floors":[13],"is_endless":false,"potions_floor_spawned":[1,8,11],"killed_by":"Hexaghost","ascension_level":11}