{"gold_per_floor":[109,128,151,169,180,214,214,214,238,253,3,19,39,57,57,159,159,175,193,208,136,136,167,167,177,201,201,201,201,301,317,317,414,414,434,294,311,324,324,324,342,342,424,424,443,454,115,115,115,115],"floor_reached":51,"playtime":4160,"items_purged":[],"score":623,"play_id":"3b9ec710-fef1-401f-9bd7-55e3b9cf5470","local_time":"20191008030929","is_ascension_mode":false,"campfire_choices":[{"floor":8,"key":"REST"},{"floor":15,"key":"REST"},{"floor":24,"key":"REST"},{"floor":27,"key":"REST"},{"floor":29,"key":"REST"},{"floor":32,"key":"REST"},{"floor":40,"key":"REST"},{"floor":42,"key":"REST"},{"data":"Crippling Poison","floor":44,"key":"SMITH"},{"data":"Terror","floor":49,"key":"SMITH"}],"neow_cost":"NONE","seed_source_timestamp":65806187970600,"circlet_count":0,"master_deck":["Strike_G","Strike_G","Strike_G","Defend_G","Defend_G","Defend_G","Defend_G","Defend_G","Survivor","Neutralize","Bane","Heel Hook","Crippling Poison+1","Noxious Fumes","Quick Slash","Endless Agony","Flying Knee+1","Prepared","Unload+1","Terror+1","Finisher+1","Acrobatics","Footwork","All Out Attack+1","Bane+1","Sucker Punch+1","Deadly Poison","Concentrate+1","Grand Finale+1","Backflip+1","Slice+1","Finisher+1","Sucker Punch+1","Backstab+1"],"relics":["Ring of the Snake","NeowsBlessing","Bronze Scales","Bottled Lightning","PreservedInsect","Molten Egg 2","Runic Pyramid","Pen Nib","Bag of Marbles","Thread and Needle","Shuriken","Lizard Tail","Mercury Hourglass","Lantern","Toy Ornithopter"],"potions_floor_usage":[50,50,50],"damage_taken":[{"damage":0,"enemies":"Cultist","floor":1,"turns":1},{"damage":0,"enemies":"Small Slimes","floor":2,"turns":1},{"damage":0,"enemies":"Jaw Worm","floor":4,"turns":1},{"damage":9,"enemies":"Blue Slaver","floor":5,"turns":2},{"damage":31,"enemies":"Gremlin Nob","floor":6,"turns":5},{"damage":6,"enemies":"Lots of Slimes","floor":10,"turns":2},{"damage":14,"enemies":"Large Slime","floor":12,"turns":6},{"damage":0,"enemies":"Blue Slaver","floor":13,"turns":4},{"damage":7,"enemies":"Exordium Thugs","floor":14,"turns":5},{"damage":26,"enemies":"The Guardian","floor":16,"turns":10},{"damage":8,"enemies":"Chosen","floor":18,"turns":5},{"damage":7,"enemies":"Shell Parasite","floor":19,"turns":5},{"damage":29,"enemies":"Sentry and Sphere","floor":20,"turns":5},{"damage":31,"enemies":"Book of Stabbing","floor":23,"turns":5},{"damage":25,"enemies":"Snecko","floor":25,"turns":5},{"damage":23,"enemies":"Colosseum Slavers","floor":30,"turns":4},{"damage":5,"enemies":"Colosseum Nobs","floor":30,"turns":3},{"damage":1,"enemies":"Snake Plant","floor":31,"turns":4},{"damage":38,"enemies":"Champ","floor":33,"turns":9},{"damage":3,"enemies":"Orb Walker","floor":35,"turns":2},{"damage":31,"enemies":"3 Shapes","floor":37,"turns":3},{"damage":7,"enemies":"Transient","floor":38,"turns":5},{"damage":0,"enemies":"Spire Growth","floor":41,"turns":4},{"damage":8,"enemies":"3 Darklings","floor":45,"turns":4},{"damage":46,"enemies":"Writhing Mass","floor":46,"turns":5},{"damage":77,"enemies":"Awakened One","floor":50,"turns":14}],"seed_played":"148091551366722715","potions_obtained":[{"floor":4,"key":"Dexterity Potion"},{"floor":6,"key":"FairyPotion"},{"floor":12,"key":"GhostInAJar"},{"floor":31,"key":"SkillPotion"}],"is_trial":false,"path_per_floor":["M","M","T","M","M","E","?","R","T","M","$","M","M","M","R","B",null,"M","M","M","$","?","E","R","M","T","R","?","R","?","M","R","B",null,"M","$","M","M","?","R","M","R","T","R","M","M","$","?","R","B",null],"character_chosen":"THE_SILENT","items_purchased":["Molten Egg 2","Footwork","Grand Finale+1","Lantern","Toy Ornithopter"],"campfire_rested":8,"item_purchase_floors":[11,21,36,47,47],"current_hp_per_floor":[70,70,70,70,61,30,30,51,51,45,45,31,31,24,45,19,70,62,55,26,26,26,7,28,3,3,24,47,68,40,39,60,22,70,67,67,36,29,29,50,50,70,70,70,62,16,16,61,61,30],"gold":115,"neow_bonus":"THREE_ENEMY_KILL","is_prod":false,"is_daily":false,"chose_seed":false,"campfire_upgraded":2,"win_rate":0,"timestamp":1570518569,"path_taken":["M","?","?","M","M","E","?","R","T","M","$","M","M","?","R","BOSS","M","?","M","$","?","E","R","?","T","R","?","R","?","M","R","BOSS","M","$","M","M","?","R","M","R","T","R","M","M","?","?","R","BOSS"],"build_version":"2019-07-17","purchased_purges":0,"victory":true,"max_hp_per_floor":[70,70,70,70,70,70,70,70,70,70,70,70,70,70,70,70,70,70,70,70,70,70,70,70,70,70,70,70,70,70,70,70,70,70,70,70,70,70,70,70,70,70,70,70,70,70,70,61,61,61],"card_choices":[{"not_picked":["Deflect","Bouncing Flask"],"picked":"Bane","floor":1},{"not_picked":["Caltrops","PiercingWail"],"picked":"Heel Hook","floor":2},{"not_picked":["Sucker Punch","Prepared"],"picked":"Crippling Poison","floor":4},{"not_picked":["Caltrops","Dagger Spray"],"picked":"Noxious Fumes","floor":5},{"not_picked":["Sucker Punch","Dagger Throw"],"picked":"Quick Slash","floor":6},{"not_picked":["Tactician","Deflect","Blade Dance"],"picked":"SKIP","floor":10},{"not_picked":["Slice+1","Venomology"],"picked":"Flying Knee+1","floor":12},{"not_picked":["Cloak And Dagger","Backflip"],"picked":"Prepared","floor":13},{"not_picked":["Reflex","Underhanded Strike+1","Eviscerate+1"],"picked":"SKIP","floor":14},{"not_picked":["Phantasmal Killer","Glass Knife+1"],"picked":"Unload+1","floor":16},{"not_picked":["Deadly Poison","Cloak And Dagger+1"],"picked":"Terror","floor":18},{"not_picked":["Blade Dance","Heel Hook+1"],"picked":"Finisher+1","floor":19},{"not_picked":["Slice+1","Caltrops"],"picked":"Acrobatics","floor":20},{"not_picked":["PiercingWail+1","Calculated Gamble+1"],"picked":"All Out Attack+1","floor":23},{"not_picked":["Dagger Spray+1","Eviscerate+1"],"picked":"Bane+1","floor":25},{"not_picked":["Dagger Spray+1","Dagger Throw+1"],"picked":"Sucker Punch+1","floor":30},{"not_picked":["Blade Dance+1","Dodge and Roll"],"picked":"Deadly Poison","floor":31},{"not_picked":["Crippling Poison","Riddle With Holes+1"],"picked":"Concentrate+1","floor":35},{"not_picked":["Bane+1","Footwork+1"],"picked":"Backflip+1","floor":37},{"not_picked":["Bane+1","Cloak And Dagger+1"],"picked":"Slice+1","floor":38},{"not_picked":["Cloak And Dagger+1","PiercingWail"],"picked":"Sucker Punch+1","floor":41},{"not_picked":["Dagger Throw+1","Flying Knee+1","Slice+1"],"picked":"SKIP","floor":45},{"not_picked":["Infinite Blades+1","Endless Agony+1"],"picked":"Backstab+1","floor":46}],"player_experience":88352,"relics_obtained":[{"floor":3,"key":"Bronze Scales"},{"floor":6,"key":"Bottled Lightning"},{"floor":9,"key":"PreservedInsect"},{"floor":23,"key":"Pen Nib"},{"floor":26,"key":"Bag of Marbles"},{"floor":30,"key":"Thread and Needle"},{"floor":30,"key":"Shuriken"},{"floor":43,"key":"Mercury Hourglass"}],"event_choices":[{"damage_healed":0,"gold_gain":0,"cards_transformed":["Strike_G"],"player_choice":"Transformed","damage_taken":0,"max_hp_gain":0,"max_hp_loss":0,"event_name":"Transmorgrifier","floor":7,"gold_loss":0,"cards_obtained":["Endless Agony"]},{"cards_removed":["Strike_G"],"damage_healed":0,"gold_gain":0,"player_choice":"Purged","damage_taken":0,"max_hp_gain":0,"max_hp_loss":0,"event_name":"Purifier","floor":22,"gold_loss":0},{"damage_healed":23,"gold_gain":0,"player_choice":"Heal","damage_taken":0,"max_hp_gain":0,"max_hp_loss":0,"event_name":"The Library","floor":28,"gold_loss":0},{"damage_healed":0,"gold_gain":0,"player_choice":"Fight","damage_taken":0,"max_hp_gain":0,"max_hp_loss":0,"event_name":"Colosseum","floor":30,"gold_loss":0},{"damage_healed":0,"gold_gain":0,"player_choice":"Fought Nobs","damage_taken":0,"max_hp_gain":0,"max_hp_loss":0,"event_name":"Colosseum","floor":30,"gold_loss":0},{"damage_healed":0,"gold_gain":0,"player_choice":"Copied","damage_taken":0,"max_hp_gain":0,"max_hp_loss":0,"event_name":"Duplicator","floor":39,"gold_loss":0,"cards_obtained":["Finisher"]},{"damage_healed":61,"gold_gain":0,"player_choice":"Heal","damage_taken":0,"max_hp_gain":0,"max_hp_loss":9,"event_name":"The Moai Head","floor":48,"gold_loss":0}],"is_beta":false,"boss_relics":[{"not_picked":["Philosopher\u0027s Stone","Cursed Key"],"picked":"Runic Pyramid"},{"not_picked":["Astrolabe","White Beast Statue"],"picked":"Lizard Tail"}],"items_purged_floors":[],"is_endless":false,"potions_floor_spawned":[4,6,12,14,18,25,30,31,35,41,45],"ascension_level":0}