{"gold_per_floor":[114,114,114,132,148,148,73,73,99,116,142,154,3,18,18,113,113,132,132,143,143,162,162,162],"floor_reached":24,"playtime":1478,"items_purged":["Defend_R","Strike_R"],"score":198,"play_id":"30bbbac5-be6f-47f1-b937-8fb6ba19de6a","local_time":"20181124093300","is_ascension_mode":false,"campfire_choices":[{"data":"Cleave","floor":6,"key":"SMITH"},{"data":"Flex","floor":15,"key":"SMITH"},{"floor":23,"key":"REST"}],"neow_cost":"NONE","seed_source_timestamp":907364300085824,"circlet_count":0,"master_deck":["Strike_R","Strike_R","Strike_R","Strike_R","Defend_R","Defend_R","Bash+1","Heavy Blade","Cleave+1","Clash+1","Flex+1","Flex","Pommel Strike","Reaper","Rupture+1","RitualDagger"],"relics":["Burning Blood","Bronze Scales","Lantern","Runic Pyramid"],"potions_floor_usage":[11,11,20,24],"damage_taken":[{"damage":1,"enemies":"2 Louse","floor":1,"turns":4},{"damage":5,"enemies":"Small Slimes","floor":4,"turns":3},{"damage":6,"enemies":"Cultist","floor":5,"turns":3},{"damage":16,"enemies":"Exordium Wildlife","floor":10,"turns":3},{"damage":3,"enemies":"Lagavulin","floor":11,"turns":3},{"damage":3,"enemies":"Red Slaver","floor":12,"turns":2},{"damage":10,"enemies":"Looter","floor":14,"turns":1},{"damage":61,"enemies":"Hexaghost","floor":16,"turns":6},{"damage":10,"enemies":"3 Byrds","floor":18,"turns":3},{"damage":34,"enemies":"2 Thieves","floor":20,"turns":3},{"damage":42,"enemies":"Cultist and Chosen","floor":22,"turns":5},{"damage":36,"enemies":"Book of Stabbing","floor":24,"turns":4}],"seed_played":"-2549308448148528738","potions_obtained":[{"floor":3,"key":"FairyPotion"},{"floor":3,"key":"SpeedPotion"},{"floor":3,"key":"Weak Potion"},{"floor":4,"key":"Energy Potion"},{"floor":14,"key":"SpeedPotion"},{"floor":18,"key":"Block Potion"}],"is_trial":false,"path_per_floor":["M","?","?","M","M","R","$","?","T","M","E","M","$","M","R","B",null,"M","?","M","?","M","R","E"],"character_chosen":"IRONCLAD","items_purchased":["Flex"],"campfire_rested":1,"item_purchase_floors":[13],"current_hp_per_floor":[80,80,80,80,80,80,80,80,80,70,73,76,76,72,72,17,80,80,74,60,52,22,46,10],"gold":162,"neow_bonus":"REMOVE_CARD","is_prod":false,"is_daily":false,"chose_seed":false,"campfire_upgraded":2,"win_rate":0.0,"timestamp":1543073580,"path_taken":["M","?","?","M","?","R","$","?","T","M","E","M","$","?","R","BOSS","M","?","M","?","?","R","E"],"build_version":"2018-11-15","purchased_purges":2,"victory":false,"max_hp_per_floor":[80,80,80,80,80,80,80,80,80,80,80,80,80,80,80,80,80,80,80,80,80,80,80,80],"card_choices":[{"not_picked":["Combust","Second Wind"],"picked":"Heavy Blade","floor":1},{"not_picked":["Power Through","Body Slam"],"picked":"Cleave","floor":4},{"not_picked":["Clothesline","Cleave"],"picked":"Clash","floor":5},{"not_picked":["Searing Blow","Warcry","Body Slam"],"picked":"SKIP","floor":10},{"not_picked":["Seeing Red","Shockwave"],"picked":"Flex","floor":11},{"not_picked":["Warcry","Searing Blow","True Grit"],"picked":"SKIP","floor":12},{"not_picked":["Clothesline","Body Slam"],"picked":"Pommel Strike","floor":14},{"not_picked":["Barricade","Demon Form"],"picked":"Reaper","floor":16},{"not_picked":["Iron Wave","Thunderclap"],"picked":"Rupture+1","floor":18},{"not_picked":["Armaments","Cleave+1","Shrug It Off"],"picked":"SKIP","floor":20},{"not_picked":["Hemokinesis","Headbutt+1","Dropkick"],"picked":"SKIP","floor":22}],"player_experience":68146,"relics_obtained":[{"floor":9,"key":"Bronze Scales"},{"floor":11,"key":"Lantern"}],"event_choices":[{"damage_healed":0,"gold_gain":0,"player_choice":"Grow","damage_taken":0,"max_hp_gain":0,"max_hp_loss":0,"event_name":"Living Wall","floor":2,"gold_loss":0,"cards_upgraded":["Bash"]},{"damage_healed":0,"gold_gain":0,"player_choice":"Got Potions","damage_taken":0,"max_hp_gain":0,"max_hp_loss":0,"event_name":"Lab","floor":3,"gold_loss":0},{"damage_healed":0,"gold_gain":0,"player_choice":"Forge","damage_taken":0,"max_hp_gain":0,"max_hp_loss":0,"event_name":"Accursed Blacksmith","floor":8,"gold_loss":0,"cards_upgraded":["Clash"]},{"damage_healed":0,"gold_gain":0,"player_choice":"Joined the Cult","damage_taken":6,"max_hp_gain":0,"max_hp_loss":0,"event_name":"Nest","floor":19,"gold_loss":0,"cards_obtained":["RitualDagger"]},{"damage_healed":0,"gold_gain":0,"player_choice":"Damaged","damage_taken":8,"max_hp_gain":0,"max_hp_loss":0,"event_name":"Wheel of Change","floor":21,"gold_loss":0}],"is_beta":false,"boss_relics":[{"not_picked":["Mark of Pain","Snecko Eye"],"picked":"Runic Pyramid"}],"items_purged_floors":[7,13],"is_endless":false,"potions_floor_spawned":[4,5,10,14,18],"killed_by":"Book of Stabbing","ascension_level":0}