{"gold_per_floor":[113,127,141,2,20,20,51,101,101,22,53,53],"floor_reached":12,"playtime":603,"items_purged":[],"score":154,"play_id":"36f976f3-7ae6-4933-b221-d39f4da49aa3","local_time":"20190616090317","is_ascension_mode":true,"campfire_choices":[{"data":"Bash","floor":6,"key":"SMITH"}],"neow_cost":"NONE","seed_source_timestamp":72960073414150,"circlet_count":0,"master_deck":["AscendersBane","Strike_R","Strike_R","Strike_R","Strike_R","Strike_R","Defend_R","Defend_R","Defend_R","Defend_R","Bash+1","Rampage","Cleave","Immolate","Corruption","Feel No Pain","True Grit"],"relics":["Burning Blood","Letter Opener","Paper Frog","Bronze Scales"],"potions_floor_usage":[11,11],"damage_taken":[{"damage":5,"enemies":"Cultist","floor":1,"turns":5},{"damage":8,"enemies":"Jaw Worm","floor":2,"turns":5},{"damage":10,"enemies":"Small Slimes","floor":3,"turns":4},{"damage":12,"enemies":"Red Slaver","floor":5,"turns":4},{"damage":20,"enemies":"3 Sentries","floor":7,"turns":6},{"damage":23,"enemies":"Lagavulin","floor":11,"turns":6},{"damage":19,"enemies":"Large Slime","floor":12,"turns":4}],"seed_played":"5833771528676351692","potions_obtained":[{"floor":0,"key":"BloodPotion"},{"floor":0,"key":"Poison Potion"},{"floor":5,"key":"Block Potion"},{"floor":11,"key":"PowerPotion"}],"is_trial":false,"path_per_floor":["M","M","M","$","M","R","E","?","T","$","E","M"],"character_chosen":"IRONCLAD","items_purchased":["Immolate","Feel No Pain"],"campfire_rested":0,"item_purchase_floors":[4,10],"current_hp_per_floor":[69,67,63,63,57,57,43,36,36,36,19,0],"gold":53,"neow_bonus":"THREE_SMALL_POTIONS","is_prod":false,"is_daily":false,"chose_seed":false,"campfire_upgraded":1,"win_rate":0,"timestamp":1560693797,"path_taken":["M","M","M","$","M","R","E","?","T","?","E","M"],"build_version":"2019-01-23","purchased_purges":0,"victory":false,"max_hp_per_floor":[75,75,75,75,75,75,75,75,75,75,75,75],"card_choices":[{"not_picked":["Fire Breathing","Heavy Blade","Pummel"],"picked":"SKIP","floor":1},{"not_picked":["Headbutt","Clash"],"picked":"Rampage","floor":2},{"not_picked":["Shrug It Off","Thunderclap"],"picked":"Cleave","floor":3},{"not_picked":["Sever Soul","Sentinel","Twin Strike"],"picked":"SKIP","floor":5},{"not_picked":["Sword Boomerang","Intimidate"],"picked":"Corruption","floor":7},{"not_picked":["Feed","Flex"],"picked":"True Grit","floor":11}],"player_experience":574844,"relics_obtained":[{"floor":7,"key":"Letter Opener"},{"floor":9,"key":"Paper Frog"},{"floor":11,"key":"Bronze Scales"}],"event_choices":[{"damage_healed":0,"gold_gain":50,"player_choice":"Touch","damage_taken":7,"max_hp_gain":0,"max_hp_loss":0,"event_name":"FaceTrader","floor":8,"gold_loss":0}],"is_beta":false,"boss_relics":[],"items_purged_floors":[],"is_endless":false,"potions_floor_spawned":[5,11],"killed_by":"Large Slime","ascension_level":15}