{"gold_per_floor":[119,135,135,145,164,197,207,235,235,235,235,253,286,306,306,407,407,426,351,361,286,186,186,101,101,101,134,145,145,180,180,180,282,332,351,201,211,225,17,17,42,60,60,60,77,77,125,157,157,157,157,157,7,37,37],"floor_reached":56,"playtime":4291,"items_purged":["Bash","Strike_R","Strike_R","Sword Boomerang"],"score":1450,"play_id":"4392ef9d-bd8a-4dad-b90c-b5a6e4703b63","local_time":"20181203112413","is_ascension_mode":true,"campfire_choices":[{"data":"Armaments","floor":10,"key":"SMITH"},{"data":"True Grit","floor":15,"key":"SMITH"},{"data":"Corruption","floor":23,"key":"SMITH"},{"data":"Iron Wave","floor":25,"key":"SMITH"},{"data":"Battle Trance","floor":29,"key":"SMITH"},{"data":"Flame Barrier","floor":32,"key":"SMITH"},{"data":"Body Slam","floor":40,"key":"SMITH"},{"floor":44,"key":"RECALL"},{"data":"Shrug It Off","floor":46,"key":"SMITH"},{"floor":49,"key":"REST"},{"data":"Flame Barrier","floor":52,"key":"SMITH"}],"neow_cost":"NONE","seed_source_timestamp":1687981505793927,"circlet_count":0,"master_deck":["Strike_R","Strike_R","Defend_R+1","Defend_R","Defend_R","Defend_R","True Grit+1","Armaments+1","Iron Wave+1","Flame Barrier+1","Cleave","Battle Trance+1","Corruption+1","Flex","Flame Barrier+1","Shrug It Off+1","Havoc","Body Slam+1","Body Slam+1","Flex+1","Flex"],"relics":["Burning Blood","Thread and Needle","Dead Branch","Ancient Tea Set","Orichalcum","Sozu","Paper Frog","Ornamental Fan","Boot","Red Skull","Blue Candle","Tiny House","Oddly Smooth Stone","Darkstone Periapt","Ice Cream","Bottled Lightning","Regal Pillow"],"potions_floor_usage":[8,50,55],"damage_taken":[{"damage":1,"enemies":"Cultist","floor":1,"turns":4},{"damage":7,"enemies":"Small Slimes","floor":2,"turns":6},{"damage":1,"enemies":"Jaw Worm","floor":4,"turns":3},{"damage":12,"enemies":"Looter","floor":5,"turns":4},{"damage":26,"enemies":"Gremlin Nob","floor":6,"turns":5},{"damage":0,"enemies":"Blue Slaver","floor":7,"turns":6},{"damage":30,"enemies":"Lagavulin","floor":8,"turns":11},{"damage":0,"enemies":"Exordium Wildlife","floor":12,"turns":4},{"damage":18,"enemies":"3 Sentries","floor":13,"turns":8},{"damage":0,"enemies":"Looter","floor":14,"turns":5},{"damage":48,"enemies":"The Guardian","floor":16,"turns":16},{"damage":3,"enemies":"Shell Parasite","floor":18,"turns":8},{"damage":2,"enemies":"Chosen","floor":20,"turns":7},{"damage":9,"enemies":"Slavers","floor":27,"turns":3},{"damage":6,"enemies":"Snecko","floor":28,"turns":3},{"damage":0,"enemies":"Book of Stabbing","floor":30,"turns":4},{"damage":52,"enemies":"Collector","floor":33,"turns":7},{"damage":0,"enemies":"Orb Walker","floor":35,"turns":4},{"damage":0,"enemies":"3 Shapes","floor":37,"turns":3},{"damage":5,"enemies":"Sphere and 2 Shapes","floor":38,"turns":5},{"damage":0,"enemies":"Giant Head","floor":41,"turns":5},{"damage":9,"enemies":"Maw","floor":42,"turns":4},{"damage":10,"enemies":"Jaw Worm Horde","floor":45,"turns":3},{"damage":12,"enemies":"2 Orb Walkers","floor":47,"turns":4},{"damage":43,"enemies":"Nemesis","floor":48,"turns":6},{"damage":16,"enemies":"Donu and Deca","floor":50,"turns":8},{"damage":3,"enemies":"Shield and Spear","floor":54,"turns":4},{"damage":82,"enemies":"The Heart","floor":55,"turns":8}],"seed_played":"-4027347157660123834","potions_obtained":[{"floor":2,"key":"EssenceOfSteel"},{"floor":7,"key":"SkillPotion"},{"floor":13,"key":"SmokeBomb"},{"floor":16,"key":"Ancient Potion"}],"is_trial":false,"path_per_floor":["M","M","?","M","M","E","M","E","T","R","?","M","E","M","R","B",null,"M","$","M","?","$","R","?","R","T","E","M","R","E","T","R","B",null,"M","$","M","M","$","R","E","M","T","R","M","R","?","E","R","B",null,"R","$","E","B",null],"character_chosen":"IRONCLAD","items_purchased":["Havoc","Body Slam","Oddly Smooth Stone"],"campfire_rested":1,"item_purchase_floors":[36,39,39],"current_hp_per_floor":[88,87,87,88,82,62,68,44,44,44,73,79,67,73,73,31,88,88,88,88,88,88,88,88,88,88,85,85,85,88,88,88,42,93,93,93,93,93,93,93,93,90,90,90,86,86,80,43,70,60,93,93,93,93,17],"gold":37,"neow_bonus":"TEN_PERCENT_HP_BONUS","is_prod":false,"is_daily":false,"chose_seed":false,"campfire_upgraded":9,"win_rate":0,"timestamp":1543857853,"path_taken":["M","?","?","M","?","E","M","E","T","R","?","M","E","M","R","BOSS","M","$","M","?","$","R","?","R","T","E","M","R","E","?","R","BOSS","M","$","M","M","$","R","E","M","T","R","M","R","?","E","R","BOSS","R","$","E","BOSS"],"build_version":"2018-11-15","purchased_purges":4,"victory":true,"max_hp_per_floor":[88,88,88,88,88,88,88,88,88,88,88,88,88,88,88,88,88,88,88,88,88,88,88,88,88,88,88,88,88,88,88,88,88,93,93,93,93,93,93,93,93,93,93,93,93,93,93,93,93,93,93,93,93,93,93],"card_choices":[{"not_picked":["Clash","Clothesline"],"picked":"True Grit","floor":1},{"not_picked":["Evolve","Armaments"],"picked":"Sword Boomerang","floor":2},{"not_picked":["Sever Soul","Body Slam"],"picked":"Armaments","floor":4},{"not_picked":["True Grit","Body Slam"],"picked":"Iron Wave","floor":5},{"not_picked":["Thunderclap","Clash"],"picked":"Flame Barrier","floor":6},{"not_picked":["Reckless Charge","Corruption","Dual Wield"],"picked":"SKIP","floor":7},{"not_picked":["Evolve","True Grit"],"picked":"Cleave","floor":8},{"not_picked":["Carnage","Wild Strike","Body Slam"],"picked":"SKIP","floor":12},{"not_picked":["Warcry","Second Wind"],"picked":"Battle Trance","floor":13},{"not_picked":["Wild Strike","Blood for Blood","True Grit"],"picked":"SKIP","floor":14},{"not_picked":["Warcry+1","Clothesline","Carnage"],"picked":"SKIP","floor":18},{"not_picked":["Infernal Blade+1","Iron Wave"],"picked":"Corruption","floor":20},{"not_picked":["Wild Strike","Ghostly Armor"],"picked":"Flex","floor":27},{"not_picked":["Heavy Blade","Cleave+1","Perfected Strike"],"picked":"SKIP","floor":28},{"not_picked":["Thunderclap","Wild Strike","Feel No Pain"],"picked":"SKIP","floor":30},{"not_picked":["Thunderclap","Pommel Strike+1"],"picked":"Flame Barrier","floor":34},{"not_picked":["Armaments","Inflame"],"picked":"Shrug It Off","floor":35},{"not_picked":["Corruption","Pommel Strike","Havoc+1"],"picked":"SKIP","floor":37},{"not_picked":["Evolve+1","Rupture+1"],"picked":"Body Slam+1","floor":38},{"not_picked":["Heavy Blade+1","Impervious"],"picked":"Flex+1","floor":41},{"not_picked":["Heavy Blade","Body Slam"],"picked":"Flex","floor":42},{"not_picked":["Cleave+1","Anger+1","Bloodletting+1"],"picked":"SKIP","floor":45},{"not_picked":["Ghostly Armor+1","Twin Strike","Whirlwind"],"picked":"SKIP","floor":48},{"not_picked":["Whirlwind+1","Iron Wave","Blood for Blood+1"],"picked":"SKIP","floor":54}],"player_experience":185598,"relics_obtained":[{"floor":6,"key":"Thread and Needle"},{"floor":8,"key":"Dead Branch"},{"floor":9,"key":"Ancient Tea Set"},{"floor":13,"key":"Orichalcum"},{"floor":26,"key":"Ornamental Fan"},{"floor":27,"key":"Boot"},{"floor":30,"key":"Red Skull"},{"floor":31,"key":"Blue Candle"},{"floor":41,"key":"Darkstone Periapt"},{"floor":47,"key":"Ice Cream"},{"floor":48,"key":"Bottled Lightning"},{"floor":54,"key":"Regal Pillow"}],"event_choices":[{"damage_healed":0,"gold_gain":0,"player_choice":"Ignored","damage_taken":0,"max_hp_gain":0,"max_hp_loss":0,"event_name":"Transmorgrifier","floor":3,"gold_loss":0},{"damage_healed":29,"gold_gain":0,"player_choice":"Banana","damage_taken":0,"max_hp_gain":0,"max_hp_loss":0,"event_name":"Big Fish","floor":11,"gold_loss":0},{"cards_removed":["Strike_R"],"damage_healed":0,"gold_gain":0,"player_choice":"Gave Gold","damage_taken":0,"max_hp_gain":0,"max_hp_loss":0,"event_name":"Beggar","floor":21,"gold_loss":75},{"damage_healed":0,"gold_gain":0,"player_choice":"Obtained Relic","damage_taken":0,"relics_obtained":["Paper Frog"],"max_hp_gain":0,"max_hp_loss":0,"event_name":"Addict","floor":24,"gold_loss":85},{"damage_healed":0,"gold_gain":0,"player_choice":"Fight","damage_taken":0,"max_hp_gain":0,"max_hp_loss":0,"event_name":"Mysterious Sphere","floor":47,"gold_loss":0}],"is_beta":false,"boss_relics":[{"not_picked":["Black Star","Calling Bell"],"picked":"Sozu"},{"not_picked":["Snecko Eye","Runic Cube"],"picked":"Tiny House"}],"items_purged_floors":[19,22,36,53],"is_endless":false,"potions_floor_spawned":[2,7,13,16,28,30,35,41,42,48],"ascension_level":1}