{"gold_per_floor":[161,86,86,100,119,149,149,181,181,181,196,196,196,226,226,352,352,375,375,399,324,224,224,248,248,273,273,292,292,317,331,331,460,460,481,356,377,400,400],"floor_reached":39,"playtime":1954,"items_purged":["Dualcast","Strike_B","Sunder+1"],"score":411,"play_id":"318d9a97-60de-4a9c-b996-d660ef766207","local_time":"20181211165842","is_ascension_mode":true,"campfire_choices":[{"floor":7,"key":"REST"},{"data":"Beam Cell","floor":10,"key":"SMITH"},{"floor":15,"key":"REST"},{"data":"Steam","floor":23,"key":"SMITH"},{"data":"Leap","floor":25,"key":"SMITH"},{"data":"Scrape","floor":29,"key":"SMITH"},{"floor":32,"key":"RECALL"}],"neow_cost":"NONE","seed_source_timestamp":2402432446292731,"circlet_count":0,"master_deck":["Strike_B+1","Defend_B","Defend_B","Defend_B+1","Gash+1","Steam+1","Beam Cell+1","Gash","Scrape+1","Hyperbeam","Leap+1","Hologram+1","Hologram","Echo Form+1","All For One","Force Field+1","Double Energy+1","Hologram"],"relics":["Tiny House","Blood Vial","Singing Bowl","Ancient Tea Set","Golden Idol","Tiny Chest","Sozu","Enchiridion","Lantern","Frozen Egg 2","Astrolabe"],"potions_floor_usage":[8,16,33],"damage_taken":[{"damage":1,"enemies":"Cultist","floor":1,"turns":3},{"damage":3,"enemies":"2 Louse","floor":4,"turns":3},{"damage":0,"enemies":"Small Slimes","floor":5,"turns":3},{"damage":30,"enemies":"Lagavulin","floor":6,"turns":7},{"damage":20,"enemies":"Gremlin Nob","floor":8,"turns":4},{"damage":3,"enemies":"2 Fungi Beasts","floor":11,"turns":3},{"damage":7,"enemies":"Hexaghost","floor":16,"turns":9},{"damage":4,"enemies":"Shell Parasite","floor":18,"turns":3},{"damage":5,"enemies":"Spheric Guardian","floor":20,"turns":5},{"damage":0,"enemies":"Cultist and Chosen","floor":24,"turns":3},{"damage":0,"enemies":"3 Cultists","floor":28,"turns":1},{"damage":0,"enemies":"Snecko","floor":30,"turns":2},{"damage":0,"enemies":"Shelled Parasite and Fungi","floor":31,"turns":3},{"damage":52,"enemies":"Collector","floor":33,"turns":10},{"damage":1,"enemies":"3 Darklings","floor":35,"turns":4},{"damage":24,"enemies":"3 Shapes","floor":37,"turns":3},{"damage":19,"enemies":"Jaw Worm Horde","floor":38,"turns":2},{"damage":45,"enemies":"2 Orb Walkers","floor":39,"turns":3}],"seed_played":"1094631873706135080","potions_obtained":[{"floor":0,"key":"SpeedPotion"},{"floor":1,"key":"SpeedPotion"},{"floor":8,"key":"LiquidBronze"},{"floor":11,"key":"Energy Potion"}],"is_trial":false,"path_per_floor":["M","$","?","M","M","E","R","E","T","R","M","?","?","?","R","B",null,"M","?","M","?","$","R","M","R","T","T","M","R","M","M","R","B",null,"M","$","M","M","?"],"character_chosen":"DEFECT","items_purchased":[],"campfire_rested":2,"item_purchase_floors":[],"current_hp_per_floor":[79,79,79,76,76,46,70,54,54,54,53,37,37,19,41,36,76,72,56,55,55,55,55,57,57,57,57,59,59,63,65,65,15,80,81,81,58,43,0],"gold":400,"neow_bonus":"BOSS_RELIC","is_prod":false,"is_daily":false,"chose_seed":false,"campfire_upgraded":4,"win_rate":0,"timestamp":1544569122,"path_taken":["M","?","?","?","M","E","R","E","T","R","M","?","?","?","R","BOSS","M","?","M","?","?","R","M","R","T","?","M","R","M","?","R","BOSS","M","$","M","M","?"],"build_version":"2018-12-06","purchased_purges":3,"victory":false,"max_hp_per_floor":[80,80,80,80,80,80,80,82,82,82,82,82,76,76,76,76,76,76,76,78,78,78,78,78,78,78,78,78,78,80,80,80,80,80,82,82,82,84,84],"card_choices":[{"not_picked":["Lockon","Sweeping Beam"],"picked":"Gash","floor":0},{"not_picked":["Chaos","Conserve Battery"],"picked":"Steam","floor":1},{"not_picked":["Redo","Turbo"],"picked":"Beam Cell","floor":4},{"not_picked":["Blizzard","Rebound","Capacitor"],"picked":"SKIP","floor":5},{"not_picked":["Core Surge","Aggregate"],"picked":"Gash","floor":6},{"not_picked":["Rebound","Redo","Amplify"],"picked":"Singing Bowl","floor":8},{"not_picked":["Compile Driver","Ball Lightning"],"picked":"Scrape","floor":11},{"not_picked":["Seek","Amplify"],"picked":"Hyperbeam","floor":16},{"not_picked":["Streamline","Fusion"],"picked":"Leap","floor":18},{"not_picked":["Steam","Static Discharge","Doom and Gloom+1"],"picked":"Singing Bowl","floor":20},{"not_picked":["Cold Snap+1","Turbo"],"picked":"Hologram+1","floor":24},{"not_picked":["Cold Snap+1","Fusion"],"picked":"Hologram","floor":28},{"not_picked":["Redo","Rebound","Coolheaded+1"],"picked":"Singing Bowl","floor":30},{"not_picked":["Consume","Cold Snap"],"picked":"Echo Form+1","floor":31},{"not_picked":["Amplify","Multi-Cast"],"picked":"All For One","floor":33},{"not_picked":["Leap","Hologram+1","Rebound"],"picked":"Singing Bowl","floor":35},{"not_picked":["Stack","Sweeping Beam+1"],"picked":"Hologram","floor":37},{"not_picked":["Streamline","Rip and Tear","Aggregate"],"picked":"Singing Bowl","floor":38}],"player_experience":261194,"relics_obtained":[{"floor":6,"key":"Blood Vial"},{"floor":8,"key":"Singing Bowl"},{"floor":9,"key":"Ancient Tea Set"},{"floor":19,"key":"Enchiridion"},{"floor":26,"key":"Lantern"},{"floor":27,"key":"Frozen Egg 2"}],"event_choices":[{"damage_healed":0,"gold_gain":0,"player_choice":"Bought 0 Potions","damage_taken":0,"max_hp_gain":0,"max_hp_loss":0,"event_name":"The Woman in Blue","floor":3,"gold_loss":0},{"damage_healed":0,"gold_gain":0,"player_choice":"Entered Light","damage_taken":16,"max_hp_gain":0,"max_hp_loss":0,"event_name":"Shining Light","floor":12,"gold_loss":0,"cards_upgraded":["Defend_B","Gash"]},{"damage_healed":0,"gold_gain":0,"player_choice":"Lose Max HP","damage_taken":0,"relics_obtained":["Golden Idol"],"max_hp_gain":0,"max_hp_loss":6,"event_name":"Golden Idol","floor":13,"gold_loss":0},{"damage_healed":0,"gold_gain":0,"player_choice":"Success","damage_taken":18,"relics_obtained":["Tiny Chest"],"max_hp_gain":0,"max_hp_loss":0,"event_name":"Scrap Ooze","floor":14,"gold_loss":0},{"damage_healed":0,"gold_gain":0,"player_choice":"Obtained Book","damage_taken":16,"max_hp_gain":0,"max_hp_loss":0,"event_name":"Cursed Tome","floor":19,"gold_loss":0},{"cards_removed":["Strike_B"],"damage_healed":0,"gold_gain":0,"player_choice":"Gave Gold","damage_taken":0,"max_hp_gain":0,"max_hp_loss":0,"event_name":"Beggar","floor":21,"gold_loss":75},{"damage_healed":0,"gold_gain":0,"player_choice":"Fight","damage_taken":0,"max_hp_gain":0,"max_hp_loss":0,"event_name":"Mysterious Sphere","floor":39,"gold_loss":0}],"is_beta":false,"boss_relics":[{"not_picked":["Philosopher\u0027s Stone","Runic Dome"],"picked":"Sozu"},{"not_picked":["Orrery","Inserter"],"picked":"Astrolabe"}],"items_purged_floors":[2,22,36],"is_endless":false,"potions_floor_spawned":[1,8,11,24,28,33,37],"killed_by":"2 Orb Walkers","ascension_level":1}