{"gold_per_floor":[110,124,137,153,153,182,199,199],"floor_reached":8,"playtime":409,"items_purged":[],"score":63,"play_id":"3acae6ca-4b85-4a60-8426-f7007225ee06","local_time":"20181202201833","is_ascension_mode":true,"campfire_choices":[],"neow_cost":"NONE","seed_source_timestamp":1638368916271252,"circlet_count":0,"master_deck":["Strike_B","Strike_B","Strike_B","Strike_B","Defend_B","Defend_B","Defend_B","Defend_B","Zap+1","Dualcast","Defragment","Leap","Doom and Gloom","Loop"],"relics":["Cracked Core","Symbiotic Virus"],"potions_floor_usage":[7,8,8],"damage_taken":[{"damage":1,"enemies":"2 Louse","floor":1,"turns":2},{"damage":0,"enemies":"Small Slimes","floor":2,"turns":2},{"damage":6,"enemies":"Jaw Worm","floor":3,"turns":3},{"damage":2,"enemies":"Blue Slaver","floor":4,"turns":5},{"damage":45,"enemies":"Gremlin Nob","floor":6,"turns":5},{"damage":0,"enemies":"Gremlin Gang","floor":7,"turns":3},{"damage":25,"enemies":"3 Sentries","floor":8,"turns":6}],"seed_played":"7170106498492676774","potions_obtained":[{"floor":1,"key":"Swift Potion"},{"floor":3,"key":"Fire Potion"},{"floor":4,"key":"EssenceOfSteel"}],"is_trial":false,"path_per_floor":["M","M","M","M","?","E","M","E"],"character_chosen":"DEFECT","items_purchased":[],"campfire_rested":0,"item_purchase_floors":[],"current_hp_per_floor":[74,74,68,66,66,21,21,0],"gold":199,"neow_bonus":"UPGRADE_CARD","is_prod":false,"is_daily":false,"chose_seed":false,"campfire_upgraded":0,"win_rate":0,"timestamp":1543803513,"path_taken":["M","M","M","M","?","E","M","E"],"build_version":"2018-11-15","purchased_purges":0,"victory":false,"max_hp_per_floor":[75,75,75,75,75,75,75,75],"card_choices":[{"not_picked":["Aggregate","Capacitor"],"picked":"Defragment","floor":1},{"not_picked":["Stack","Compile Driver"],"picked":"Leap","floor":2},{"not_picked":["Streamline","Static Discharge"],"picked":"Doom and Gloom","floor":3},{"not_picked":["Streamline","Stack","Turbo"],"picked":"SKIP","floor":4},{"not_picked":["Stack","Melter"],"picked":"Loop","floor":6},{"not_picked":["FTL","Gash","Streamline"],"picked":"SKIP","floor":7}],"player_experience":171095,"relics_obtained":[{"floor":6,"key":"Symbiotic Virus"}],"event_choices":[{"damage_healed":0,"gold_gain":0,"player_choice":"Ignored","damage_taken":0,"max_hp_gain":0,"max_hp_loss":0,"event_name":"Liars Game","floor":5,"gold_loss":0}],"is_beta":false,"boss_relics":[],"items_purged_floors":[],"is_endless":false,"potions_floor_spawned":[1,3,4],"killed_by":"3 Sentries","ascension_level":1}