{"gold_per_floor":[118,118,134,148,159,188,200,200,200,200,235,235,67,82,82,82],"floor_reached":16,"playtime":833,"items_purged":[],"score":207,"play_id":"0fec8f54-45f0-4e01-98dc-f307dd12212a","local_time":"20190622191233","is_ascension_mode":true,"campfire_choices":[{"data":"Sword Boomerang","floor":8,"key":"SMITH"},{"floor":10,"key":"REST"},{"data":"Flex","floor":15,"key":"SMITH"}],"neow_cost":"NONE","seed_source_timestamp":627685737210947,"circlet_count":0,"master_deck":["AscendersBane","Strike_R","Strike_R","Strike_R","Strike_R","Strike_R","Defend_R","Defend_R","Defend_R","Defend_R","Bash+1","Flame Barrier","Feel No Pain","Heavy Blade","Sword Boomerang+1","Shrug It Off","Iron Wave","Flex+1"],"relics":["Burning Blood","Anchor","Oddly Smooth Stone","Darkstone Periapt","Frozen Egg 2","NlothsMask","Bronze Scales"],"potions_floor_usage":[5,11,16],"damage_taken":[{"damage":8,"enemies":"Cultist","floor":1,"turns":5},{"damage":1,"enemies":"2 Louse","floor":3,"turns":3},{"damage":8,"enemies":"Small Slimes","floor":4,"turns":5},{"damage":23,"enemies":"3 Louse","floor":5,"turns":5},{"damage":40,"enemies":"Gremlin Nob","floor":6,"turns":5},{"damage":3,"enemies":"Blue Slaver","floor":7,"turns":3},{"damage":20,"enemies":"Lagavulin","floor":11,"turns":4},{"damage":3,"enemies":"Red Slaver","floor":14,"turns":3},{"damage":33,"enemies":"The Guardian","floor":16,"turns":12}],"seed_played":"-220833962916329360","potions_obtained":[{"floor":3,"key":"SpeedPotion"},{"floor":6,"key":"SteroidPotion"},{"floor":7,"key":"SmokeBomb"},{"floor":11,"key":"Energy Potion"}],"is_trial":false,"path_per_floor":["M","?","M","M","M","E","M","R","T","R","E","?","$","M","R","B"],"character_chosen":"IRONCLAD","items_purchased":["Bronze Scales"],"campfire_rested":1,"item_purchase_floors":[13],"current_hp_per_floor":[66,66,71,69,52,18,21,21,21,43,29,29,29,32,32,0],"gold":82,"neow_bonus":"RANDOM_COMMON_RELIC","is_prod":false,"is_daily":false,"chose_seed":false,"campfire_upgraded":2,"win_rate":0,"timestamp":1561248753,"path_taken":["M","?","M","M","M","E","M","R","T","R","E","?","$","M","R","BOSS"],"build_version":"2019-01-23","purchased_purges":0,"victory":false,"max_hp_per_floor":[75,75,75,75,75,75,75,75,75,75,75,75,75,75,75,75],"card_choices":[{"not_picked":["True Grit","Feel No Pain"],"picked":"Flame Barrier","floor":1},{"not_picked":["Evolve","Clash"],"picked":"Feel No Pain","floor":3},{"not_picked":["Clothesline","Sever Soul"],"picked":"Heavy Blade","floor":4},{"not_picked":["Power Through","Infernal Blade"],"picked":"Sword Boomerang","floor":5},{"not_picked":["Pummel","Body Slam","Flex"],"picked":"SKIP","floor":6},{"not_picked":["Iron Wave","Whirlwind"],"picked":"Shrug It Off","floor":7},{"not_picked":["Uppercut","Offering"],"picked":"Iron Wave","floor":11},{"not_picked":["Warcry","Clash"],"picked":"Flex","floor":14}],"player_experience":630291,"relics_obtained":[{"floor":6,"key":"Oddly Smooth Stone"},{"floor":9,"key":"Darkstone Periapt"},{"floor":11,"key":"Frozen Egg 2"}],"event_choices":[{"damage_healed":0,"gold_gain":0,"player_choice":"Grow","damage_taken":0,"max_hp_gain":0,"max_hp_loss":0,"event_name":"Living Wall","floor":2,"gold_loss":0,"cards_upgraded":["Bash"]},{"damage_healed":0,"gold_gain":0,"player_choice":"Trade","damage_taken":0,"relics_obtained":["NlothsMask"],"max_hp_gain":0,"max_hp_loss":0,"event_name":"FaceTrader","floor":12,"gold_loss":0}],"is_beta":false,"boss_relics":[],"items_purged_floors":[],"is_endless":false,"potions_floor_spawned":[3,6,7,11],"killed_by":"The Guardian","ascension_level":17}