{"gold_per_floor":[117,131,146,160,110,110,123,48,48,48,74,93,111,124,124,220,220,235,246,1,1,16,16,43,53,53,328,76,91,91,191,191,293,293,310,324,324,342,306,306,306,323,376,390,390,390,403,419,419,419],"floor_reached":51,"playtime":3468,"items_purged":["Strike_R","Strike_R","Regret"],"score":700,"play_id":"c97a9b06-14c8-4865-b9b8-d5f48e004fa9","local_time":"20190121153509","is_ascension_mode":false,"campfire_choices":[{"data":"Armaments","floor":6,"key":"SMITH"},{"data":"Metallicize","floor":15,"key":"SMITH"},{"data":"Limit Break","floor":23,"key":"SMITH"},{"data":"Heavy Blade","floor":32,"key":"SMITH"},{"data":"Spot Weakness","floor":40,"key":"SMITH"},{"data":"Metallicize","floor":46,"key":"SMITH"},{"data":"Brutality","floor":49,"key":"SMITH"}],"neow_cost":"NONE","seed_source_timestamp":270761917080303,"circlet_count":0,"master_deck":["Strike_R","Defend_R","Defend_R","Defend_R","Defend_R","Bash+1","Inflame+1","Anger","Armaments+1","Metallicize+1","Clothesline","Twin Strike","Brutality+1","Sword Boomerang+1","Battle Trance+1","Limit Break+1","Spot Weakness+1","Heavy Blade+1","Intimidate","Reaper","Warcry+1","Pommel Strike+1","Metallicize+1","True Grit+1"],"relics":["Burning Blood","Unceasing Top","Dodecahedron","Velvet Choker","Ginger","Oddly Smooth Stone","Sundial","Magic Flower","Shuriken","Orrery","Centennial Puzzle"],"potions_floor_usage":[16,16,25,31,31,38,44,50,50],"damage_taken":[{"damage":6,"enemies":"2 Louse","floor":1,"turns":4},{"damage":5,"enemies":"Small Slimes","floor":2,"turns":3},{"damage":5,"enemies":"Cultist","floor":3,"turns":4},{"damage":6,"enemies":"2 Fungi Beasts","floor":4,"turns":2},{"damage":3,"enemies":"Red Slaver","floor":7,"turns":3},{"damage":19,"enemies":"Gremlin Nob","floor":11,"turns":4},{"damage":5,"enemies":"Looter","floor":12,"turns":2},{"damage":15,"enemies":"Exordium Thugs","floor":13,"turns":3},{"damage":5,"enemies":"Blue Slaver","floor":14,"turns":4},{"damage":13,"enemies":"Hexaghost","floor":16,"turns":9},{"damage":13,"enemies":"2 Thieves","floor":18,"turns":4},{"damage":1,"enemies":"Chosen","floor":19,"turns":3},{"damage":16,"enemies":"3 Cultists","floor":22,"turns":5},{"damage":16,"enemies":"Gremlin Leader","floor":24,"turns":4},{"damage":7,"enemies":"Shelled Parasite and Fungi","floor":25,"turns":4},{"damage":2,"enemies":"Snecko","floor":29,"turns":3},{"damage":15,"enemies":"Colosseum Slavers","floor":31,"turns":3},{"damage":15,"enemies":"Colosseum Nobs","floor":31,"turns":4},{"damage":35,"enemies":"Automaton","floor":33,"turns":8},{"damage":14,"enemies":"Orb Walker","floor":35,"turns":3},{"damage":25,"enemies":"3 Darklings","floor":36,"turns":5},{"damage":8,"enemies":"Sphere and 2 Shapes","floor":38,"turns":4},{"damage":42,"enemies":"4 Shapes","floor":42,"turns":6},{"damage":2,"enemies":"Spire Growth","floor":44,"turns":3},{"damage":11,"enemies":"Sphere and 2 Shapes","floor":47,"turns":5},{"damage":8,"enemies":"3 Darklings","floor":48,"turns":5},{"damage":38,"enemies":"Time Eater","floor":50,"turns":7}],"seed_played":"1658851423094172769","potions_obtained":[{"floor":2,"key":"GamblersBrew"},{"floor":7,"key":"Energy Potion"},{"floor":11,"key":"EssenceOfSteel"},{"floor":12,"key":"Block Potion"},{"floor":13,"key":"Weak Potion"},{"floor":19,"key":"EssenceOfSteel"},{"floor":25,"key":"Fire Potion"},{"floor":36,"key":"AttackPotion"},{"floor":42,"key":"Poison Potion"},{"floor":47,"key":"Strength Potion"}],"is_trial":false,"path_per_floor":["M","M","M","M","?","R","M","$","T","?","E","M","M","M","R","B",null,"M","M","$","?","M","R","E","M","T","?","$","M","$","?","R","B",null,"M","M","?","M","$","R","?","M","T","M","?","R","M","M","R","B",null],"character_chosen":"IRONCLAD","items_purchased":["Limit Break","Ancient Potion","SpeedPotion","Metallicize"],"campfire_rested":0,"item_purchase_floors":[20,28,28,39],"current_hp_per_floor":[80,80,80,80,80,80,80,80,80,80,67,68,59,60,60,53,80,73,78,78,78,68,68,58,57,57,57,57,61,61,43,43,17,80,75,80,80,80,80,80,70,70,70,80,80,80,80,80,80,80],"gold":419,"neow_bonus":"UPGRADE_CARD","is_prod":false,"is_daily":false,"chose_seed":false,"campfire_upgraded":7,"win_rate":0.0,"timestamp":1548106509,"path_taken":["M","M","M","M","?","R","M","$","T","?","E","?","M","M","R","BOSS","M","M","$","?","?","R","E","M","T","?","$","?","?","?","R","BOSS","M","M","?","?","$","R","?","M","T","M","?","R","?","M","R","BOSS"],"build_version":"2019-01-17v2","purchased_purges":3,"victory":true,"max_hp_per_floor":[80,80,80,80,80,80,80,80,80,80,80,80,80,80,80,80,80,80,80,80,80,80,80,80,80,80,80,80,80,80,80,80,80,80,80,80,80,80,80,80,80,80,80,80,80,80,80,80,80,80],"card_choices":[{"not_picked":["Iron Wave","Clash"],"picked":"Cleave","floor":1},{"not_picked":["Combust","Dropkick"],"picked":"Inflame","floor":2},{"not_picked":["Clothesline","Flex"],"picked":"Anger","floor":3},{"not_picked":["Flex","Clash"],"picked":"Armaments","floor":4},{"not_picked":["Warcry","Bludgeon"],"picked":"Metallicize","floor":7},{"not_picked":["Pommel Strike","Infernal Blade"],"picked":"Clothesline","floor":11},{"not_picked":["Heavy Blade","Warcry"],"picked":"Twin Strike","floor":12},{"not_picked":["Cleave","Clash","Blood for Blood"],"picked":"SKIP","floor":13},{"not_picked":["Heavy Blade","Hemokinesis","Dropkick"],"picked":"SKIP","floor":14},{"not_picked":["Berserk","Dark Embrace"],"picked":"Brutality","floor":16},{"not_picked":["Bloodletting+1","Shockwave"],"picked":"Sword Boomerang+1","floor":18},{"not_picked":["Thunderclap","Shrug It Off"],"picked":"Battle Trance+1","floor":19},{"not_picked":["Armaments","Seeing Red","Twin Strike"],"picked":"SKIP","floor":22},{"not_picked":["Armaments","Seeing Red","Twin Strike"],"picked":"SKIP","floor":22},{"not_picked":["True Grit","Fiend Fire","Twin Strike"],"picked":"SKIP","floor":24},{"not_picked":["True Grit","Searing Blow"],"picked":"Spot Weakness","floor":25},{"not_picked":["Iron Wave","Flex"],"picked":"Heavy Blade","floor":29},{"not_picked":["Sword Boomerang","Spot Weakness"],"picked":"Intimidate","floor":31},{"not_picked":["Limit Break","Demon Form"],"picked":"Reaper","floor":33},{"not_picked":["Clothesline+1","Cleave+1"],"picked":"Warcry+1","floor":34},{"not_picked":["Perfected Strike+1","Flex+1","Iron Wave+1"],"picked":"SKIP","floor":35},{"not_picked":["Bludgeon","Hemokinesis"],"picked":"Pommel Strike+1","floor":36},{"not_picked":["Sever Soul","Seeing Red","Combust+1"],"picked":"SKIP","floor":38},{"not_picked":["Blood for Blood","Cleave+1","Shockwave"],"picked":"SKIP","floor":42},{"not_picked":["Power Through+1","Body Slam"],"picked":"True Grit+1","floor":44},{"not_picked":["Armaments","Power Through","Flex+1"],"picked":"SKIP","floor":47},{"not_picked":["Warcry+1","Clash+1","Corruption"],"picked":"SKIP","floor":48}],"player_experience":13773,"relics_obtained":[{"floor":9,"key":"Unceasing Top"},{"floor":11,"key":"Dodecahedron"},{"floor":24,"key":"Oddly Smooth Stone"},{"floor":26,"key":"Sundial"},{"floor":31,"key":"Magic Flower"},{"floor":31,"key":"Shuriken"},{"floor":43,"key":"Centennial Puzzle"}],"event_choices":[{"cards_removed":["Strike_R"],"damage_healed":0,"gold_gain":0,"player_choice":"Card Removal","damage_taken":0,"max_hp_gain":0,"max_hp_loss":0,"event_name":"The Cleric","floor":5,"gold_loss":50},{"damage_healed":0,"gold_gain":0,"player_choice":"Upgraded","damage_taken":0,"max_hp_gain":0,"max_hp_loss":0,"event_name":"Upgrade Shrine","floor":10,"gold_loss":0,"cards_upgraded":["Inflame"]},{"damage_healed":0,"gold_gain":0,"player_choice":"Gave Potion","damage_taken":0,"relics_obtained":["Ginger"],"max_hp_gain":0,"max_hp_loss":0,"event_name":"WeMeetAgain","floor":21,"gold_loss":0},{"damage_healed":0,"gold_gain":275,"player_choice":"Desecrate","damage_taken":0,"max_hp_gain":0,"max_hp_loss":0,"event_name":"Golden Shrine","floor":27,"gold_loss":0,"cards_obtained":["Regret"]},{"damage_healed":0,"gold_gain":0,"player_choice":"Fight","damage_taken":0,"max_hp_gain":0,"max_hp_loss":0,"event_name":"Colosseum","floor":31,"gold_loss":0},{"damage_healed":0,"gold_gain":0,"player_choice":"Fought Nobs","damage_taken":0,"max_hp_gain":0,"max_hp_loss":0,"event_name":"Colosseum","floor":31,"gold_loss":0},{"cards_removed":["Strike_R"],"damage_healed":0,"gold_gain":0,"player_choice":"Offered Basic","damage_taken":0,"max_hp_gain":0,"max_hp_loss":0,"event_name":"Bonfire Elementals","floor":37,"gold_loss":0},{"damage_healed":0,"gold_gain":0,"player_choice":"Memory 3","damage_taken":10,"max_hp_gain":0,"max_hp_loss":0,"event_name":"SensoryStone","floor":41,"gold_loss":0},{"cards_removed":["Cleave"],"damage_healed":0,"gold_gain":0,"player_choice":"Removed Attack","damage_taken":0,"max_hp_gain":0,"max_hp_loss":0,"event_name":"Falling","floor":45,"gold_loss":0}],"is_beta":false,"boss_relics":[{"not_picked":["Busted Crown","Coffee Dripper"],"picked":"Velvet Choker"},{"not_picked":["Snecko Eye","Astrolabe"],"picked":"Orrery"}],"items_purged_floors":[8,20,28],"is_endless":false,"potions_floor_spawned":[2,7,11,12,13,19,25,31,36,42,47],"ascension_level":0}