{"gold_per_floor":[112,123,142,142,158,158,185,197,279,299,325,250,250,97,97,199,199,213,232,247,261,261,293,293,311,311,311,134,165,165,184,184,282,282,301,313,333,333,433,466,466,270,270,302,317,317,317,342,342,342,342,342,50,78,78],"floor_reached":55,"playtime":3841,"items_purged":["Strike_G","Defend_G","Defend_G"],"score":947,"play_id":"10b4e690-434e-4207-bd3a-968359354689","local_time":"20181203205641","is_ascension_mode":true,"campfire_choices":[{"data":"Cloak And Dagger","floor":6,"key":"SMITH"},{"data":"Footwork","floor":13,"key":"SMITH"},{"floor":15,"key":"REST"},{"data":"Backflip","floor":24,"key":"SMITH"},{"data":"Leg Sweep","floor":27,"key":"SMITH"},{"data":"Noxious Fumes","floor":30,"key":"SMITH"},{"floor":32,"key":"REST"},{"data":"A Thousand Cuts","floor":41,"key":"SMITH"},{"floor":46,"key":"RECALL"},{"data":"Infinite Blades","floor":47,"key":"SMITH"},{"floor":49,"key":"REST"},{"data":"Footwork","floor":52,"key":"SMITH"}],"neow_cost":"NONE","seed_source_timestamp":1722798633642091,"circlet_count":0,"master_deck":["Defend_G","Defend_G+1","Defend_G","Strike_G+1","Strike_G+1","Strike_G","Survivor","Neutralize+1","Backstab","Infinite Blades+1","Cloak And Dagger+1","Quick Slash","Dagger Spray","Leg Sweep+1","Footwork+1","Malaise+1","Terror+1","Blade Dance","Adrenaline+1","Backflip+1","Noxious Fumes+1","Expertise","Noxious Fumes+1","A Thousand Cuts+1","PiercingWail","Cloak And Dagger","Accuracy+1","Footwork+1","Cloak And Dagger+1","Finisher+1","Accuracy","Adrenaline"],"relics":["Ring of the Snake","Lantern","Tiny Chest","PreservedInsect","Whetstone","Sozu","Mummified Hand","Meat on the Bone","Dream Catcher","Black Star","Dead Branch","Ancient Tea Set","War Paint","StoneCalendar","WingedGreaves","Bag of Marbles","Potion Belt","Ice Cream","Vajra","Bronze Scales"],"potions_floor_usage":[36,55,55],"damage_taken":[{"damage":0,"enemies":"Cultist","floor":1,"turns":4},{"damage":0,"enemies":"Jaw Worm","floor":2,"turns":4},{"damage":0,"enemies":"Small Slimes","floor":3,"turns":3},{"damage":2,"enemies":"3 Louse","floor":5,"turns":3},{"damage":10,"enemies":"Lagavulin","floor":7,"turns":7},{"damage":7,"enemies":"Exordium Wildlife","floor":8,"turns":4},{"damage":1,"enemies":"Large Slime","floor":10,"turns":6},{"damage":39,"enemies":"Hexaghost","floor":16,"turns":17},{"damage":7,"enemies":"Spheric Guardian","floor":18,"turns":8},{"damage":0,"enemies":"Shell Parasite","floor":19,"turns":6},{"damage":3,"enemies":"Snake Plant","floor":20,"turns":7},{"damage":2,"enemies":"Snecko","floor":21,"turns":6},{"damage":13,"enemies":"Slavers","floor":23,"turns":4},{"damage":8,"enemies":"Centurion and Healer","floor":25,"turns":5},{"damage":0,"enemies":"Gremlin Leader","floor":29,"turns":5},{"damage":0,"enemies":"Sentry and Sphere","floor":31,"turns":6},{"damage":10,"enemies":"Automaton","floor":33,"turns":9},{"damage":4,"enemies":"3 Shapes","floor":35,"turns":5},{"damage":21,"enemies":"3 Darklings","floor":36,"turns":3},{"damage":0,"enemies":"Maw","floor":37,"turns":7},{"damage":1,"enemies":"Mind Bloom Boss Battle","floor":39,"turns":7},{"damage":0,"enemies":"Reptomancer","floor":40,"turns":4},{"damage":0,"enemies":"Giant Head","floor":44,"turns":3},{"damage":3,"enemies":"Jaw Worm Horde","floor":45,"turns":3},{"damage":0,"enemies":"Reptomancer","floor":48,"turns":3},{"damage":37,"enemies":"Time Eater","floor":50,"turns":12},{"damage":0,"enemies":"Shield and Spear","floor":54,"turns":4},{"damage":82,"enemies":"The Heart","floor":55,"turns":5}],"seed_played":"-101556446141976643","potions_obtained":[{"floor":1,"key":"FearPotion"},{"floor":3,"key":"Dexterity Potion"},{"floor":8,"key":"Poison Potion"},{"floor":16,"key":"Swift Potion"}],"is_trial":false,"path_per_floor":["M","M","M","?","M","R","E","M","T","M","T","$","R","$","R","B",null,"M","M","M","M","?","E","R","M","T","R","$","E","R","M","R","B",null,"M","M","M","?","?","E","R","$","T","E","M","R","R","E","R","B",null,"R","$","E","B"],"character_chosen":"THE_SILENT","items_purchased":["Whetstone","Noxious Fumes","Footwork","Ice Cream"],"campfire_rested":3,"item_purchase_floors":[14,28,42,53],"current_hp_per_floor":[77,77,77,62,60,60,50,43,43,42,42,42,42,42,65,26,77,70,70,67,65,65,52,52,44,44,44,44,44,44,44,67,57,77,73,52,52,52,51,51,51,51,51,51,48,48,48,48,71,46,77,77,77,77,0],"gold":78,"neow_bonus":"TEN_PERCENT_HP_BONUS","is_prod":false,"is_daily":false,"chose_seed":false,"campfire_upgraded":8,"win_rate":0,"timestamp":1543892201,"path_taken":["M","?","M","?","M","R","E","M","T","M","?","?","R","$","R","BOSS","M","M","M","M","?","E","R","M","T","R","$","E","R","M","R","BOSS","M","M","M","?","?","E","R","?","T","E","M","R","R","E","R","BOSS","R","$","E","BOSS"],"build_version":"2018-11-15","purchased_purges":3,"victory":false,"max_hp_per_floor":[77,77,77,77,77,77,77,77,77,77,77,77,77,77,77,77,77,77,77,77,77,77,77,77,77,77,77,77,77,77,77,77,77,77,77,77,77,77,77,77,77,77,77,77,77,77,77,77,77,77,77,77,77,77,77],"card_choices":[{"not_picked":["Heel Hook","Escape Plan"],"picked":"Backstab","floor":1},{"not_picked":["Poisoned Stab","Deflect"],"picked":"Infinite Blades","floor":2},{"not_picked":["Sucker Punch","Poisoned Stab"],"picked":"Cloak And Dagger","floor":3},{"not_picked":["Bane","Dagger Throw"],"picked":"Quick Slash","floor":5},{"not_picked":["Poisoned Stab","Infinite Blades"],"picked":"Dagger Spray","floor":7},{"not_picked":["Noxious Fumes","Crippling Poison"],"picked":"Leg Sweep","floor":8},{"not_picked":["Prepared","Dodge and Roll"],"picked":"Footwork","floor":10},{"not_picked":["Venomology","Tools of the Trade"],"picked":"Malaise","floor":16},{"not_picked":["Deflect","Eviscerate"],"picked":"Terror+1","floor":18},{"not_picked":["Dagger Spray","Bouncing Flask+1","Riddle With Holes"],"picked":"SKIP","floor":19},{"not_picked":["Leg Sweep","Dagger Throw+1"],"picked":"Blade Dance","floor":20},{"not_picked":["PiercingWail","Blade Dance"],"picked":"Adrenaline","floor":21},{"not_picked":["Dagger Throw","Well Laid Plans+1"],"picked":"Backflip","floor":23},{"not_picked":["Dodge and Roll","Outmaneuver","Crippling Poison"],"picked":"SKIP","floor":25},{"not_picked":["Reflex","Heel Hook+1"],"picked":"Expertise","floor":29},{"not_picked":["Reflex+1","Blade Dance","Dagger Spray"],"picked":"SKIP","floor":31},{"not_picked":["Catalyst+1","Blade Dance"],"picked":"Noxious Fumes+1","floor":32},{"not_picked":["Night Terror","Burst"],"picked":"A Thousand Cuts","floor":33},{"not_picked":["All Out Attack+1","Eviscerate+1","Dagger Spray"],"picked":"SKIP","floor":35},{"not_picked":["Dodge and Roll","Quick Slash+1","Bane+1"],"picked":"SKIP","floor":36},{"not_picked":["Backflip","Dash+1"],"picked":"PiercingWail","floor":37},{"not_picked":["Deflect+1","Well Laid Plans+1"],"picked":"Cloak And Dagger","floor":39},{"not_picked":["Endless Agony+1","Glass Knife"],"picked":"Accuracy+1","floor":40},{"not_picked":["Riddle With Holes+1","Poisoned Stab+1"],"picked":"Cloak And Dagger+1","floor":44},{"not_picked":["Masterful Stab","Tactician","Sucker Punch+1"],"picked":"SKIP","floor":45},{"not_picked":["Leg Sweep+1","Infinite Blades"],"picked":"Finisher+1","floor":48},{"not_picked":["Leg Sweep","Blade Dance+1"],"picked":"Accuracy","floor":49},{"not_picked":["Cloak And Dagger","Flying Knee+1"],"picked":"Adrenaline","floor":54}],"player_experience":191660,"relics_obtained":[{"floor":7,"key":"Lantern"},{"floor":9,"key":"Tiny Chest"},{"floor":11,"key":"PreservedInsect"},{"floor":23,"key":"Mummified Hand"},{"floor":26,"key":"Meat on the Bone"},{"floor":29,"key":"Dream Catcher"},{"floor":39,"key":"Dead Branch"},{"floor":40,"key":"Ancient Tea Set"},{"floor":40,"key":"War Paint"},{"floor":44,"key":"StoneCalendar"},{"floor":44,"key":"WingedGreaves"},{"floor":48,"key":"Bag of Marbles"},{"floor":48,"key":"Potion Belt"},{"floor":54,"key":"Vajra"},{"floor":54,"key":"Bronze Scales"}],"event_choices":[{"damage_healed":0,"gold_gain":0,"player_choice":"Entered Light","damage_taken":15,"max_hp_gain":0,"max_hp_loss":0,"event_name":"Shining Light","floor":4,"gold_loss":0,"cards_upgraded":["Strike_G","Defend_G"]},{"damage_healed":0,"gold_gain":0,"player_choice":"Ignored","damage_taken":0,"max_hp_gain":0,"max_hp_loss":0,"event_name":"The Mausoleum","floor":22,"gold_loss":0},{"cards_removed":["Strike_G"],"damage_healed":0,"gold_gain":0,"player_choice":"Removed Attack","damage_taken":0,"max_hp_gain":0,"max_hp_loss":0,"event_name":"Falling","floor":38,"gold_loss":0},{"damage_healed":0,"gold_gain":0,"player_choice":"Fight","damage_taken":0,"max_hp_gain":0,"max_hp_loss":0,"event_name":"MindBloom","floor":39,"gold_loss":0}],"is_beta":false,"boss_relics":[{"not_picked":["Empty Cage","Pandora\u0027s Box"],"picked":"Sozu"},{"not_picked":["Astrolabe","Runic Dome"],"picked":"Black Star"}],"items_purged_floors":[12,28,42],"is_endless":false,"potions_floor_spawned":[1,3,8,16,18,21,23,29,33,37,40,48],"killed_by":"The Heart","ascension_level":1}