{"gold_per_floor":[17,17,33,33,33,63,63,83,83,99,99,124,124,149,161,274,286,310,322,344,371,383,406,432,444],"floor_reached":25,"playtime":1032,"items_purged":[],"score":312,"play_id":"1fc22cd6-3670-4db5-b1a6-d8d731429887","local_time":"20190120200514","is_ascension_mode":true,"campfire_choices":[{"floor":7,"key":"REST"},{"floor":11,"key":"REST"},{"floor":15,"key":"REST"}],"neow_cost":"NO_GOLD","seed_source_timestamp":56428634071125,"circlet_count":0,"master_deck":["Strike_B+1","Strike_B","Strike_B","Strike_B","Defend_B","Defend_B","Defend_B","Defend_B","Zap+1","Dualcast","Ball Lightning","Coolheaded","Go for the Eyes","Rip and Tear","Sweeping Beam","Core Surge","Seek","Gash","Writhe","Cold Snap","Streamline","Decay","Multi-Cast","Compile Driver+1"],"relics":["Cracked Core","Emotion Chip","The Courier","Matryoshka","Bottled Lightning","MawBank","Gremlin Horn","Lizard Tail","Potion Belt"],"potions_floor_usage":[16,20,21],"damage_taken":[{"damage":5,"enemies":"Small Slimes","floor":1,"turns":3},{"damage":9,"enemies":"2 Louse","floor":3,"turns":2},{"damage":34,"enemies":"Gremlin Nob","floor":6,"turns":4},{"damage":0,"enemies":"Cultist","floor":8,"turns":2},{"damage":0,"enemies":"Exordium Thugs","floor":10,"turns":3},{"damage":25,"enemies":"3 Sentries","floor":12,"turns":5},{"damage":3,"enemies":"Blue Slaver","floor":14,"turns":2},{"damage":17,"enemies":"Slime Boss","floor":16,"turns":8},{"damage":17,"enemies":"Spheric Guardian","floor":18,"turns":4},{"damage":7,"enemies":"3 Byrds","floor":20,"turns":3},{"damage":34,"enemies":"Snake Plant","floor":21,"turns":3},{"damage":22,"enemies":"Sentry and Sphere","floor":23,"turns":5},{"damage":17,"enemies":"Cultist and Chosen","floor":24,"turns":6},{"damage":23,"enemies":"Centurion and Healer","floor":25,"turns":2}],"seed_played":"-5068544071335289607","potions_obtained":[{"floor":1,"key":"FairyPotion"},{"floor":12,"key":"Swift Potion"},{"floor":14,"key":"FearPotion"},{"floor":16,"key":"FearPotion"}],"is_trial":false,"path_per_floor":["M","?","M","?","?","E","R","M","T","M","R","E","T","M","R","B",null,"M","?","M","M","?","M","M","M"],"character_chosen":"DEFECT","items_purchased":[],"campfire_rested":3,"item_purchase_floors":[],"current_hp_per_floor":[63,48,39,39,39,5,27,27,27,27,49,24,24,21,43,26,63,46,46,39,5,5,37,20,0],"gold":444,"neow_bonus":"ONE_RARE_RELIC","is_prod":false,"is_daily":false,"chose_seed":false,"campfire_upgraded":0,"win_rate":0,"timestamp":1548036314,"path_taken":["M","?","M","?","?","E","R","M","T","?","R","E","?","M","R","BOSS","M","?","M","M","?","M","M","M"],"build_version":"2019-01-17v2","purchased_purges":0,"victory":false,"max_hp_per_floor":[75,75,75,75,75,75,75,75,75,75,75,75,75,75,75,75,75,75,75,75,75,75,75,75,75],"card_choices":[{"not_picked":["Heatsinks","Stack"],"picked":"Ball Lightning","floor":1},{"not_picked":["Lockon","Skim"],"picked":"Coolheaded","floor":3},{"not_picked":["Beam Cell","Compile Driver"],"picked":"Go for the Eyes","floor":6},{"not_picked":["Static Discharge","Barrage"],"picked":"Rip and Tear","floor":8},{"not_picked":["Barrage","Steam"],"picked":"Sweeping Beam","floor":10},{"not_picked":["Go for the Eyes","Reprogram","Blizzard"],"picked":"SKIP","floor":12},{"not_picked":["Steam","Hologram"],"picked":"Core Surge","floor":14},{"not_picked":["Machine Learning","Meteor Strike"],"picked":"Seek","floor":16},{"not_picked":["Redo","Go for the Eyes"],"picked":"Gash","floor":18},{"not_picked":["Rebound","Compile Driver+1"],"picked":"Cold Snap","floor":20},{"not_picked":["Turbo","Sweeping Beam+1"],"picked":"Streamline","floor":21},{"not_picked":["Compile Driver+1","Recycle"],"picked":"Multi-Cast","floor":23},{"not_picked":["Static Discharge+1","Redo"],"picked":"Compile Driver+1","floor":24}],"player_experience":454883,"relics_obtained":[{"floor":6,"key":"The Courier"},{"floor":9,"key":"Matryoshka"},{"floor":12,"key":"Bottled Lightning"},{"floor":13,"key":"MawBank"},{"floor":13,"key":"Gremlin Horn"}],"event_choices":[{"damage_healed":0,"gold_gain":0,"player_choice":"Entered Light","damage_taken":15,"max_hp_gain":0,"max_hp_loss":0,"event_name":"Shining Light","floor":2,"gold_loss":0,"cards_upgraded":["Zap","Strike_B"]},{"damage_healed":0,"gold_gain":0,"player_choice":"Leave","damage_taken":0,"max_hp_gain":0,"max_hp_loss":0,"event_name":"The Cleric","floor":4,"gold_loss":0},{"damage_healed":0,"gold_gain":0,"player_choice":"Ignored","damage_taken":0,"max_hp_gain":0,"max_hp_loss":0,"event_name":"WeMeetAgain","floor":5,"gold_loss":0},{"damage_healed":0,"gold_gain":0,"player_choice":"Opened","damage_taken":0,"relics_obtained":["Potion Belt"],"max_hp_gain":0,"max_hp_loss":0,"event_name":"The Mausoleum","floor":19,"gold_loss":0,"cards_obtained":["Writhe"]},{"damage_healed":0,"gold_gain":0,"player_choice":"Smashed Altar","damage_taken":0,"max_hp_gain":0,"max_hp_loss":0,"event_name":"Forgotten Altar","floor":22,"gold_loss":0,"cards_obtained":["Decay"]}],"is_beta":false,"boss_relics":[{"not_picked":["Tiny House","Ectoplasm"],"picked":"Lizard Tail"}],"items_purged_floors":[],"is_endless":false,"potions_floor_spawned":[1,12,14,16],"killed_by":"Centurion and Healer","ascension_level":9}