{"gold_per_floor":[118,136,146,146,156,156,9,67,91,91,107,107,55,70,70,189,189,202,216,216,240,240,240,271,285,285,300,300,215,215,234,234,234],"floor_reached":33,"playtime":1944,"items_purged":[],"score":309,"play_id":"01474dd4-b8c8-4770-bc6f-4e34244c476b","local_time":"20181215164453","is_ascension_mode":true,"campfire_choices":[{"data":"Bash","floor":6,"key":"SMITH"},{"floor":10,"key":"REST"},{"data":"Shrug It Off","floor":15,"key":"SMITH"},{"data":"Combust","floor":23,"key":"SMITH"},{"floor":28,"key":"REST"},{"floor":30,"key":"REST"},{"data":"Spot Weakness","floor":32,"key":"SMITH"}],"neow_cost":"NONE","seed_source_timestamp":305977104840487,"circlet_count":0,"master_deck":["Strike_R+1","Strike_R+1","Strike_R+1","Strike_R+1","Defend_R+1","Defend_R+1","Defend_R+1","Defend_R+1","Bash+1","Spot Weakness+1","Combust+1","Armaments","Power Through","Disarm","Flame Barrier","Shrug It Off+1","Anger","Sword Boomerang","Feed","Whirlwind","True Grit+1","Impervious","Headbutt","Shrug It Off","Pommel Strike+1"],"relics":["Burning Blood","Oddly Smooth Stone","Tiny Chest","Pen Nib","Golden Idol","Sozu","Vajra","Kunai","Orichalcum"],"potions_floor_usage":[5,16,16,16],"damage_taken":[{"damage":10,"enemies":"Small Slimes","floor":1,"turns":3},{"damage":6,"enemies":"Cultist","floor":2,"turns":4},{"damage":1,"enemies":"2 Louse","floor":3,"turns":2},{"damage":2,"enemies":"Exordium Wildlife","floor":5,"turns":4},{"damage":35,"enemies":"Lagavulin","floor":8,"turns":5},{"damage":11,"enemies":"Exordium Thugs","floor":11,"turns":6},{"damage":5,"enemies":"Blue Slaver","floor":14,"turns":4},{"damage":64,"enemies":"Slime Boss","floor":16,"turns":9},{"damage":9,"enemies":"3 Byrds","floor":18,"turns":4},{"damage":7,"enemies":"Chosen","floor":19,"turns":7},{"damage":8,"enemies":"Snake Plant","floor":21,"turns":5},{"damage":35,"enemies":"Slavers","floor":24,"turns":6},{"damage":29,"enemies":"Sentry and Sphere","floor":25,"turns":7},{"damage":12,"enemies":"Shelled Parasite and Fungi","floor":27,"turns":5},{"damage":8,"enemies":"Snecko","floor":31,"turns":6},{"damage":71,"enemies":"Collector","floor":33,"turns":10}],"seed_played":"8593191585397071410","potions_obtained":[{"floor":0,"key":"Explosive Potion"},{"floor":0,"key":"SneckoOil"},{"floor":0,"key":"Strength Potion"},{"floor":3,"key":"Fire Potion"},{"floor":8,"key":"AttackPotion"},{"floor":14,"key":"Dexterity Potion"},{"floor":16,"key":"SteroidPotion"}],"is_trial":false,"path_per_floor":["M","M","M","?","M","R","$","E","T","R","M","?","$","M","R","B",null,"M","M","?","M","?","R","E","M","T","M","R","?","R","M","R","B"],"character_chosen":"IRONCLAD","items_purchased":["Oddly Smooth Stone","Anger"],"campfire_rested":3,"item_purchase_floors":[7,13],"current_hp_per_floor":[76,76,80,80,80,80,80,51,51,75,70,70,70,71,71,13,74,74,73,73,71,71,71,46,23,23,20,45,45,70,68,68,0],"gold":234,"neow_bonus":"THREE_SMALL_POTIONS","is_prod":false,"is_daily":false,"chose_seed":false,"campfire_upgraded":4,"win_rate":0,"timestamp":1544913893,"path_taken":["M","M","M","?","M","R","$","E","T","R","?","?","$","M","R","BOSS","M","M","?","M","?","R","E","M","T","M","R","?","R","M","R","BOSS"],"build_version":"2018-12-13","purchased_purges":0,"victory":false,"max_hp_per_floor":[80,80,80,80,80,80,80,80,80,80,80,74,74,74,74,74,74,77,77,77,77,77,77,81,81,81,84,84,84,84,84,84,84],"card_choices":[{"not_picked":["Headbutt","Havoc"],"picked":"Spot Weakness","floor":1},{"not_picked":["Pommel Strike","Thunderclap"],"picked":"Combust","floor":2},{"not_picked":["Cleave","Pommel Strike"],"picked":"Armaments","floor":3},{"not_picked":["Entrench","Wild Strike"],"picked":"Disarm","floor":5},{"not_picked":["Twin Strike","Reckless Charge"],"picked":"Flame Barrier","floor":8},{"not_picked":["Thunderclap","Clothesline"],"picked":"Shrug It Off","floor":11},{"not_picked":["Wild Strike","Dropkick"],"picked":"Sword Boomerang","floor":14},{"not_picked":["Juggernaut","Double Tap"],"picked":"Feed","floor":16},{"not_picked":["Cleave","Burning Pact"],"picked":"Whirlwind","floor":18},{"not_picked":["Shockwave","Wild Strike"],"picked":"True Grit+1","floor":19},{"not_picked":["Whirlwind","Power Through","Bloodletting"],"picked":"SKIP","floor":21},{"not_picked":["Warcry","Bloodletting"],"picked":"Impervious","floor":24},{"not_picked":["Shrug It Off","Thunderclap"],"picked":"Headbutt","floor":25},{"not_picked":["Clash+1","Havoc"],"picked":"Shrug It Off","floor":27},{"not_picked":["Dual Wield","Uppercut"],"picked":"Pommel Strike+1","floor":31}],"player_experience":289540,"relics_obtained":[{"floor":8,"key":"Tiny Chest"},{"floor":9,"key":"Pen Nib"},{"floor":24,"key":"Vajra"},{"floor":26,"key":"Kunai"}],"event_choices":[{"damage_healed":0,"gold_gain":0,"cards_transformed":["Strike_R"],"player_choice":"Transformed","damage_taken":0,"max_hp_gain":0,"max_hp_loss":0,"event_name":"Transmorgrifier","floor":4,"gold_loss":0,"cards_obtained":["Power Through"]},{"damage_healed":0,"gold_gain":0,"player_choice":"Lose Max HP","damage_taken":0,"relics_obtained":["Golden Idol"],"max_hp_gain":0,"max_hp_loss":6,"event_name":"Golden Idol","floor":12,"gold_loss":0},{"damage_healed":0,"gold_gain":0,"player_choice":"Simplicity","damage_taken":0,"max_hp_gain":0,"max_hp_loss":0,"event_name":"Back to Basics","floor":20,"gold_loss":0,"cards_upgraded":["Strike_R","Strike_R","Strike_R","Strike_R","Defend_R","Defend_R","Defend_R","Defend_R"]},{"damage_healed":0,"gold_gain":0,"player_choice":"Ignored","damage_taken":0,"max_hp_gain":0,"max_hp_loss":0,"event_name":"Ghosts","floor":22,"gold_loss":0},{"damage_healed":0,"gold_gain":0,"player_choice":"Obtained Relic","damage_taken":0,"relics_obtained":["Orichalcum"],"max_hp_gain":0,"max_hp_loss":0,"event_name":"Addict","floor":29,"gold_loss":85}],"is_beta":false,"boss_relics":[{"not_picked":["Astrolabe","Tiny House"],"picked":"Sozu"}],"items_purged_floors":[],"is_endless":false,"potions_floor_spawned":[3,8,14,16,21,25,27],"killed_by":"Collector","ascension_level":3}