{"gold_per_floor":[110,185,203,223,234,234,265,285,285,296,307,327,327,338,338,338],"floor_reached":16,"playtime":1126,"items_purged":[],"score":113,"play_id":"22c83562-8846-4a1f-bfe2-b1fdebc17c9a","local_time":"20181206184046","is_ascension_mode":true,"campfire_choices":[{"data":"Beam Cell","floor":6,"key":"SMITH"},{"data":"Go for the Eyes","floor":13,"key":"SMITH"},{"data":"Leap","floor":15,"key":"SMITH"}],"neow_cost":"NONE","seed_source_timestamp":1977365833662827,"circlet_count":0,"master_deck":["Strike_B","Strike_B","Strike_B","Strike_B","Defend_B","Defend_B","Defend_B","Defend_B","Zap","Dualcast","Gash","Leap+1","Beam Cell+1","Leap","Leap","Go for the Eyes+1","Reprogram"],"special_seed":0,"relics":["Runic Pyramid","Dream Catcher"],"potions_floor_usage":[7,16],"damage_taken":[{"damage":5.0,"enemies":"Jaw Worm","floor":1.0,"turns":4.0},{"damage":1,"enemies":"Cultist","floor":3,"turns":4},{"damage":5,"enemies":"Small Slimes","floor":4,"turns":3},{"damage":3,"enemies":"Red Slaver","floor":5,"turns":5},{"damage":4,"enemies":"3 Sentries","floor":7,"turns":7},{"damage":2,"enemies":"Blue Slaver","floor":8,"turns":4},{"damage":0,"enemies":"3 Louse","floor":10,"turns":6},{"damage":0,"enemies":"Large Slime","floor":11,"turns":6},{"damage":0,"enemies":"2 Fungi Beasts","floor":12,"turns":4},{"damage":11,"enemies":"Exordium Wildlife","floor":14,"turns":5},{"damage":33,"enemies":"Slime Boss","floor":16,"turns":13}],"seed_played":"-8668503349946807059","potions_obtained":[{"floor":5,"key":"AttackPotion"},{"floor":7,"key":"GamblersBrew"},{"floor":10,"key":"Fire Potion"},{"floor":12,"key":"Swift Potion"}],"is_trial":false,"path_per_floor":["M","?","M","M","M","R","E","M","T","M","M","M","R","M","R","B"],"character_chosen":"DEFECT","items_purchased":[],"campfire_rested":0,"item_purchase_floors":[],"current_hp_per_floor":[70,63,62,57,54,54,50,48,48,48,48,48,48,37,37,4],"gold":338,"neow_bonus":"BOSS_RELIC","is_prod":false,"is_daily":false,"chose_seed":false,"campfire_upgraded":3,"win_rate":0,"timestamp":1544143246,"path_taken":["M","?","?","M","M","R","E","M","T","M","M","M","R","?","R","BOSS"],"build_version":"2018-11-15","purchased_purges":0,"victory":false,"max_hp_per_floor":[75,75,75,75,75,75,75,75,75,75,75,75,75,75,75,75],"card_choices":[{"not_picked":["Ball Lightning","Static Discharge"],"picked":"Gash","floor":1.0},{"not_picked":["Steam","Capacitor","Redo"],"picked":"SKIP","floor":3},{"not_picked":["Redo","Barrage"],"picked":"Leap","floor":4},{"not_picked":["Recycle","Leap"],"picked":"Beam Cell","floor":5},{"not_picked":["Electrodynamics","Compile Driver"],"picked":"Leap","floor":7},{"not_picked":["Conserve Battery","Compile Driver"],"picked":"Leap","floor":8},{"not_picked":["Aggregate","Reinforced Body"],"picked":"Go for the Eyes","floor":10},{"not_picked":["Tempest","Turbo"],"picked":"Reprogram","floor":11},{"not_picked":["Streamline","Conserve Battery","Sweeping Beam"],"picked":"SKIP","floor":12},{"not_picked":["Go for the Eyes","Reinforced Body","Tempest"],"picked":"SKIP","floor":14}],"player_experience":239779,"relics_obtained":[{"floor":7,"key":"Dream Catcher"}],"event_choices":[{"damage_healed":0,"gold_gain":75,"player_choice":"Touch","damage_taken":7,"max_hp_gain":0,"max_hp_loss":0,"event_name":"FaceTrader","floor":2,"gold_loss":0}],"is_beta":false,"boss_relics":[],"items_purged_floors":[],"is_endless":false,"potions_floor_spawned":[5,7,10,12,14],"killed_by":"Slime Boss","ascension_level":1}