{"gold_per_floor":[213,138,138,155,168,195,195,209,209,224,251,5,5,16,16,111,111,123,136,236,28,39,74,74,74,123,136,11,11,11,42,42,42],"floor_reached":33,"playtime":3249,"items_purged":["Strike_R","Defend_R","Injury"],"score":295,"play_id":"182b2de0-a271-4892-82dd-89c5399ae993","local_time":"20181123170818","is_ascension_mode":false,"campfire_choices":[{"data":"Shrug It Off","floor":7,"key":"SMITH"},{"data":"Iron Wave","floor":13,"key":"SMITH"},{"data":"Iron Wave","floor":15,"key":"SMITH"},{"data":"Shrug It Off","floor":24,"key":"SMITH"},{"floor":29,"key":"REST"},{"floor":32,"key":"REST"}],"neow_cost":"NONE","seed_source_timestamp":846509231371816,"circlet_count":0,"master_deck":["Strike_R","Strike_R","Strike_R","Strike_R","Defend_R","Defend_R","Defend_R","Bash","Anger+1","Shrug It Off+1","Twin Strike","Clash","Iron Wave+1","Disarm","Shrug It Off+1","Iron Wave+1","Reaper","Headbutt","Inflame","Deflect+1","Acrobatics","Dash"],"relics":["Burning Blood","Centennial Puzzle","Mercury Hourglass","WingedGreaves","Bag of Marbles","Cursed Key","PrismaticShard","Oddly Smooth Stone","Pen Nib","Toxic Egg 2"],"potions_floor_usage":[6,11,16,23,27,31,33],"damage_taken":[{"damage":2,"enemies":"2 Louse","floor":1,"turns":3},{"damage":2,"enemies":"Small Slimes","floor":4,"turns":3},{"damage":0,"enemies":"Cultist","floor":5,"turns":4},{"damage":18,"enemies":"Lagavulin","floor":6,"turns":5},{"damage":5,"enemies":"Looter","floor":8,"turns":3},{"damage":0,"enemies":"Blue Slaver","floor":10,"turns":3},{"damage":17,"enemies":"3 Sentries","floor":11,"turns":6},{"damage":2,"enemies":"Large Slime","floor":14,"turns":4},{"damage":24,"enemies":"Slime Boss","floor":16,"turns":9},{"damage":1,"enemies":"Shell Parasite","floor":18,"turns":4},{"damage":9,"enemies":"Spheric Guardian","floor":19,"turns":4},{"damage":5,"enemies":"3 Cultists","floor":22,"turns":5},{"damage":21,"enemies":"Slavers","floor":23,"turns":5},{"damage":22,"enemies":"Snecko","floor":27,"turns":7},{"damage":18,"enemies":"Book of Stabbing","floor":31,"turns":6},{"damage":98,"enemies":"Collector","floor":33,"turns":10}],"seed_played":"798922380782961148","potions_obtained":[{"floor":1,"key":"FearPotion"},{"floor":8,"key":"SkillPotion"},{"floor":14,"key":"LiquidBronze"},{"floor":16,"key":"Dexterity Potion"},{"floor":22,"key":"Explosive Potion"},{"floor":23,"key":"SkillPotion"},{"floor":27,"key":"PowerPotion"}],"is_trial":false,"path_per_floor":["M","$","?","M","M","E","R","M","T","M","E","$","R","M","R","B",null,"M","M","?","$","M","E","R","$","T","M","$","R","?","E","R","B"],"character_chosen":"IRONCLAD","items_purchased":["Bag of Marbles","PrismaticShard"],"campfire_rested":2,"item_purchase_floors":[12,21],"current_hp_per_floor":[80,80,80,80,80,68,68,69,69,75,64,64,64,68,68,50,80,80,77,77,77,78,63,63,63,63,47,47,71,56,50,75,0],"gold":42,"neow_bonus":"HUNDRED_GOLD","is_prod":false,"is_daily":false,"chose_seed":false,"campfire_upgraded":4,"win_rate":0.0,"timestamp":1543014498,"path_taken":["M","$","?","M","M","E","R","M","T","M","E","$","R","M","R","BOSS","M","M","?","$","M","E","R","?","T","M","$","R","?","E","R","BOSS"],"build_version":"2018-11-15","purchased_purges":3,"victory":false,"max_hp_per_floor":[80,80,80,80,80,80,80,80,80,80,80,80,80,80,80,80,80,80,80,80,80,80,80,80,80,80,80,80,80,85,85,85,85],"card_choices":[{"not_picked":["Perfected Strike","Warcry"],"picked":"Anger","floor":1},{"not_picked":["True Grit","Clothesline"],"picked":"Shrug It Off","floor":4},{"not_picked":["Intimidate","Body Slam"],"picked":"Twin Strike","floor":5},{"not_picked":["Warcry","Bludgeon"],"picked":"Clash","floor":6},{"not_picked":["Headbutt","Blood for Blood"],"picked":"Iron Wave","floor":8},{"not_picked":["Blood for Blood","Warcry"],"picked":"Disarm","floor":10},{"not_picked":["Rampage","Twin Strike"],"picked":"Shrug It Off","floor":11},{"not_picked":["Spot Weakness","Sword Boomerang"],"picked":"Iron Wave","floor":14},{"not_picked":["Double Tap","Limit Break"],"picked":"Reaper","floor":16},{"not_picked":["Dual Wield","Disarm+1","Clothesline"],"picked":"SKIP","floor":18},{"not_picked":["Pommel Strike","Burning Pact"],"picked":"Headbutt","floor":19},{"not_picked":["Intimidate","Stack"],"picked":"Inflame","floor":22},{"not_picked":["Force Field","Steam"],"picked":"Deflect+1","floor":23},{"not_picked":["Turbo+1","Blade Dance"],"picked":"Acrobatics","floor":27},{"not_picked":["Crippling Poison+1","Fiend Fire"],"picked":"Dash","floor":31}],"player_experience":52560,"relics_obtained":[{"floor":6,"key":"Centennial Puzzle"},{"floor":9,"key":"Mercury Hourglass"},{"floor":11,"key":"WingedGreaves"},{"floor":23,"key":"Oddly Smooth Stone"},{"floor":26,"key":"Pen Nib"},{"floor":31,"key":"Toxic Egg 2"}],"event_choices":[{"damage_healed":0,"gold_gain":0,"player_choice":"Grow","damage_taken":0,"max_hp_gain":0,"max_hp_loss":0,"event_name":"Living Wall","floor":3,"gold_loss":0,"cards_upgraded":["Anger"]},{"damage_healed":0,"gold_gain":100,"player_choice":"Pray","damage_taken":0,"max_hp_gain":0,"max_hp_loss":0,"event_name":"Golden Shrine","floor":20,"gold_loss":0},{"damage_healed":0,"gold_gain":0,"player_choice":"Shed Blood","damage_taken":20,"max_hp_gain":5,"max_hp_loss":0,"event_name":"Forgotten Altar","floor":30,"gold_loss":0}],"is_beta":false,"boss_relics":[{"not_picked":["Astrolabe","Ectoplasm"],"picked":"Cursed Key"}],"items_purged_floors":[2,12,28],"is_endless":false,"potions_floor_spawned":[1,8,14,16,22,23,27],"killed_by":"Collector","ascension_level":0}