{"gold_per_floor":[116,128,128,148,96,131,150,150,203,216,216,244,319,319,319,443,443,466,482,482,482,482,482,482],"floor_reached":24,"playtime":1704,"items_purged":[],"score":229,"play_id":"4720c7cb-1793-4562-91dc-acbf3faa5534","local_time":"20181128212747","is_ascension_mode":false,"campfire_choices":[{"data":"Glacier","floor":8,"key":"SMITH"},{"floor":15,"key":"REST"},{"floor":23,"key":"REST"}],"neow_cost":"NONE","seed_source_timestamp":1295623611136782,"circlet_count":0,"master_deck":["Strike_B","Strike_B","Strike_B","Strike_B","Defend_B","Defend_B","Defend_B","Defend_B","Zap+1","Dualcast","Conserve Battery","White Noise","Coolheaded","Gash","Glacier+1","Steam","Blizzard","Seek","Leap","Barrage"],"relics":["Cracked Core","Omamori","Frozen Egg 2","Smiling Mask","DataDisk","Golden Idol","Nuclear Battery","Enchiridion"],"potions_floor_usage":[10,12,12,19],"damage_taken":[{"damage":7,"enemies":"Small Slimes","floor":1,"turns":3},{"damage":1,"enemies":"Jaw Worm","floor":2,"turns":4},{"damage":2,"enemies":"2 Louse","floor":4,"turns":2},{"damage":26,"enemies":"Lagavulin","floor":6,"turns":9},{"damage":5,"enemies":"Looter","floor":7,"turns":4},{"damage":6,"enemies":"3 Louse","floor":10,"turns":5},{"damage":0,"enemies":"3 Sentries","floor":12,"turns":10},{"damage":15,"enemies":"The Guardian","floor":16,"turns":18},{"damage":2,"enemies":"Shell Parasite","floor":18,"turns":8},{"damage":18,"enemies":"3 Byrds","floor":19,"turns":6},{"damage":24,"enemies":"Colosseum Slavers","floor":20,"turns":6},{"damage":40,"enemies":"Gremlin Leader","floor":24,"turns":8}],"seed_played":"-1006547442138817926","potions_obtained":[{"floor":1,"key":"LiquidBronze"},{"floor":2,"key":"AttackPotion"},{"floor":7,"key":"GamblersBrew"},{"floor":10,"key":"Block Potion"}],"is_trial":false,"path_per_floor":["M","M","?","M","$","E","M","R","T","M","?","E","?","?","R","B",null,"M","M","?","?","?","R","E"],"character_chosen":"DEFECT","items_purchased":["Coolheaded"],"campfire_rested":2,"item_purchase_floors":[5],"current_hp_per_floor":[68,67,67,65,65,39,34,34,34,28,28,28,17,17,39,24,75,73,55,31,31,15,37,0],"gold":482,"neow_bonus":"RANDOM_COMMON_RELIC","is_prod":false,"is_daily":false,"chose_seed":false,"campfire_upgraded":1,"win_rate":0,"timestamp":1543462067,"path_taken":["M","M","?","M","$","E","M","R","T","M","?","E","?","?","R","BOSS","M","M","?","?","?","R","E"],"build_version":"2018-11-15","purchased_purges":0,"victory":false,"max_hp_per_floor":[75,75,75,75,75,75,75,75,75,75,75,75,75,75,75,75,75,75,75,75,75,75,75,75],"card_choices":[{"not_picked":["Undo","Stack","Turbo"],"picked":"SKIP","floor":1},{"not_picked":["BootSequence","Barrage"],"picked":"Conserve Battery","floor":2},{"not_picked":["Stack","Barrage"],"picked":"White Noise","floor":4},{"not_picked":["Reprogram","Darkness"],"picked":"Gash","floor":6},{"not_picked":["Redo","Hello World+1"],"picked":"Glacier","floor":7},{"not_picked":["Redo","Rebound"],"picked":"Steam","floor":10},{"not_picked":["Double Energy","Barrage"],"picked":"Blizzard","floor":12},{"not_picked":["Rainbow","Multi-Cast"],"picked":"Seek","floor":16},{"not_picked":["Self Repair+1","Steam"],"picked":"Leap","floor":18},{"not_picked":["Rebound","Undo+1"],"picked":"Barrage","floor":19}],"player_experience":139381,"relics_obtained":[{"floor":6,"key":"Frozen Egg 2"},{"floor":9,"key":"Smiling Mask"},{"floor":12,"key":"DataDisk"},{"floor":22,"key":"Enchiridion"}],"event_choices":[{"damage_healed":0,"gold_gain":0,"player_choice":"Leave","damage_taken":0,"max_hp_gain":0,"max_hp_loss":0,"event_name":"The Cleric","floor":3,"gold_loss":0},{"damage_healed":0,"gold_gain":0,"player_choice":"Grow","damage_taken":0,"max_hp_gain":0,"max_hp_loss":0,"event_name":"Living Wall","floor":11,"gold_loss":0,"cards_upgraded":["Zap"]},{"damage_healed":0,"gold_gain":75,"player_choice":"Gather Gold","damage_taken":11,"max_hp_gain":0,"max_hp_loss":0,"event_name":"World of Goop","floor":13,"gold_loss":0},{"damage_healed":0,"gold_gain":0,"player_choice":"Take Wound","damage_taken":0,"relics_obtained":["Golden Idol"],"max_hp_gain":0,"max_hp_loss":0,"event_name":"Golden Idol","floor":14,"gold_loss":0,"cards_obtained":["Injury"]},{"damage_healed":0,"gold_gain":0,"player_choice":"Fight","damage_taken":0,"max_hp_gain":0,"max_hp_loss":0,"event_name":"Colosseum","floor":20,"gold_loss":0},{"damage_healed":0,"gold_gain":0,"player_choice":"Fled From Nobs","damage_taken":0,"max_hp_gain":0,"max_hp_loss":0,"event_name":"Colosseum","floor":20,"gold_loss":0},{"damage_healed":0,"gold_gain":0,"player_choice":"Ignored","damage_taken":0,"max_hp_gain":0,"max_hp_loss":0,"event_name":"Ghosts","floor":21,"gold_loss":0},{"damage_healed":0,"gold_gain":0,"player_choice":"Obtained Book","damage_taken":16,"max_hp_gain":0,"max_hp_loss":0,"event_name":"Cursed Tome","floor":22,"gold_loss":0}],"is_beta":false,"boss_relics":[{"not_picked":["Eternal Feather","Fusion Hammer"],"picked":"Nuclear Battery"}],"items_purged_floors":[],"is_endless":false,"potions_floor_spawned":[1,2,7,10],"killed_by":"Gremlin Leader","ascension_level":0}