{"gold_per_floor":[119,134,62,81,81,81,116,116,116,148,158,173,173,188,188,188],"floor_reached":16,"playtime":1158,"items_purged":[],"score":123,"play_id":"b15de17e-b13b-4901-b133-f58b4519960d","local_time":"20191011113546","is_ascension_mode":true,"campfire_choices":[{"data":"Seeing Red","floor":6,"key":"SMITH"},{"floor":8,"key":"REST"},{"floor":13,"key":"REST"},{"floor":15,"key":"REST"}],"neow_cost":"NONE","seed_source_timestamp":137481015835900,"circlet_count":0,"master_deck":["Strike_R","Strike_R","Strike_R","Strike_R","Strike_R","Defend_R","Defend_R","Defend_R","Defend_R","Bash","Sever Soul","Corruption+1","Seeing Red+1","Headbutt","Clash"],"relics":["Burning Blood","Centennial Puzzle","Frozen Egg 2","Dream Catcher","Letter Opener"],"potions_floor_usage":[16,16],"damage_taken":[{"damage":6,"enemies":"Cultist","floor":1,"turns":3},{"damage":0,"enemies":"Small Slimes","floor":2,"turns":3},{"damage":23,"enemies":"Jaw Worm","floor":4,"turns":4},{"damage":28,"enemies":"Gremlin Nob","floor":7,"turns":4},{"damage":39,"enemies":"Lagavulin","floor":10,"turns":7},{"damage":28,"enemies":"Large Slime","floor":11,"turns":5},{"damage":3,"enemies":"Exordium Wildlife","floor":12,"turns":3},{"damage":1,"enemies":"2 Fungi Beasts","floor":14,"turns":2},{"damage":74,"enemies":"Slime Boss","floor":16,"turns":8}],"seed_played":"-4975104320105865524","potions_obtained":[{"floor":1,"key":"PowerPotion"},{"floor":4,"key":"GamblersBrew"},{"floor":11,"key":"PowerPotion"},{"floor":14,"key":"Energy Potion"}],"is_trial":false,"path_per_floor":["M","M","$","M","?","R","E","R","T","E","M","M","R","M","R","B"],"character_chosen":"IRONCLAD","items_purchased":["Corruption"],"campfire_rested":3,"item_purchase_floors":[3],"current_hp_per_floor":[80,80,80,63,63,63,41,65,65,32,10,13,37,42,66,0],"gold":188,"neow_bonus":"RANDOM_COMMON_RELIC","is_prod":false,"is_daily":false,"chose_seed":false,"campfire_upgraded":1,"win_rate":0,"timestamp":1570808146,"path_taken":["M","M","?","M","?","R","E","R","T","E","M","M","R","?","R","BOSS"],"build_version":"2019-07-17","purchased_purges":0,"victory":false,"max_hp_per_floor":[80,80,80,80,80,80,80,80,80,80,80,80,80,80,80,80],"card_choices":[{"not_picked":["Metallicize","Wild Strike","Corruption"],"picked":"SKIP","floor":1},{"not_picked":["Sword Boomerang","Shrug It Off"],"picked":"Sever Soul","floor":2},{"not_picked":["Wild Strike","Clothesline"],"picked":"Seeing Red","floor":4},{"not_picked":["Sword Boomerang","Reckless Charge","Twin Strike"],"picked":"SKIP","floor":7},{"not_picked":["Brutality+1","Anger"],"picked":"Headbutt","floor":10},{"not_picked":["Metallicize+1","Wild Strike","Thunderclap"],"picked":"SKIP","floor":11},{"not_picked":["Blood for Blood","Combust+1","Clothesline"],"picked":"SKIP","floor":12},{"not_picked":["Battle Trance","Power Through"],"picked":"Clash","floor":13},{"not_picked":["Bloodletting","Intimidate","Cleave"],"picked":"SKIP","floor":14}],"player_experience":124647,"relics_obtained":[{"floor":7,"key":"Frozen Egg 2"},{"floor":9,"key":"Dream Catcher"},{"floor":10,"key":"Letter Opener"}],"event_choices":[{"damage_healed":0,"gold_gain":0,"player_choice":"Upgraded","damage_taken":0,"max_hp_gain":0,"max_hp_loss":0,"event_name":"Upgrade Shrine","floor":5,"gold_loss":0,"cards_upgraded":["Corruption"]}],"is_beta":false,"boss_relics":[],"items_purged_floors":[],"is_endless":false,"potions_floor_spawned":[1,4,11,14],"killed_by":"Slime Boss","ascension_level":2}