{"gold_per_floor":[161,179,179,192,39,39,67,78,78,106,157,173,173,173,173,275,275,287,287,306,323,238,238,271,271,271,22,22,32,47,66,66,167,167,187,187,204,220,231,231],"floor_reached":40,"playtime":2906,"items_purged":["Decay","Strike_G+1"],"score":462,"play_id":"67342ee1-12a6-40f2-b20f-39c5e8aae605","local_time":"20181212131250","is_ascension_mode":true,"campfire_choices":[{"data":"Terror","floor":6,"key":"SMITH"},{"data":"Dodge and Roll","floor":13,"key":"SMITH"},{"floor":15,"key":"REST"},{"data":"Noxious Fumes","floor":23,"key":"SMITH"},{"floor":25,"key":"REST"},{"floor":32,"key":"REST"}],"neow_cost":"NONE","seed_source_timestamp":33093944848231,"circlet_count":0,"master_deck":["Defend_G+1","Defend_G","Defend_G","Defend_G","Defend_G","Strike_G","Strike_G+1","Strike_G","Strike_G","Survivor","Neutralize","Dagger Spray","Bouncing Flask","Terror+1","Deadly Poison","Noxious Fumes+1","Dodge and Roll+1","Deflect","Leg Sweep","Envenom+1","Deadly Poison","PiercingWail+1","Prepared+1","Wraith Form v2+1","Deadly Poison","Storm of Steel","Acrobatics","Writhe","Expertise+1","Outmaneuver"],"relics":["Tiny House","Smiling Mask","Frozen Egg 2","Vajra","Runic Pyramid","Letter Opener","Darkstone Periapt","Whetstone","Medical Kit","Nloth\u0027s Gift","HoveringKite"],"potions_floor_usage":[8,8,18,24,37,39,39,40,40],"damage_taken":[{"damage":0,"enemies":"Cultist","floor":1,"turns":4},{"damage":0,"enemies":"Small Slimes","floor":2,"turns":3},{"damage":1,"enemies":"Jaw Worm","floor":4,"turns":3},{"damage":13,"enemies":"Lagavulin","floor":7,"turns":5},{"damage":7,"enemies":"Large Slime","floor":8,"turns":5},{"damage":13,"enemies":"3 Sentries","floor":10,"turns":7},{"damage":3,"enemies":"2 Fungi Beasts","floor":12,"turns":3},{"damage":29,"enemies":"Hexaghost","floor":16,"turns":11},{"damage":4,"enemies":"3 Byrds","floor":18,"turns":4},{"damage":1,"enemies":"Chosen","floor":20,"turns":5},{"damage":20,"enemies":"Snake Plant","floor":21,"turns":6},{"damage":27,"enemies":"Gremlin Leader","floor":24,"turns":8},{"damage":22,"enemies":"Centurion and Healer","floor":29,"turns":5},{"damage":0,"enemies":"3 Cultists","floor":30,"turns":5},{"damage":6,"enemies":"Cultist and Chosen","floor":31,"turns":5},{"damage":20,"enemies":"Champ","floor":33,"turns":13},{"damage":24,"enemies":"Orb Walker","floor":35,"turns":6},{"damage":7,"enemies":"3 Shapes","floor":37,"turns":5},{"damage":25,"enemies":"Maw","floor":38,"turns":9},{"damage":41,"enemies":"Writhing Mass","floor":39,"turns":7},{"damage":15,"enemies":"Reptomancer","floor":40,"turns":6}],"seed_played":"918010882540849599","potions_obtained":[{"floor":0,"key":"Fire Potion"},{"floor":2,"key":"Weak Potion"},{"floor":7,"key":"PowerPotion"},{"floor":12,"key":"GamblersBrew"},{"floor":18,"key":"Energy Potion"},{"floor":24,"key":"FearPotion"},{"floor":29,"key":"Fire Potion"},{"floor":38,"key":"Poison Potion"},{"floor":39,"key":"Strength Potion"}],"is_trial":false,"path_per_floor":["M","M","?","M","$","R","E","M","T","E","T","M","R","?","R","B",null,"M","?","M","M","?","R","E","R","T","$","?","M","M","M","R","B",null,"M","?","M","M","M","E"],"character_chosen":"THE_SILENT","items_purchased":["Noxious Fumes","Medical Kit"],"campfire_rested":3,"item_purchase_floors":[5,27],"current_hp_per_floor":[75,75,75,74,74,74,61,54,54,41,41,38,38,38,60,31,75,71,71,70,50,50,50,23,45,45,45,45,23,23,17,39,19,75,51,76,69,44,3,0],"gold":231,"neow_bonus":"BOSS_RELIC","is_prod":false,"is_daily":false,"chose_seed":false,"campfire_upgraded":3,"win_rate":0,"timestamp":1544641970,"path_taken":["M","?","?","M","?","R","E","M","T","E","?","M","R","?","R","BOSS","M","?","M","M","?","R","E","R","T","$","?","?","M","M","R","BOSS","M","?","M","M","M","E"],"build_version":"2018-12-06","purchased_purges":2,"victory":false,"max_hp_per_floor":[75,75,75,75,75,75,75,75,75,75,75,75,75,75,75,75,75,75,75,75,75,75,75,75,75,75,75,75,75,75,75,75,75,75,75,81,81,81,81,81],"card_choices":[{"not_picked":["Cloak And Dagger","Blade Dance"],"picked":"Dagger Spray","floor":0},{"not_picked":["Heel Hook","Cloak And Dagger"],"picked":"Bouncing Flask","floor":1},{"not_picked":["Eviscerate","Dagger Spray"],"picked":"Terror","floor":2},{"not_picked":["Cloak And Dagger","Tactician"],"picked":"Deadly Poison","floor":4},{"not_picked":["Acrobatics","Predator","Slice"],"picked":"SKIP","floor":7},{"not_picked":["Backstab","Blade Dance"],"picked":"Dodge and Roll","floor":8},{"not_picked":["Caltrops","Blade Dance"],"picked":"Deflect","floor":10},{"not_picked":["Backflip","Riddle With Holes"],"picked":"Leg Sweep","floor":12},{"not_picked":["Venomology","Tools of the Trade+1"],"picked":"Envenom+1","floor":16},{"not_picked":["Bane","Finisher"],"picked":"Deadly Poison","floor":18},{"not_picked":["Flying Knee","Crippling Poison+1","Dagger Throw"],"picked":"SKIP","floor":20},{"not_picked":["Flying Knee+1","Flechettes"],"picked":"PiercingWail+1","floor":21},{"not_picked":["Flying Knee+1","Crippling Poison"],"picked":"Prepared+1","floor":24},{"not_picked":["Sucker Punch","Caltrops+1"],"picked":"Wraith Form v2+1","floor":29},{"not_picked":["Dagger Throw","Flying Knee","Poisoned Stab+1"],"picked":"SKIP","floor":30},{"not_picked":["Sucker Punch","Poisoned Stab"],"picked":"Deadly Poison","floor":31},{"not_picked":["Adrenaline","After Image+1"],"picked":"Storm of Steel","floor":33},{"not_picked":["PiercingWail","Crippling Poison+1"],"picked":"Acrobatics","floor":35},{"not_picked":["Dodge and Roll+1","Backflip"],"picked":"Expertise+1","floor":37},{"not_picked":["Deadly Poison","Envenom+1"],"picked":"Outmaneuver","floor":38},{"not_picked":["Predator+1","Dagger Spray+1","Quick Slash"],"picked":"SKIP","floor":39}],"player_experience":277728,"relics_obtained":[{"floor":7,"key":"Smiling Mask"},{"floor":9,"key":"Orichalcum"},{"floor":10,"key":"Frozen Egg 2"},{"floor":11,"key":"Vajra"},{"floor":24,"key":"Darkstone Periapt"},{"floor":26,"key":"Whetstone"}],"event_choices":[{"damage_healed":0,"gold_gain":0,"player_choice":"Cursed","damage_taken":0,"max_hp_gain":0,"max_hp_loss":0,"event_name":"Wheel of Change","floor":3,"gold_loss":0,"cards_obtained":["Decay"]},{"damage_healed":0,"gold_gain":0,"player_choice":"Ignored","damage_taken":0,"max_hp_gain":0,"max_hp_loss":0,"event_name":"Liars Game","floor":14,"gold_loss":0},{"damage_healed":0,"gold_gain":0,"player_choice":"Ignored","damage_taken":0,"max_hp_gain":0,"max_hp_loss":0,"event_name":"Ghosts","floor":19,"gold_loss":0},{"damage_healed":0,"gold_gain":0,"player_choice":"Obtained Relic","damage_taken":0,"relics_obtained":["Letter Opener"],"max_hp_gain":0,"max_hp_loss":0,"event_name":"Addict","floor":22,"gold_loss":85},{"damage_healed":0,"gold_gain":0,"player_choice":"Traded Relic","damage_taken":0,"relics_obtained":["Nloth\u0027s Gift"],"max_hp_gain":0,"max_hp_loss":0,"event_name":"N\u0027loth","floor":28,"relics_lost":["Orichalcum"],"gold_loss":0},{"damage_healed":19,"gold_gain":0,"player_choice":"Writhe","damage_taken":0,"max_hp_gain":0,"max_hp_loss":0,"event_name":"Winding Halls","floor":36,"gold_loss":0,"cards_obtained":["Writhe"]}],"is_beta":false,"boss_relics":[{"not_picked":["Astrolabe","Black Star"],"picked":"Runic Pyramid"},{"not_picked":["Calling Bell","Pandora\u0027s Box"],"picked":"HoveringKite"}],"items_purged_floors":[5,27],"is_endless":false,"potions_floor_spawned":[2,7,12,18,24,29,31,38,39],"killed_by":"Reptomancer","ascension_level":2}