{"gold_per_floor":[109,126,126,145,145,145,180,180,204,154,154,70,70,89,89,184,184,201,201,216,229,229,229,229],"floor_reached":24,"playtime":1097,"items_purged":[],"score":233,"play_id":"82486cde-ea16-4365-8ae2-48bf1dca9d23","local_time":"20190101114250","is_ascension_mode":true,"campfire_choices":[{"data":"Defend_R","floor":6,"key":"SMITH"},{"data":"Searing Blow","floor":8,"key":"SMITH"},{"data":"Searing Blow+1","floor":13,"key":"SMITH"},{"data":"Searing Blow+2","floor":15,"key":"SMITH"},{"data":"Searing Blow+3","floor":23,"key":"SMITH"}],"neow_cost":"NONE","seed_source_timestamp":1055726905044297,"circlet_count":0,"master_deck":["Strike_R","Strike_R","Strike_R","Strike_R","Defend_R+1","Defend_R","Defend_R","Defend_R","Bash+1","Clash+1","Flex","Searing Blow+4","Dark Shackles","Flex","Demon Form","Burning Pact","Demon Form"],"relics":["Burning Blood","Oddly Smooth Stone","Happy Flower","Potion Belt","Snecko Eye","FaceOfCleric"],"potions_floor_usage":[18,20],"damage_taken":[{"damage":3,"enemies":"Small Slimes","floor":1,"turns":4},{"damage":8,"enemies":"Jaw Worm","floor":2,"turns":4},{"damage":3,"enemies":"2 Louse","floor":4,"turns":2},{"damage":14,"enemies":"Gremlin Nob","floor":7,"turns":3},{"damage":4,"enemies":"Blue Slaver","floor":14,"turns":3},{"damage":47,"enemies":"The Guardian","floor":16,"turns":9},{"damage":29,"enemies":"Spheric Guardian","floor":18,"turns":5},{"damage":28,"enemies":"3 Byrds","floor":20,"turns":6},{"damage":19,"enemies":"Centurion and Healer","floor":21,"turns":4},{"damage":30,"enemies":"Cultist and Chosen","floor":24,"turns":6}],"seed_played":"7491115115417795082","potions_obtained":[{"floor":1,"key":"SmokeBomb"},{"floor":7,"key":"GamblersBrew"},{"floor":18,"key":"SteroidPotion"}],"is_trial":false,"path_per_floor":["M","M","?","M","?","R","E","R","T","?","?","$","R","M","R","B",null,"M","?","M","M","?","R","M"],"character_chosen":"IRONCLAD","items_purchased":["Dark Shackles"],"campfire_rested":0,"item_purchase_floors":[12],"current_hp_per_floor":[80,78,78,80,73,73,65,65,65,65,70,70,70,72,72,31,85,62,62,40,27,27,27,0],"gold":229,"neow_bonus":"UPGRADE_CARD","is_prod":false,"is_daily":false,"chose_seed":false,"campfire_upgraded":5,"win_rate":0,"timestamp":1546364570,"path_taken":["M","M","?","M","?","R","E","R","T","?","?","$","R","M","R","BOSS","M","?","?","M","?","R","M"],"build_version":"2018-12-20","purchased_purges":0,"victory":false,"max_hp_per_floor":[80,80,80,80,80,80,80,80,80,80,85,85,85,85,85,85,85,85,85,85,85,85,85,85],"card_choices":[{"not_picked":["Entrench","Havoc"],"picked":"Clash","floor":1},{"not_picked":["Rupture","Bloodletting","Second Wind"],"picked":"SKIP","floor":2},{"not_picked":["Warcry","Power Through"],"picked":"Flex","floor":4},{"not_picked":["Iron Wave","Headbutt"],"picked":"Searing Blow","floor":7},{"not_picked":["Searing Blow","Dark Embrace"],"picked":"Flex","floor":14},{"not_picked":["Bludgeon","Exhume"],"picked":"Demon Form","floor":16},{"not_picked":["True Grit+1","Wild Strike+1"],"picked":"Burning Pact","floor":18},{"not_picked":["Headbutt","Shrug It Off","Dual Wield"],"picked":"SKIP","floor":20},{"not_picked":["Sword Boomerang","Ghostly Armor+1","Searing Blow"],"picked":"SKIP","floor":21}],"player_experience":346075,"relics_obtained":[{"floor":7,"key":"Happy Flower"},{"floor":9,"key":"Potion Belt"}],"event_choices":[{"damage_healed":0,"gold_gain":0,"player_choice":"Grow","damage_taken":0,"max_hp_gain":0,"max_hp_loss":0,"event_name":"Living Wall","floor":3,"gold_loss":0,"cards_upgraded":["Clash"]},{"damage_healed":0,"gold_gain":0,"player_choice":"Success","damage_taken":7,"relics_obtained":["Oddly Smooth Stone"],"max_hp_gain":0,"max_hp_loss":0,"event_name":"Scrap Ooze","floor":5,"gold_loss":0},{"cards_removed":["Strike_R"],"damage_healed":0,"gold_gain":0,"player_choice":"Card Removal","damage_taken":0,"max_hp_gain":0,"max_hp_loss":0,"event_name":"The Cleric","floor":10,"gold_loss":50},{"damage_healed":0,"gold_gain":0,"player_choice":"Donut","damage_taken":0,"max_hp_gain":5,"max_hp_loss":0,"event_name":"Big Fish","floor":11,"gold_loss":0},{"damage_healed":0,"gold_gain":0,"player_choice":"Copied","damage_taken":0,"max_hp_gain":0,"max_hp_loss":0,"event_name":"Duplicator","floor":19,"gold_loss":0,"cards_obtained":["Demon Form"]},{"damage_healed":0,"gold_gain":0,"player_choice":"Trade","damage_taken":0,"relics_obtained":["FaceOfCleric"],"max_hp_gain":0,"max_hp_loss":0,"event_name":"FaceTrader","floor":22,"gold_loss":0}],"is_beta":false,"boss_relics":[{"not_picked":["Astrolabe","White Beast Statue"],"picked":"Snecko Eye"}],"items_purged_floors":[],"is_endless":false,"potions_floor_spawned":[1,7,18],"killed_by":"Cultist and Chosen","ascension_level":4}