{"gold_per_floor":[115,115,115,129,144,177,177,177,177,196,136,136,154,211,211,211],"floor_reached":16,"playtime":758,"items_purged":["Strike_R"],"score":100,"play_id":"51e16fb5-c3d3-4cb2-8ef1-81ccf13df97c","local_time":"20181128215603","is_ascension_mode":false,"campfire_choices":[{"data":"Bash","floor":8,"key":"SMITH"},{"data":"Shrug It Off","floor":12,"key":"SMITH"},{"floor":15,"key":"REST"}],"neow_cost":"NONE","seed_source_timestamp":1298267276451554,"circlet_count":0,"master_deck":["Strike_R","Strike_R","Strike_R","Defend_R","Defend_R","Defend_R+1","Defend_R+1","Bash+1","Panacea","Flex","Inflame","Shrug It Off+1","Offering","Rage","Thunderclap","Thunderclap"],"relics":["Burning Blood","Paper Frog","Omamori","The Courier","Shuriken"],"potions_floor_usage":[4,13,14,14,14],"damage_taken":[{"damage":22,"enemies":"Jaw Worm","floor":1,"turns":6},{"damage":5,"enemies":"2 Louse","floor":4,"turns":4},{"damage":0,"enemies":"Cultist","floor":5,"turns":3},{"damage":30,"enemies":"Gremlin Nob","floor":6,"turns":4},{"damage":18,"enemies":"Exordium Thugs","floor":10,"turns":4},{"damage":2,"enemies":"2 Fungi Beasts","floor":13,"turns":3},{"damage":15,"enemies":"3 Sentries","floor":14,"turns":8},{"damage":48,"enemies":"Slime Boss","floor":16,"turns":6}],"seed_played":"9153897904656380647","potions_obtained":[{"floor":1,"key":"BloodPotion"},{"floor":10,"key":"SkillPotion"},{"floor":13,"key":"EntropicBrew"},{"floor":14,"key":"SpeedPotion"}],"is_trial":false,"path_per_floor":["M","?","?","M","M","E","T","R","T","M","$","R","M","?","R","B"],"character_chosen":"IRONCLAD","items_purchased":[],"campfire_rested":1,"item_purchase_floors":[],"current_hp_per_floor":[64,48,48,57,63,39,39,39,39,27,27,27,31,22,46,0],"gold":211,"neow_bonus":"RANDOM_COLORLESS","is_prod":false,"is_daily":false,"chose_seed":false,"campfire_upgraded":2,"win_rate":0,"timestamp":1543463763,"path_taken":["M","?","?","M","?","E","?","R","T","M","$","R","M","?","R","BOSS"],"build_version":"2018-11-15","purchased_purges":1,"victory":false,"max_hp_per_floor":[80,80,80,80,80,80,80,80,80,80,80,80,80,80,80,80],"card_choices":[{"not_picked":["Clash","Clothesline"],"picked":"Flex","floor":1},{"not_picked":["Uppercut","Dropkick"],"picked":"Inflame","floor":4},{"not_picked":["Wild Strike","Sword Boomerang"],"picked":"Shrug It Off","floor":5},{"not_picked":["Dropkick","Clash"],"picked":"Offering","floor":6},{"not_picked":["Blood for Blood","Warcry"],"picked":"Rage","floor":10},{"not_picked":["Flex","Warcry"],"picked":"Thunderclap","floor":13},{"not_picked":["Entrench","Clothesline"],"picked":"Thunderclap","floor":14}],"player_experience":141981,"relics_obtained":[{"floor":6,"key":"Paper Frog"},{"floor":7,"key":"Omamori"},{"floor":9,"key":"The Courier"},{"floor":14,"key":"Shuriken"}],"event_choices":[{"damage_healed":0,"gold_gain":0,"player_choice":"Entered Light","damage_taken":16,"max_hp_gain":0,"max_hp_loss":0,"event_name":"Shining Light","floor":2,"gold_loss":0,"cards_upgraded":["Defend_R","Defend_R"]},{"cards_removed":["Strike_R"],"damage_healed":0,"gold_gain":0,"player_choice":"Offered Basic","damage_taken":0,"max_hp_gain":0,"max_hp_loss":0,"event_name":"Bonfire Elementals","floor":3,"gold_loss":0},{"damage_healed":0,"gold_gain":30,"player_choice":"Searched \u00273\u0027 times","damage_taken":0,"max_hp_gain":0,"max_hp_loss":0,"event_name":"Dead Adventurer","floor":14,"gold_loss":0}],"is_beta":false,"boss_relics":[],"items_purged_floors":[11],"is_endless":false,"potions_floor_spawned":[1,10,13,14],"killed_by":"Slime Boss","ascension_level":0}