{"gold_per_floor":[118,118,118,43,43,43,70,101,154,176,202,202,215,235,235,355,355,378,378,378,0,21,21,62,62,62,101,101,139,170,195,195,324,324,349,571,585,918,938,938,973,608,633,237,237,263,119,153,153,153],"floor_reached":51,"playtime":3231,"items_purged":["Regret"],"score":1168,"play_id":"626d6835-29f4-48ee-be24-2897c687581f","local_time":"20190928150358","is_ascension_mode":true,"campfire_choices":[{"floor":6.0,"key":"REST"},{"data":"Wallop","floor":15.0,"key":"SMITH"},{"data":"Wallop","floor":23.0,"key":"SMITH"},{"data":"WheelKick","floor":25.0,"key":"SMITH"},{"floor":32.0,"key":"REST"},{"data":"TalkToTheHand","floor":40,"key":"SMITH"},{"data":"Wireheading","floor":45,"key":"SMITH"},{"data":"Omniscience","floor":49,"key":"SMITH"}],"neow_cost":"NONE","seed_source_timestamp":0,"circlet_count":0,"master_deck":["Strike_P+1","Strike_P+1","Strike_P+1","Strike_P+1","Defend_P+1","Defend_P+1","Eruption+1","Vigilance+1","WheelKick+1","EmptyBody+1","Tantrum","BattleHymn","Wallop+1","ThirdEye","ThirdEye+1","Wallop+1","WheelKick","CrushJoints+1","TalkToTheHand+1","Wallop+1","ClearTheMind+1","Wireheading+1","TalkToTheHand+1","CrushJoints+1","Omniscience+1"],"special_seed":0,"relics":["Empty Cage","WingedGreaves","StrikeDummy","War Paint","Smiling Mask","Odd Mushroom","Sundial","Velvet Choker","ClockworkSouvenir","Juzu Bracelet","Pen Nib","Dodecahedron","Vajra","Bottled Flame","Red Mask","Coffee Dripper","Eternal Feather","Toy Ornithopter","Ancient Tea Set","Bag of Preparation","Potion Belt","DollysMirror","Anchor","Orichalcum"],"potions_floor_usage":[39,50,50,50,50],"damage_taken":[{"damage":5.0,"enemies":"Jaw Worm","floor":1.0,"turns":6.0},{"damage":11.0,"enemies":"Lagavulin","floor":7.0,"turns":7.0},{"damage":7.0,"enemies":"3 Sentries","floor":8.0,"turns":5.0},{"damage":1.0,"enemies":"The Mushroom Lair","floor":10.0,"turns":4.0},{"damage":2.0,"enemies":"Lagavulin","floor":11.0,"turns":5.0},{"damage":0.0,"enemies":"2 Louse","floor":13.0,"turns":1.0},{"damage":0.0,"enemies":"Small Slimes","floor":14.0,"turns":2.0},{"damage":3.0,"enemies":"Hexaghost","floor":16.0,"turns":7.0},{"damage":6.0,"enemies":"Spheric Guardian","floor":18.0,"turns":4.0},{"damage":0.0,"enemies":"3 Byrds","floor":22.0,"turns":4.0},{"damage":0.0,"enemies":"Gremlin Leader","floor":24.0,"turns":4.0},{"damage":7.0,"enemies":"Slavers","floor":27.0,"turns":3.0},{"damage":2.0,"enemies":"Book of Stabbing","floor":29.0,"turns":4.0},{"damage":0.0,"enemies":"Masked Bandits","floor":30.0,"turns":3.0},{"damage":0.0,"enemies":"Snake Plant","floor":31.0,"turns":2.0},{"damage":5.0,"enemies":"Champ","floor":33.0,"turns":6.0},{"damage":1.0,"enemies":"3 Shapes","floor":35.0,"turns":4.0},{"damage":0.0,"enemies":"Orb Walker","floor":37.0,"turns":2.0},{"damage":2,"enemies":"Writhing Mass","floor":39,"turns":4},{"damage":2,"enemies":"Giant Head","floor":41,"turns":6},{"damage":0,"enemies":"Reptomancer","floor":46,"turns":3},{"damage":0,"enemies":"Nemesis","floor":48,"turns":5},{"damage":26,"enemies":"Donu and Deca","floor":50,"turns":7}],"seed_played":"-2327085560052196921","potions_obtained":[{"floor":1.0,"key":"Weak Potion"},{"floor":10.0,"key":"Energy Potion"},{"floor":13.0,"key":"Strength Potion"},{"floor":14.0,"key":"PowerPotion"},{"floor":30.0,"key":"Fruit Juice"},{"floor":39,"key":"Energy Potion"},{"floor":46,"key":"AttackPotion"}],"is_trial":false,"path_per_floor":["M","?","?","$","?","R","E","E","T","?","E","?","M","M","R","B",null,"M","?","?","$","M","R","E","R","T","E","?","E","?","M","R","B",null,"M","?","M","?","M","R","E","$","T","$","R","E","$","E","R","B",null],"character_chosen":"WATCHER","items_purchased":["Wallop","ClockworkSouvenir","Juzu Bracelet","Toy Ornithopter","Ancient Tea Set","Wireheading","Potion Belt","DollysMirror","Block Potion","Energy Potion","Anchor"],"campfire_rested":2,"item_purchase_floors":[21,21,21,42,42,42,44,44,44,44,47],"current_hp_per_floor":[60,60,60,60,46,67,56,49,49,48,46,28,28,28,28,25,60,54,54,54,54,54,54,54,54,54,47,47,45,45,45,66,61,69,68,68,68,68,71,71,69,69,69,69,77,77,77,77,77,51],"gold":153,"neow_bonus":"BOSS_RELIC","is_prod":false,"is_daily":false,"chose_seed":false,"campfire_upgraded":6,"win_rate":1,"timestamp":1569701038,"path_taken":["M","?","?","$","?","R","E","E","T","?","E","?","M","M","R","BOSS","M","?","?","$","M","R","E","R","T","E","?","E","?","M","R","BOSS","M","?","M","?","M","R","E","$","T","$","R","E","?","E","R","BOSS"],"build_version":"2019-09-27","purchased_purges":1,"victory":true,"max_hp_per_floor":[72,72,72,72,72,72,72,72,72,72,72,72,72,72,72,72,72,72,72,72,72,72,72,72,72,72,72,72,72,72,72,72,72,72,72,72,72,72,77,77,77,77,77,77,77,77,77,77,77,77],"card_choices":[{"not_picked":["InnerPeace","FlyingSleeves"],"picked":"WheelKick","floor":1.0},{"not_picked":["DeceiveReality","ReachHeaven"],"picked":"EmptyBody","floor":7.0},{"not_picked":["DeceiveReality","Prostrate"],"picked":"Tantrum","floor":8.0},{"not_picked":["Halt","Evaluate"],"picked":"BattleHymn","floor":10.0},{"not_picked":["Protect","SashWhip"],"picked":"Wallop","floor":11.0},{"not_picked":["Tantrum","SashWhip"],"picked":"ThirdEye","floor":13.0},{"not_picked":["EmptyBody","Prostrate","Weave"],"picked":"SKIP","floor":14.0},{"not_picked":["JustLucky","MasterReality"],"picked":"ThirdEye+1","floor":18.0},{"not_picked":["Sanctity","Prostrate"],"picked":"WheelKick","floor":22.0},{"not_picked":["Consecrate","Halt","Evaluate"],"picked":"SKIP","floor":24.0},{"not_picked":["JustLucky","Consecrate"],"picked":"CrushJoints+1","floor":27.0},{"not_picked":["Alpha","SignatureMove","BowlingBash+1"],"picked":"SKIP","floor":29.0},{"not_picked":["ForeignInfluence","InnerPeace"],"picked":"TalkToTheHand","floor":31.0},{"not_picked":["SashWhip","Sanctity"],"picked":"Wallop+1","floor":35.0},{"not_picked":["FlurryOfBlows+1","BattleHymn+1","EmptyBody"],"picked":"SKIP","floor":37.0},{"not_picked":["FollowUp+1","FearNoEvil"],"picked":"ClearTheMind+1","floor":39},{"not_picked":["Consecrate","ClearTheMind","Sanctity"],"picked":"SKIP","floor":41},{"not_picked":["FollowUp","Prostrate"],"picked":"CrushJoints+1","floor":46},{"not_picked":["ClearTheMind","CrushJoints+1"],"picked":"Omniscience","floor":48}],"player_experience":158363,"relics_obtained":[{"floor":7.0,"key":"StrikeDummy"},{"floor":8.0,"key":"War Paint"},{"floor":9.0,"key":"Smiling Mask"},{"floor":10.0,"key":"Odd Mushroom"},{"floor":11.0,"key":"Sundial"},{"floor":24.0,"key":"Pen Nib"},{"floor":26.0,"key":"Dodecahedron"},{"floor":27.0,"key":"Vajra"},{"floor":29.0,"key":"Bottled Flame"},{"floor":30.0,"key":"Red Mask"},{"floor":41,"key":"Eternal Feather"},{"floor":43,"key":"Bag of Preparation"},{"floor":48,"key":"Orichalcum"}],"event_choices":[{"damage_healed":0.0,"max_hp_gain":0.0,"max_hp_loss":0.0,"gold_gain":0.0,"event_name":"Living Wall","player_choice":"Grow","floor":2.0,"gold_loss":0.0,"damage_taken":0.0,"cards_upgraded":["Eruption"]},{"damage_healed":0.0,"max_hp_gain":0.0,"max_hp_loss":0.0,"gold_gain":0.0,"event_name":"Big Fish","player_choice":"Box","floor":3.0,"gold_loss":0.0,"damage_taken":0.0,"relics_obtained":["WingedGreaves"],"cards_obtained":["Regret"]},{"damage_healed":0.0,"max_hp_gain":0.0,"max_hp_loss":0.0,"gold_gain":0.0,"event_name":"Shining Light","player_choice":"Entered Light","floor":5.0,"gold_loss":0.0,"damage_taken":14.0,"cards_upgraded":["Strike_P","Vigilance"]},{"damage_healed":0.0,"max_hp_gain":0.0,"max_hp_loss":0.0,"gold_gain":0.0,"event_name":"Mushrooms","player_choice":"Fought Mushrooms","floor":10.0,"gold_loss":0.0,"damage_taken":0.0},{"damage_healed":0.0,"max_hp_gain":0.0,"max_hp_loss":0.0,"gold_gain":0.0,"event_name":"Golden Idol","player_choice":"Take Damage","floor":12.0,"gold_loss":0.0,"damage_taken":18.0,"relics_obtained":["Golden Idol"]},{"damage_healed":0.0,"max_hp_gain":0.0,"max_hp_loss":0.0,"gold_gain":0.0,"event_name":"Back to Basics","player_choice":"Simplicity","floor":19.0,"gold_loss":0.0,"damage_taken":0.0,"cards_upgraded":["Strike_P","Strike_P","Strike_P","Defend_P"]},{"damage_healed":0.0,"max_hp_gain":0.0,"max_hp_loss":0.0,"gold_gain":0.0,"event_name":"N\u0027loth","player_choice":"Ignored","floor":20.0,"gold_loss":0.0,"damage_taken":0.0},{"damage_healed":0.0,"max_hp_gain":0.0,"max_hp_loss":0.0,"gold_gain":0.0,"event_name":"Vampires","player_choice":"Ignored","floor":28.0,"gold_loss":0.0,"damage_taken":0.0},{"damage_healed":0.0,"max_hp_gain":0.0,"max_hp_loss":0.0,"gold_gain":0.0,"event_name":"Masked Bandits","player_choice":"Fought Bandits","floor":30.0,"gold_loss":0.0,"damage_taken":0.0},{"damage_healed":0.0,"max_hp_gain":0.0,"max_hp_loss":0.0,"gold_gain":222.0,"event_name":"Tomb of Lord Red Mask","player_choice":"Wore Mask","floor":36.0,"gold_loss":0.0,"damage_taken":0.0},{"damage_healed":0.0,"max_hp_gain":0.0,"max_hp_loss":0.0,"gold_gain":333.0,"event_name":"The Moai Head","player_choice":"Gave Idol","floor":38.0,"relics_lost":["Golden Idol"],"gold_loss":0.0,"damage_taken":0.0}],"is_beta":true,"boss_relics":[{"not_picked":["SacredBark","Astrolabe"],"picked":"Velvet Choker"},{"not_picked":["Runic Dome","Black Star"],"picked":"Coffee Dripper"}],"items_purged_floors":[4],"is_endless":false,"potions_floor_spawned":[1,10,13,14,18,30,31,33,39,41,46],"ascension_level":7}