{"gold_per_floor":[211,55,75,75,85,85,110,110,110,124,84,49,49,224,224,319,319,337,352,367,385,405,405,430,440,510,510],"floor_reached":27,"playtime":1999,"items_purged":["Strike_B"],"score":235,"play_id":"246bbce2-eaa4-4130-b97c-30747f5bc849","local_time":"20181122145203","is_ascension_mode":false,"campfire_choices":[{"data":"Sunder","floor":6,"key":"SMITH"},{"data":"Defragment","floor":8,"key":"SMITH"},{"data":"Zap","floor":13,"key":"SMITH"},{"data":"Beam Cell","floor":15,"key":"SMITH"},{"floor":23,"key":"REST"}],"neow_cost":"NONE","seed_source_timestamp":753184117888150,"circlet_count":0,"master_deck":["Strike_B","Strike_B","Strike_B","Defend_B","Defend_B","Defend_B","Defend_B","Zap+1","Dualcast","Streamline","Sunder+1","Beam Cell+1","Coolheaded","Defragment+1","Static Discharge+1","Self Repair+1","Doubt","Electrodynamics+1","Streamline+1","Capacitor+1","Steam+1","Storm+1","Tempest+1","Thunder Strike","Tempest"],"relics":["Cracked Core","Girya","Frozen Egg 2","Nuclear Battery","Torii","Darkstone Periapt"],"potions_floor_usage":[16,20,21,22,24],"damage_taken":[{"damage":5,"enemies":"Small Slimes","floor":1,"turns":3},{"damage":6,"enemies":"Jaw Worm","floor":3,"turns":2},{"damage":0,"enemies":"Cultist","floor":5,"turns":2},{"damage":11,"enemies":"3 Sentries","floor":7,"turns":5},{"damage":2,"enemies":"Looter","floor":10,"turns":3},{"damage":17,"enemies":"Slime Boss","floor":16,"turns":8},{"damage":5,"enemies":"3 Byrds","floor":18,"turns":2},{"damage":19,"enemies":"Shell Parasite","floor":19,"turns":3},{"damage":36,"enemies":"Snake Plant","floor":20,"turns":4},{"damage":9,"enemies":"Centurion and Healer","floor":21,"turns":5},{"damage":10,"enemies":"Cultist and Chosen","floor":22,"turns":4},{"damage":33,"enemies":"Gremlin Leader","floor":24,"turns":3},{"damage":21,"enemies":"Snake Plant","floor":25,"turns":2},{"damage":14,"enemies":"Shelled Parasite and Fungi","floor":27,"turns":2}],"seed_played":"6103416694234784093","potions_obtained":[{"floor":1,"key":"EssenceOfSteel"},{"floor":7,"key":"SteroidPotion"},{"floor":18,"key":"GamblersBrew"},{"floor":20,"key":"Weak Potion"},{"floor":22,"key":"Explosive Potion"}],"is_trial":false,"path_per_floor":["M","$","M","?","M","R","E","R","T","M","$","?","R","?","R","B",null,"M","M","M","M","M","R","E","M","T","M"],"character_chosen":"DEFECT","items_purchased":["Sunder","Self Repair+1"],"campfire_rested":1,"item_purchase_floors":[2,11],"current_hp_per_floor":[70,70,64,69,69,69,58,58,58,56,56,76,76,76,76,69,80,75,66,40,41,41,65,32,11,11,0],"gold":510,"neow_bonus":"HUNDRED_GOLD","is_prod":false,"is_daily":false,"chose_seed":false,"campfire_upgraded":4,"win_rate":0.0,"timestamp":1542919923,"path_taken":["M","$","M","?","M","R","E","R","T","M","$","?","R","?","R","BOSS","M","M","M","M","M","R","E","M","T","M"],"build_version":"2018-11-15","purchased_purges":1,"victory":false,"max_hp_per_floor":[75,75,75,80,80,80,80,80,80,80,80,80,80,80,80,80,80,80,80,80,80,80,80,80,80,80,80],"card_choices":[{"not_picked":["Conserve Battery","Stack"],"picked":"Streamline","floor":1},{"not_picked":["Turbo","Compile Driver"],"picked":"Beam Cell","floor":3},{"not_picked":["Heatsinks","Rebound"],"picked":"Coolheaded","floor":5},{"not_picked":["Loop","Capacitor"],"picked":"Defragment","floor":7},{"not_picked":["Aggregate","Conserve Battery"],"picked":"Static Discharge+1","floor":10},{"not_picked":["Biased Cognition+1","Fission"],"picked":"Electrodynamics+1","floor":16},{"not_picked":["Self Repair+1","Barrage"],"picked":"Streamline+1","floor":18},{"not_picked":["Steam","Ball Lightning"],"picked":"Capacitor+1","floor":19},{"not_picked":["Ball Lightning","Beam Cell"],"picked":"Steam+1","floor":20},{"not_picked":["Gash","Darkness+1"],"picked":"Storm+1","floor":21},{"not_picked":["Gash+1","Stack"],"picked":"Tempest+1","floor":22},{"not_picked":["Rebound","Storm+1"],"picked":"Thunder Strike","floor":24},{"not_picked":["Sweeping Beam","Cold Snap"],"picked":"Tempest","floor":25}],"player_experience":20463,"relics_obtained":[{"floor":7,"key":"Girya"},{"floor":9,"key":"Frozen Egg 2"},{"floor":24,"key":"Torii"},{"floor":26,"key":"Darkstone Periapt"}],"event_choices":[{"damage_healed":0,"gold_gain":0,"player_choice":"Donut","damage_taken":0,"max_hp_gain":5,"max_hp_loss":0,"event_name":"Big Fish","floor":4,"gold_loss":0},{"damage_healed":20,"gold_gain":0,"player_choice":"Healed","damage_taken":0,"max_hp_gain":0,"max_hp_loss":0,"event_name":"The Cleric","floor":12,"gold_loss":35},{"damage_healed":0,"gold_gain":175,"player_choice":"AGREE","damage_taken":0,"max_hp_gain":0,"max_hp_loss":0,"event_name":"Liars Game","floor":14,"gold_loss":0,"cards_obtained":["Doubt"]}],"is_beta":false,"boss_relics":[{"not_picked":["Runic Dome","FrozenCore"],"picked":"Nuclear Battery"}],"items_purged_floors":[2],"is_endless":false,"potions_floor_spawned":[1,7,18,20,22],"killed_by":"Shelled Parasite and Fungi","ascension_level":0}