{"gold_per_floor":[115,61,80,96,96,96,113,132,132,147,74,84,84,94,94,195,195,210,210,66,66,83,83],"floor_reached":23,"playtime":1222,"items_purged":["Strike_B"],"score":185,"play_id":"dc202dca-488e-4b83-84dc-9e1a20d62357","local_time":"20191009075545","is_ascension_mode":false,"campfire_choices":[{"data":"Zap","floor":6,"key":"SMITH"},{"data":"Hologram","floor":13,"key":"SMITH"},{"data":"Dualcast","floor":15,"key":"SMITH"}],"neow_cost":"NONE","seed_source_timestamp":172354746549700,"circlet_count":0,"master_deck":["Strike_B","Strike_B","Defend_B","Defend_B","Defend_B","Defend_B","Zap+1","Dualcast+1","Stack","Turbo","Skim","Gash","Hologram+1","FTL","FTL","Gash","Hologram+1","Scrape","Iron Wave","Conserve Battery+1"],"relics":["Cracked Core","NeowsBlessing","Ice Cream","Sozu"],"potions_floor_usage":[],"damage_taken":[{"damage":0,"enemies":"Small Slimes","floor":1,"turns":1},{"damage":0,"enemies":"Cultist","floor":3,"turns":1},{"damage":0,"enemies":"2 Louse","floor":4,"turns":1},{"damage":9,"enemies":"Lots of Slimes","floor":7,"turns":5},{"damage":5,"enemies":"Large Slime","floor":8,"turns":6},{"damage":0,"enemies":"3 Louse","floor":10,"turns":3},{"damage":0,"enemies":"Exordium Wildlife","floor":12,"turns":2},{"damage":0,"enemies":"Blue Slaver","floor":14,"turns":3},{"damage":50,"enemies":"Slime Boss","floor":16,"turns":13},{"damage":6,"enemies":"Chosen","floor":18,"turns":5},{"damage":0,"enemies":"Spheric Guardian","floor":22,"turns":2},{"damage":76,"enemies":"Slavers","floor":23,"turns":6}],"seed_played":"-7029874008607089931","potions_obtained":[{"floor":4,"key":"Energy Potion"},{"floor":7,"key":"LiquidBronze"},{"floor":8,"key":"SkillPotion"},{"floor":12,"key":"SteroidPotion"}],"is_trial":false,"path_per_floor":["M","$","M","M","?","R","M","M","T","M","$","M","R","M","R","B",null,"M","?","$","?","M","E"],"character_chosen":"DEFECT","items_purchased":["Turbo","FTL","Scrape"],"campfire_rested":0,"item_purchase_floors":[2,11,20],"current_hp_per_floor":[75,75,75,75,75,75,66,61,61,61,61,61,61,61,61,11,75,69,69,69,69,69,0],"gold":83,"neow_bonus":"THREE_ENEMY_KILL","is_prod":false,"is_daily":false,"chose_seed":false,"campfire_upgraded":3,"win_rate":0.0,"timestamp":1570622145,"path_taken":["M","$","M","M","?","R","?","?","T","M","$","M","R","M","R","BOSS","M","?","$","?","M","E"],"build_version":"2019-07-17","purchased_purges":1,"victory":false,"max_hp_per_floor":[75,75,75,75,75,75,75,75,75,75,75,75,75,75,75,75,75,75,75,75,75,75,75],"card_choices":[{"not_picked":["Streamline","Redo"],"picked":"Stack","floor":1},{"not_picked":["Fusion","Barrage","Go for the Eyes"],"picked":"SKIP","floor":3},{"not_picked":["Blizzard","Undo"],"picked":"Skim","floor":4},{"not_picked":["Chaos","Rainbow"],"picked":"Gash","floor":7},{"not_picked":["Ball Lightning","Coolheaded"],"picked":"Hologram","floor":8},{"not_picked":["Amplify","Go for the Eyes"],"picked":"FTL","floor":10},{"not_picked":["Force Field","Streamline","Cold Snap"],"picked":"SKIP","floor":12},{"not_picked":["Streamline","BootSequence"],"picked":"Gash","floor":14},{"not_picked":["Streamline+1","Leap+1"],"picked":"Hologram+1","floor":18},{"not_picked":["Barrage+1","Streamline+1"],"picked":"Conserve Battery+1","floor":22}],"player_experience":102531,"relics_obtained":[{"floor":9,"key":"Ice Cream"}],"event_choices":[{"damage_healed":0,"gold_gain":0,"player_choice":"Bought 0 Potions","damage_taken":0,"max_hp_gain":0,"max_hp_loss":0,"event_name":"The Woman in Blue","floor":5,"gold_loss":0},{"damage_healed":0,"gold_gain":0,"player_choice":"Ignored","damage_taken":0,"max_hp_gain":0,"max_hp_loss":0,"event_name":"Ghosts","floor":19,"gold_loss":0},{"cards_removed":["Strike_B"],"damage_healed":0,"gold_gain":0,"player_choice":"Took Card","damage_taken":0,"max_hp_gain":0,"max_hp_loss":0,"event_name":"NoteForYourself","floor":21,"gold_loss":0,"cards_obtained":["Iron Wave"]}],"is_beta":false,"boss_relics":[{"not_picked":["Cursed Key","Velvet Choker"],"picked":"Sozu"}],"items_purged_floors":[20],"is_endless":false,"potions_floor_spawned":[4,7,8,12,14,22],"killed_by":"Slavers","ascension_level":0}