{"gold_per_floor":[116,44,54,54,54,79,254,254,280,280,313,337,352,365,365,365],"floor_reached":16,"playtime":422,"items_purged":[],"score":209,"play_id":"e91e4a99-2cc0-448c-821a-dea2d4331f2e","local_time":"20190208203211","is_ascension_mode":true,"campfire_choices":[{"data":"Zap","floor":10,"key":"SMITH"},{"floor":15,"key":"REST"}],"neow_cost":"NONE","seed_source_timestamp":13677442106522,"circlet_count":0,"master_deck":["AscendersBane","Strike_B","Strike_B","Strike_B","Strike_B","Defend_B","Defend_B","Defend_B","Defend_B","Zap+1","Dualcast","Capacitor","Chaos+1","Gash","Doubt","Defragment","Steam Power","Defragment"],"relics":["Cracked Core","NeowsBlessing","Anchor","Golden Idol","PreservedInsect","Blood Vial"],"potions_floor_usage":[11],"damage_taken":[{"damage":0,"enemies":"Cultist","floor":1,"turns":1},{"damage":0,"enemies":"Jaw Worm","floor":3,"turns":1},{"damage":0,"enemies":"Lagavulin","floor":6,"turns":2},{"damage":24,"enemies":"Gremlin Nob","floor":11,"turns":4},{"damage":6,"enemies":"2 Louse","floor":12,"turns":3},{"damage":18,"enemies":"Large Slime","floor":13,"turns":5},{"damage":7,"enemies":"Exordium Wildlife","floor":14,"turns":4},{"damage":52,"enemies":"Hexaghost","floor":16,"turns":4}],"seed_played":"-6293589686797351098","potions_obtained":[{"floor":3,"key":"Fire Potion"},{"floor":11,"key":"GamblersBrew"},{"floor":13,"key":"FearPotion"}],"is_trial":false,"path_per_floor":["M","$","M","?","?","E","?","?","T","R","E","M","M","M","R","B"],"character_chosen":"DEFECT","items_purchased":["Capacitor"],"campfire_rested":1,"item_purchase_floors":[2],"current_hp_per_floor":[68,68,68,73,73,73,73,73,73,73,49,45,29,24,46,0],"gold":365,"neow_bonus":"THREE_ENEMY_KILL","is_prod":false,"is_daily":false,"chose_seed":false,"campfire_upgraded":1,"win_rate":0,"timestamp":1549679531,"path_taken":["M","$","M","?","?","E","?","?","T","R","E","M","M","?","R","BOSS"],"build_version":"2019-01-23","purchased_purges":0,"victory":false,"max_hp_per_floor":[75,75,75,80,80,80,80,74,74,74,74,74,74,74,74,74],"card_choices":[{"not_picked":["Steam","FTL","Go for the Eyes"],"picked":"SKIP","floor":1},{"not_picked":["Conserve Battery","Leap"],"picked":"Chaos","floor":3},{"not_picked":["Hologram","Blizzard"],"picked":"Gash","floor":6},{"not_picked":["Redo","Barrage"],"picked":"Defragment","floor":11},{"not_picked":["Steam","Meteor Strike"],"picked":"Steam Power","floor":12},{"not_picked":["Heatsinks","Rebound","Fusion"],"picked":"SKIP","floor":13},{"not_picked":["Sweeping Beam","Gash"],"picked":"Defragment","floor":14}],"player_experience":501347,"relics_obtained":[{"floor":6,"key":"Anchor"},{"floor":9,"key":"PreservedInsect"},{"floor":11,"key":"Blood Vial"}],"event_choices":[{"damage_healed":0,"gold_gain":0,"player_choice":"Donut","damage_taken":0,"max_hp_gain":5,"max_hp_loss":0,"event_name":"Big Fish","floor":4,"gold_loss":0},{"damage_healed":0,"gold_gain":0,"player_choice":"Grow","damage_taken":0,"max_hp_gain":0,"max_hp_loss":0,"event_name":"Living Wall","floor":5,"gold_loss":0,"cards_upgraded":["Chaos"]},{"damage_healed":0,"gold_gain":175,"player_choice":"AGREE","damage_taken":0,"max_hp_gain":0,"max_hp_loss":0,"event_name":"Liars Game","floor":7,"gold_loss":0,"cards_obtained":["Doubt"]},{"damage_healed":0,"gold_gain":0,"player_choice":"Lose Max HP","damage_taken":0,"relics_obtained":["Golden Idol"],"max_hp_gain":0,"max_hp_loss":6,"event_name":"Golden Idol","floor":8,"gold_loss":0}],"is_beta":false,"boss_relics":[],"items_purged_floors":[],"is_endless":false,"potions_floor_spawned":[3,11,13,14],"killed_by":"Hexaghost","ascension_level":11}