{"gold_per_floor":[113,130,130,151,151,185,185,228,283,301,301,314,349,362,362,492,492,506,506,506,520,520,556,556,589,665,665,683,155,155,188,188,318,318,332,332,332,157,182,215,215,253,343,277,402,402,470,514,514,514,514,514,113,153,153],"floor_reached":56,"playtime":4736,"items_purged":["Strike_G","Strike_G"],"score":1463,"play_id":"1c49b6c8-6b46-43dc-b7cc-29d4ce745cec","local_time":"20191011131920","is_ascension_mode":true,"campfire_choices":[{"data":"Neutralize","floor":7,"key":"SMITH"},{"floor":11,"key":"REST"},{"data":"Well Laid Plans","floor":15,"key":"SMITH"},{"data":"All Out Attack","floor":24,"key":"SMITH"},{"data":"Storm of Steel","floor":27,"key":"SMITH"},{"data":"Footwork","floor":30,"key":"SMITH"},{"data":"Crippling Poison","floor":32,"key":"SMITH"},{"data":"Adrenaline","floor":41,"key":"SMITH"},{"floor":46,"key":"RECALL"},{"data":"Corpse Explosion","floor":49,"key":"SMITH"},{"floor":52,"key":"DIG"}],"neow_cost":"NONE","seed_source_timestamp":140075119182500,"circlet_count":0,"master_deck":["Strike_G","Strike_G","Strike_G","Defend_G","Defend_G","Defend_G","Defend_G","Defend_G","Survivor","Neutralize+1","Backflip","Backstab","Well Laid Plans+1","Adrenaline+1","Poisoned Stab","Poisoned Stab","Sucker Punch","Crippling Poison+1","Storm of Steel+1","Cloak And Dagger+1","All Out Attack+1","Backflip+1","Cloak And Dagger+1","PiercingWail","Footwork+1","Malaise","Backflip","Corpse Explosion+1","Accuracy","Noxious Fumes","Deadly Poison+1","Setup+1","Bouncing Flask","Acrobatics+1","Crippling Poison","Noxious Fumes","Catalyst"],"relics":["Ring of the Snake","Pen Nib","Golden Idol","Mango","Orichalcum","Ornamental Fan","Regal Pillow","Ninja Scroll","Philosopher\u0027s Stone","PreservedInsect","Lantern","Gremlin Horn","Snake Skull","Ancient Tea Set","Vajra","Lizard Tail","Bronze Scales","MawBank","Shovel","Tingsha","Pocketwatch","Sundial","Paper Crane","Nunchaku"],"potions_floor_usage":[8,50,55,55,55],"damage_taken":[{"damage":0,"enemies":"Small Slimes","floor":1,"turns":3},{"damage":2,"enemies":"Jaw Worm","floor":2,"turns":4},{"damage":0,"enemies":"Cultist","floor":4,"turns":2},{"damage":24,"enemies":"Gremlin Nob","floor":6,"turns":5},{"damage":26,"enemies":"3 Sentries","floor":8,"turns":10},{"damage":0,"enemies":"Looter","floor":10,"turns":2},{"damage":2,"enemies":"3 Louse","floor":12,"turns":2},{"damage":4,"enemies":"Gremlin Nob","floor":13,"turns":4},{"damage":0,"enemies":"2 Fungi Beasts","floor":14,"turns":1},{"damage":19,"enemies":"Hexaghost","floor":16,"turns":9},{"damage":0,"enemies":"Shell Parasite","floor":18,"turns":4},{"damage":11,"enemies":"Spheric Guardian","floor":21,"turns":4},{"damage":19,"enemies":"Slavers","floor":23,"turns":6},{"damage":2,"enemies":"Book of Stabbing","floor":25,"turns":4},{"damage":0,"enemies":"Snecko","floor":28,"turns":4},{"damage":0,"enemies":"Slavers","floor":31,"turns":3},{"damage":16,"enemies":"Collector","floor":33,"turns":7},{"damage":0,"enemies":"Orb Walker","floor":35,"turns":2},{"damage":0,"enemies":"3 Shapes","floor":39,"turns":4},{"damage":22,"enemies":"Reptomancer","floor":40,"turns":5},{"damage":0,"enemies":"Nemesis","floor":42,"turns":5},{"damage":0,"enemies":"Mind Bloom Boss Battle","floor":45,"turns":4},{"damage":10,"enemies":"2 Orb Walkers","floor":47,"turns":2},{"damage":1,"enemies":"Giant Head","floor":48,"turns":6},{"damage":47,"enemies":"Time Eater","floor":50,"turns":13},{"damage":31,"enemies":"Shield and Spear","floor":54,"turns":4},{"damage":61,"enemies":"The Heart","floor":55,"turns":9}],"seed_played":"7431287506975511455","potions_obtained":[{"floor":6,"key":"GamblersBrew"},{"floor":10,"key":"Swift Potion"},{"floor":12,"key":"Strength Potion"},{"floor":16,"key":"EssenceOfSteel"},{"floor":25,"key":"LiquidBronze"},{"floor":54,"key":"FearPotion"}],"is_trial":false,"path_per_floor":["M","M","?","M","T","E","R","E","T","M","R","M","E","M","R","B",null,"M","?","?","M","?","E","R","E","T","R","M","$","R","E","R","B",null,"M","?","?","$","M","E","R","E","T","$","?","R","?","E","R","B",null,"R","$","E","B",null],"character_chosen":"THE_SILENT","items_purchased":["Footwork","Malaise","Snake Skull","Ancient Tea Set","Noxious Fumes","Bouncing Flask","Paper Crane","Crippling Poison","Noxious Fumes"],"campfire_rested":1,"item_purchase_floors":[29,29,29,29,38,44,53,53,53],"current_hp_per_floor":[70,68,51,51,65,41,41,15,15,15,55,53,49,49,49,30,84,84,84,84,73,73,54,54,52,52,52,52,52,52,52,52,36,84,84,84,84,84,84,62,62,62,62,62,62,62,52,51,51,4,84,84,84,53,40],"gold":153,"neow_bonus":"RANDOM_COMMON_RELIC","is_prod":false,"is_daily":false,"chose_seed":false,"campfire_upgraded":8,"win_rate":0,"timestamp":1570814360,"path_taken":["M","M","?","M","?","E","R","E","T","M","R","M","E","?","R","BOSS","M","?","?","M","?","E","R","E","T","R","M","$","R","E","R","BOSS","M","?","?","$","M","E","R","E","T","$","?","R","?","E","R","BOSS","R","$","E","BOSS"],"build_version":"2019-07-17","purchased_purges":2,"victory":true,"max_hp_per_floor":[70,70,70,70,84,84,84,84,84,84,84,84,84,84,84,84,84,84,84,84,84,84,84,84,84,84,84,84,84,84,84,84,84,84,84,84,84,84,84,84,84,84,84,84,84,84,84,84,84,84,84,84,84,84,84],"card_choices":[{"not_picked":["PiercingWail","Deflect"],"picked":"Backflip","floor":1},{"not_picked":["Dash","Deadly Poison"],"picked":"Backstab","floor":2},{"not_picked":["Calculated Gamble","Terror"],"picked":"Well Laid Plans","floor":4},{"not_picked":["Prepared","Slice"],"picked":"Adrenaline","floor":6},{"not_picked":["Outmaneuver","Concentrate"],"picked":"Poisoned Stab","floor":8},{"not_picked":["Dagger Spray","Expertise"],"picked":"Poisoned Stab","floor":10},{"not_picked":["Prepared","Cloak And Dagger"],"picked":"Sucker Punch","floor":12},{"not_picked":["Burst","Sucker Punch"],"picked":"Crippling Poison","floor":13},{"not_picked":["Outmaneuver","Dodge and Roll","Dash"],"picked":"SKIP","floor":14},{"not_picked":["Grand Finale","Adrenaline"],"picked":"Storm of Steel","floor":16},{"not_picked":["Riddle With Holes","Deflect+1"],"picked":"Cloak And Dagger+1","floor":18},{"not_picked":["Slice","Choke"],"picked":"Backflip+1","floor":21},{"not_picked":["Finisher","Flying Knee","Masterful Stab"],"picked":"SKIP","floor":23},{"not_picked":["Predator+1","Dodge and Roll"],"picked":"Cloak And Dagger+1","floor":25},{"not_picked":["Heel Hook","Dagger Spray+1"],"picked":"PiercingWail","floor":28},{"not_picked":["Endless Agony","Doppelganger"],"picked":"Backflip","floor":31},{"not_picked":["Malaise","Adrenaline"],"picked":"Corpse Explosion","floor":33},{"not_picked":["Backflip","Quick Slash+1"],"picked":"Accuracy","floor":35},{"not_picked":["Bane+1","Sucker Punch","Blade Dance+1"],"picked":"SKIP","floor":39},{"not_picked":["Acrobatics+1","Deflect+1"],"picked":"Deadly Poison+1","floor":40},{"not_picked":["Slice+1","Predator"],"picked":"Setup+1","floor":42},{"not_picked":["Outmaneuver","Phantasmal Killer"],"picked":"Acrobatics+1","floor":47},{"not_picked":["Eviscerate+1","Predator+1","Bane+1"],"picked":"SKIP","floor":48},{"not_picked":["Flying Knee+1","Noxious Fumes"],"picked":"Catalyst","floor":54}],"player_experience":127191,"relics_obtained":[{"floor":5,"key":"Mango"},{"floor":6,"key":"Orichalcum"},{"floor":8,"key":"Ornamental Fan"},{"floor":9,"key":"Regal Pillow"},{"floor":13,"key":"Ninja Scroll"},{"floor":23,"key":"PreservedInsect"},{"floor":25,"key":"Lantern"},{"floor":26,"key":"Gremlin Horn"},{"floor":31,"key":"Vajra"},{"floor":40,"key":"Bronze Scales"},{"floor":42,"key":"MawBank"},{"floor":45,"key":"Shovel"},{"floor":47,"key":"Tingsha"},{"floor":48,"key":"Pocketwatch"},{"floor":52,"key":"Sundial"},{"floor":54,"key":"Nunchaku"}],"event_choices":[{"damage_healed":0,"gold_gain":0,"player_choice":"Take Damage","damage_taken":17,"relics_obtained":["Golden Idol"],"max_hp_gain":0,"max_hp_loss":0,"event_name":"Golden Idol","floor":3,"gold_loss":0},{"damage_healed":0,"gold_gain":0,"player_choice":"Ignored","damage_taken":0,"max_hp_gain":0,"max_hp_loss":0,"event_name":"Vampires","floor":19,"gold_loss":0},{"damage_healed":0,"gold_gain":0,"player_choice":"Read","damage_taken":0,"max_hp_gain":0,"max_hp_loss":0,"event_name":"The Library","floor":20,"gold_loss":0,"cards_obtained":["All Out Attack"]},{"damage_healed":0,"gold_gain":0,"player_choice":"Ignored","damage_taken":0,"max_hp_gain":0,"max_hp_loss":0,"event_name":"Cursed Tome","floor":22,"gold_loss":0},{"damage_healed":0,"gold_gain":0,"player_choice":"Ignored","damage_taken":0,"max_hp_gain":0,"max_hp_loss":0,"event_name":"Tomb of Lord Red Mask","floor":36,"gold_loss":0},{"damage_healed":0,"gold_gain":0,"player_choice":"Memory 1","damage_taken":0,"max_hp_gain":0,"max_hp_loss":0,"event_name":"SensoryStone","floor":37,"gold_loss":0},{"damage_healed":0,"gold_gain":0,"player_choice":"Fight","damage_taken":0,"max_hp_gain":0,"max_hp_loss":0,"event_name":"MindBloom","floor":45,"gold_loss":0},{"damage_healed":0,"gold_gain":0,"player_choice":"Fight","damage_taken":0,"max_hp_gain":0,"max_hp_loss":0,"event_name":"Mysterious Sphere","floor":47,"gold_loss":0}],"is_beta":false,"boss_relics":[{"not_picked":["Sozu","WristBlade"],"picked":"Philosopher\u0027s Stone"},{"not_picked":["Coffee Dripper","Busted Crown"],"picked":"Lizard Tail"}],"items_purged_floors":[29,38],"is_endless":false,"potions_floor_spawned":[6,10,12,16,18,25,28,40,45,47,48,54],"ascension_level":2}