{"gold_per_floor":[118,130,141,151,151,151,166,166,166,196,214,225,235,70,70,147,147,161,181,9,9,9,9,40,40,40,60,60,75,21,21],"floor_reached":31,"playtime":1486,"items_purged":["Strike_R"],"score":479,"play_id":"81c0d5fb-1863-4eec-96d0-b194a483ab68","local_time":"20190622233721","is_ascension_mode":true,"campfire_choices":[{"data":"Uppercut","floor":6.0,"key":"SMITH"},{"data":"Clothesline","floor":8.0,"key":"SMITH"},{"data":"Defend_R","floor":15.0,"key":"SMITH"},{"floor":23.0,"key":"REST"},{"data":"Barricade","floor":25,"key":"SMITH"},{"floor":28,"key":"REST"}],"neow_cost":"NONE","seed_source_timestamp":642764273060422,"circlet_count":0,"master_deck":["AscendersBane","Strike_R","Strike_R","Defend_R","Defend_R","Defend_R+1","Defend_R","Flex","Clothesline+1","Twin Strike","Uppercut+1","Double Tap","Iron Wave","Intimidate","PanicButton","Immolate","Carnage","Battle Trance","Inflame","Barricade+1","Body Slam","Feel No Pain+1"],"special_seed":0,"relics":["Burning Blood","Ornamental Fan","Letter Opener","Philosopher\u0027s Stone","Champion Belt","Unceasing Top"],"potions_floor_usage":[24,31],"damage_taken":[{"damage":8.0,"enemies":"Small Slimes","floor":1.0,"turns":5.0},{"damage":3.0,"enemies":"Cultist","floor":2.0,"turns":4.0},{"damage":8.0,"enemies":"2 Louse","floor":3.0,"turns":3.0},{"damage":16.0,"enemies":"Red Slaver","floor":4.0,"turns":3.0},{"damage":23.0,"enemies":"Lots of Slimes","floor":7.0,"turns":6.0},{"damage":36.0,"enemies":"3 Sentries","floor":10.0,"turns":7.0},{"damage":3.0,"enemies":"Large Slime","floor":11.0,"turns":3.0},{"damage":0.0,"enemies":"3 Louse","floor":12.0,"turns":3.0},{"damage":4.0,"enemies":"Looter","floor":13.0,"turns":3.0},{"damage":28.0,"enemies":"Hexaghost","floor":16.0,"turns":9.0},{"damage":38.0,"enemies":"3 Byrds","floor":18.0,"turns":6.0},{"damage":10.0,"enemies":"Chosen","floor":19.0,"turns":4.0},{"damage":29,"enemies":"Gremlin Leader","floor":24,"turns":8},{"damage":12,"enemies":"Centurion and Healer","floor":27,"turns":7},{"damage":22,"enemies":"Snake Plant","floor":29,"turns":4},{"damage":24,"enemies":"Cultist and Chosen","floor":31,"turns":3}],"seed_played":"-7595823861971021709","potions_obtained":[{"floor":2.0,"key":"Energy Potion"},{"floor":10.0,"key":"Ancient Potion"},{"floor":12.0,"key":"Strength Potion"},{"floor":13.0,"key":"Regen Potion"},{"floor":19.0,"key":"EssenceOfSteel"}],"is_trial":false,"path_per_floor":["M","M","M","M","?","R","M","R","T","E","M","M","M","$","R","B",null,"M","M","$","?","$","R","E","R","T","M","R","M","$","M"],"character_chosen":"IRONCLAD","items_purchased":["PanicButton","Battle Trance","Inflame","SpeedPotion"],"campfire_rested":2,"item_purchase_floors":[14,20,20,30],"current_hp_per_floor":[66,69,67,57,57,57,40,40,40,10,13,19,21,21,21,14,60,28,24,24,24,24,46,23,23,23,17,39,23,23,0],"gold":21,"neow_bonus":"TRANSFORM_CARD","is_prod":false,"is_daily":false,"chose_seed":false,"campfire_upgraded":4,"win_rate":0,"timestamp":1561264641,"path_taken":["M","M","M","M","?","R","M","R","T","E","M","M","M","$","R","BOSS","M","M","$","?","?","R","E","R","T","M","R","M","$","M"],"build_version":"2019-01-23","purchased_purges":1,"victory":false,"max_hp_per_floor":[75,75,75,75,75,75,75,75,75,75,75,75,75,75,75,75,75,75,75,75,75,75,75,75,75,75,75,75,75,75,75],"card_choices":[{"not_picked":["Entrench","Sword Boomerang"],"picked":"Clothesline","floor":1.0},{"not_picked":["Body Slam","Ghostly Armor"],"picked":"Twin Strike","floor":2.0},{"not_picked":["Clash","Cleave"],"picked":"Uppercut","floor":3.0},{"not_picked":["Pommel Strike","Perfected Strike","Clash"],"picked":"SKIP","floor":4.0},{"not_picked":["Twin Strike","Perfected Strike","Bloodletting"],"picked":"SKIP","floor":7.0},{"not_picked":["Dual Wield","Perfected Strike"],"picked":"Double Tap","floor":10.0},{"not_picked":["Burning Pact","Clothesline"],"picked":"Iron Wave","floor":11.0},{"not_picked":["Uppercut","Thunderclap"],"picked":"Intimidate","floor":12.0},{"not_picked":["Seeing Red","Sword Boomerang","Blood for Blood"],"picked":"SKIP","floor":13.0},{"not_picked":["Offering","Reaper"],"picked":"Immolate","floor":16.0},{"not_picked":["Warcry","Uppercut","Anger+1"],"picked":"SKIP","floor":18.0},{"not_picked":["Cleave","Headbutt+1"],"picked":"Carnage","floor":19.0},{"not_picked":["Burning Pact","Whirlwind"],"picked":"Body Slam","floor":24},{"not_picked":["Pommel Strike","Cleave","Havoc"],"picked":"SKIP","floor":27},{"not_picked":["Heavy Blade","Shockwave"],"picked":"Feel No Pain+1","floor":29}],"player_experience":644106,"relics_obtained":[{"floor":9.0,"key":"Ornamental Fan"},{"floor":10.0,"key":"Letter Opener"},{"floor":24,"key":"Champion Belt"},{"floor":26,"key":"Unceasing Top"}],"event_choices":[{"cards_removed":["Bash"],"damage_healed":0.0,"max_hp_gain":0.0,"max_hp_loss":0.0,"gold_gain":0.0,"event_name":"Living Wall","player_choice":"Forget","floor":5.0,"gold_loss":0.0,"damage_taken":0.0},{"damage_healed":0.0,"max_hp_gain":0.0,"max_hp_loss":0.0,"gold_gain":0.0,"cards_transformed":["Strike_R"],"event_name":"Transmorgrifier","player_choice":"Transformed","floor":21.0,"gold_loss":0.0,"damage_taken":0.0,"cards_obtained":["Barricade"]}],"is_beta":false,"boss_relics":[{"not_picked":["Lizard Tail","Black Blood"],"picked":"Philosopher\u0027s Stone"}],"items_purged_floors":[14],"is_endless":false,"potions_floor_spawned":[2,10,12,13,19],"killed_by":"Cultist and Chosen","ascension_level":17}