{"gold_per_floor":[109,125,144,144,160,191,204,217,240,270,270,288,314,314,314,413,413,423,423,436,351,311,311,324,649,721,721,736,751,624,642,642,739,739,758,772,792,892,456,456],"floor_reached":40,"playtime":2842,"items_purged":["Cold Snap","Beam Cell"],"score":507,"play_id":"61826a2a-f9bc-4a62-96e1-334bcaf9082d","local_time":"20181126180446","is_ascension_mode":false,"campfire_choices":[{"floor":15,"key":"REST"},{"data":"Zap","floor":23,"key":"SMITH"},{"data":"Dualcast","floor":27,"key":"SMITH"},{"data":"Leap","floor":32,"key":"SMITH"}],"neow_cost":"NONE","seed_source_timestamp":1109502810813197,"circlet_count":0,"master_deck":["Defend_B","Zap+1","Dualcast+1","Finesse","Leap+1","Sweeping Beam+1","FTL","Skim","Electrodynamics+1","Ball Lightning+1","Beam Cell+1","Barrage+1","Go for the Eyes+1","Bite+1","Bite+1","Bite+1","Bite+1","Bite+1","Chaos+1","Skim","Redo+1","Lockon+1","Hologram","Leap","Turbo","Leap+1","Thunder Strike+1","Darkness+1","Echo Form+1","Coolheaded+1","Capacitor+1","Capacitor+1"],"relics":["Cracked Core","Sundial","Anchor","Molten Egg 2","Pen Nib","Orrery","Prayer Wheel","Old Coin","Letter Opener","Astrolabe","HandDrill","PreservedInsect"],"potions_floor_usage":[13,16,33],"damage_taken":[{"damage":0,"enemies":"Jaw Worm","floor":1,"turns":5},{"damage":0,"enemies":"Cultist","floor":2,"turns":3},{"damage":0,"enemies":"2 Louse","floor":3,"turns":2},{"damage":0,"enemies":"Large Slime","floor":5,"turns":5},{"damage":13,"enemies":"Lagavulin","floor":6,"turns":7},{"damage":0,"enemies":"3 Louse","floor":7,"turns":2},{"damage":0,"enemies":"Red Slaver","floor":8,"turns":3},{"damage":7,"enemies":"3 Sentries","floor":10,"turns":6},{"damage":0,"enemies":"Large Slime","floor":12,"turns":3},{"damage":6,"enemies":"Gremlin Nob","floor":13,"turns":3},{"damage":23,"enemies":"Slime Boss","floor":16,"turns":10},{"damage":0,"enemies":"3 Byrds","floor":18,"turns":3},{"damage":10,"enemies":"2 Thieves","floor":20,"turns":3},{"damage":2,"enemies":"Centurion and Healer","floor":24,"turns":2},{"damage":0,"enemies":"Gremlin Leader","floor":25,"turns":5},{"damage":0,"enemies":"Snake Plant","floor":28,"turns":2},{"damage":11,"enemies":"Cultist and Chosen","floor":29,"turns":4},{"damage":0,"enemies":"3 Cultists","floor":31,"turns":3},{"damage":14,"enemies":"Collector","floor":33,"turns":6},{"damage":17,"enemies":"3 Darklings","floor":35,"turns":3},{"damage":7,"enemies":"3 Shapes","floor":36,"turns":2},{"damage":40,"enemies":"Sphere and 2 Shapes","floor":37,"turns":4},{"damage":39,"enemies":"Reptomancer","floor":40,"turns":4}],"seed_played":"1031417150104991674","potions_obtained":[{"floor":3,"key":"Strength Potion"},{"floor":7,"key":"Fire Potion"},{"floor":10,"key":"LiquidBronze"},{"floor":13,"key":"Dexterity Potion"},{"floor":16,"key":"Regen Potion"},{"floor":20,"key":"Regen Potion"},{"floor":28,"key":"EssenceOfSteel"},{"floor":35,"key":"SneckoOil"}],"is_trial":false,"path_per_floor":["M","M","M","?","M","E","M","M","T","E","?","M","E","?","R","B",null,"M","?","M","?","?","R","M","E","T","R","M","M","$","M","R","B",null,"M","M","M","?","$","E"],"character_chosen":"DEFECT","items_purchased":["Leap","HandDrill","PreservedInsect"],"campfire_rested":1,"item_purchase_floors":[30,39,39],"current_hp_per_floor":[75,75,75,75,75,62,62,62,62,55,55,55,49,46,68,47,75,75,75,68,68,68,68,69,75,75,75,75,64,64,67,67,65,75,61,57,23,23,23,0],"gold":456,"neow_bonus":"RANDOM_COLORLESS","is_prod":false,"is_daily":false,"chose_seed":false,"campfire_upgraded":3,"win_rate":0,"timestamp":1543277086,"path_taken":["M","M","M","?","M","E","?","M","T","E","?","M","E","?","R","BOSS","M","?","M","?","?","R","M","E","T","R","M","?","$","M","R","BOSS","M","M","M","?","$","E"],"build_version":"2018-11-15","purchased_purges":2,"victory":false,"max_hp_per_floor":[75,75,75,75,75,75,75,75,75,75,75,75,75,75,75,75,75,75,75,75,75,75,75,75,75,75,75,75,75,75,75,75,75,75,75,75,75,75,75,75],"card_choices":[{"not_picked":["Barrage","Rebound"],"picked":"Cold Snap","floor":1},{"not_picked":["Turbo","Rebound"],"picked":"Leap","floor":2},{"not_picked":["Double Energy","Steam Power"],"picked":"Sweeping Beam","floor":3},{"not_picked":["Conserve Battery","Chill"],"picked":"FTL","floor":5},{"not_picked":["Double Energy","Steam","Creative AI"],"picked":"SKIP","floor":6},{"not_picked":["Steam","Compile Driver"],"picked":"Skim","floor":7},{"not_picked":["Conserve Battery","Stack"],"picked":"Beam Cell","floor":8},{"not_picked":["Hello World","Genetic Algorithm","Auto Shields"],"picked":"SKIP","floor":10},{"not_picked":["Force Field","Steam","Scrape+1"],"picked":"SKIP","floor":12},{"not_picked":["Steam","Barrage+1","Scrape+1"],"picked":"SKIP","floor":13},{"not_picked":["Hyperbeam+1","Echo Form"],"picked":"Electrodynamics","floor":16},{"not_picked":["Streamline+1","Chaos"],"picked":"Ball Lightning+1","floor":17},{"not_picked":["All For One+1","Consume"],"picked":"Beam Cell+1","floor":17},{"not_picked":["Go for the Eyes+1","Chaos"],"picked":"Barrage+1","floor":17},{"not_picked":["Loop","Reinforced Body"],"picked":"Go for the Eyes+1","floor":17},{"not_picked":["Barrage+1","Stack","Go for the Eyes+1"],"picked":"SKIP","floor":18},{"not_picked":["Undo+1","Leap"],"picked":"Chaos+1","floor":20},{"not_picked":["Coolheaded","Rebound+1"],"picked":"Skim","floor":24},{"not_picked":["Leap","Thunder Strike+1","Go for the Eyes+1"],"picked":"SKIP","floor":24},{"not_picked":["Gash+1","Compile Driver+1"],"picked":"Redo+1","floor":25},{"not_picked":["Compile Driver+1","Redo+1"],"picked":"Lockon+1","floor":28},{"not_picked":["Rebound+1","Heatsinks"],"picked":"Hologram","floor":28},{"not_picked":["Coolheaded","BootSequence","Undo"],"picked":"SKIP","floor":29},{"not_picked":["Turbo","Cold Snap+1","Undo"],"picked":"SKIP","floor":29},{"not_picked":["Coolheaded","Compile Driver+1"],"picked":"Turbo","floor":31},{"not_picked":["Gash+1","Electrodynamics"],"picked":"Leap+1","floor":31},{"not_picked":["Echo Form","Reboot"],"picked":"Thunder Strike+1","floor":33},{"not_picked":["Heatsinks","Leap+1"],"picked":"Capacitor+1","floor":35},{"not_picked":["Stack+1","Ball Lightning+1","Recycle"],"picked":"SKIP","floor":35},{"not_picked":["Go for the Eyes+1","Fusion+1"],"picked":"Capacitor+1","floor":36},{"not_picked":["Leap+1","Coolheaded+1","Hologram"],"picked":"SKIP","floor":36},{"not_picked":["Reprogram+1","Reinforced Body","Self Repair+1"],"picked":"SKIP","floor":37},{"not_picked":["Gash+1","Heatsinks+1","Coolheaded+1"],"picked":"SKIP","floor":37}],"player_experience":120454,"relics_obtained":[{"floor":6,"key":"Sundial"},{"floor":9,"key":"Anchor"},{"floor":10,"key":"Molten Egg 2"},{"floor":13,"key":"Blood Vial"},{"floor":25,"key":"Old Coin"},{"floor":26,"key":"Letter Opener"}],"event_choices":[{"damage_healed":0,"gold_gain":0,"player_choice":"Upgraded","damage_taken":0,"max_hp_gain":0,"max_hp_loss":0,"event_name":"Upgrade Shrine","floor":4,"gold_loss":0,"cards_upgraded":["Sweeping Beam"]},{"damage_healed":0,"gold_gain":0,"player_choice":"Ignored","damage_taken":0,"max_hp_gain":0,"max_hp_loss":0,"event_name":"Liars Game","floor":11,"gold_loss":0},{"damage_healed":0,"gold_gain":0,"player_choice":"Success","damage_taken":3,"relics_obtained":["Pen Nib"],"max_hp_gain":0,"max_hp_loss":0,"event_name":"Scrap Ooze","floor":14,"gold_loss":0},{"damage_healed":0,"gold_gain":0,"player_choice":"Became a vampire (Vial)","damage_taken":0,"max_hp_gain":0,"max_hp_loss":0,"event_name":"Vampires","floor":19,"relics_lost":["Blood Vial"],"gold_loss":0,"cards_obtained":["Bite","Bite","Bite","Bite","Bite"]},{"damage_healed":0,"gold_gain":0,"player_choice":"Obtained Relic","damage_taken":0,"relics_obtained":["Prayer Wheel"],"max_hp_gain":0,"max_hp_loss":0,"event_name":"Addict","floor":21,"gold_loss":85},{"damage_healed":0,"gold_gain":0,"player_choice":"Upgrade","damage_taken":0,"max_hp_gain":0,"max_hp_loss":0,"event_name":"Designer","floor":22,"gold_loss":40,"cards_upgraded":["Electrodynamics"]},{"damage_healed":0,"gold_gain":100,"player_choice":"Pray","damage_taken":0,"max_hp_gain":0,"max_hp_loss":0,"event_name":"Golden Shrine","floor":38,"gold_loss":0}],"is_beta":false,"boss_relics":[{"not_picked":["Runic Pyramid","Eternal Feather"],"picked":"Orrery"},{"not_picked":["Pandora\u0027s Box","Velvet Choker"],"picked":"Astrolabe"}],"items_purged_floors":[30,39],"is_endless":false,"potions_floor_spawned":[3,7,10,13,16,20,24,28,31,35],"killed_by":"Reptomancer","ascension_level":0}