{"gold_per_floor":[110,127,127,138,63,63,96,116,139,150,161,178,206,206,206,329,329,329,329,229,229,229,229,229,229,229,229,229,229,229,229,229,229,229,229,189,64,64,64,64,64,64,64,64,64,64,64,64,64,64],"floor_reached":50,"playtime":4424,"items_purged":["Defend_B","Defend_B","Hello World"],"score":493,"play_id":"32d5e8d8-44be-4ef3-baf9-eb06a374ba59","local_time":"20181125003540","is_ascension_mode":false,"campfire_choices":[{"data":"Zap","floor":6,"key":"SMITH"},{"floor":15,"key":"REST"},{"floor":23,"key":"RECALL"},{"data":"Rainbow","floor":29,"key":"SMITH"},{"floor":32,"key":"REST"},{"floor":44,"key":"REST"},{"floor":49,"key":"REST"}],"neow_cost":"NONE","seed_source_timestamp":958578185101357,"circlet_count":0,"master_deck":["Defend_B+1","Defend_B+1","Zap+1","Dualcast","FTL","Ball Lightning","Leap+1","Beam Cell","Cold Snap","Hologram+1","Rainbow+1","Bite","Bite","Bite","Bite","Bite","Melter+1","Steam","Conserve Battery","Glacier","Cold Snap","Consume","Go for the Eyes+1","Parasite","Ball Lightning+1","Electrodynamics"],"relics":["Cracked Core","Bloody Idol","Ectoplasm","Nloth\u0027s Gift","Bronze Scales","Sozu","Mummified Hand"],"potions_floor_usage":[13,16,16,27,39,40,46],"damage_taken":[{"damage":11,"enemies":"2 Louse","floor":1,"turns":3},{"damage":5,"enemies":"Small Slimes","floor":2,"turns":3},{"damage":1,"enemies":"Jaw Worm","floor":4,"turns":3},{"damage":9,"enemies":"3 Sentries","floor":7,"turns":6},{"damage":12,"enemies":"Lots of Slimes","floor":8,"turns":3},{"damage":3,"enemies":"Blue Slaver","floor":10,"turns":3},{"damage":7,"enemies":"3 Louse","floor":11,"turns":3},{"damage":2,"enemies":"Red Slaver","floor":12,"turns":2},{"damage":4,"enemies":"Gremlin Nob","floor":13,"turns":3},{"damage":30,"enemies":"Hexaghost","floor":16,"turns":10},{"damage":0,"enemies":"3 Byrds","floor":18,"turns":4},{"damage":10,"enemies":"Spheric Guardian","floor":22,"turns":4},{"damage":12,"enemies":"Snecko","floor":24,"turns":3},{"damage":23,"enemies":"Snake Plant","floor":25,"turns":4},{"damage":7,"enemies":"Centurion and Healer","floor":27,"turns":4},{"damage":10,"enemies":"Cultist and Chosen","floor":30,"turns":4},{"damage":19,"enemies":"Snake Plant","floor":31,"turns":3},{"damage":70,"enemies":"Collector","floor":33,"turns":12},{"damage":16,"enemies":"3 Darklings","floor":35,"turns":6},{"damage":0,"enemies":"Orb Walker","floor":38,"turns":3},{"damage":47,"enemies":"Maw","floor":39,"turns":11},{"damage":14,"enemies":"Spire Growth","floor":40,"turns":5},{"damage":12,"enemies":"4 Shapes","floor":41,"turns":6},{"damage":27,"enemies":"Writhing Mass","floor":42,"turns":8},{"damage":6,"enemies":"Sphere and 2 Shapes","floor":45,"turns":4},{"damage":0,"enemies":"3 Darklings","floor":46,"turns":1},{"damage":14,"enemies":"Spire Growth","floor":47,"turns":5},{"damage":10,"enemies":"Jaw Worm Horde","floor":48,"turns":5},{"damage":98,"enemies":"Time Eater","floor":50,"turns":12}],"seed_played":"-6812518374721132863","potions_obtained":[{"floor":4,"key":"Swift Potion"},{"floor":8,"key":"FocusPotion"},{"floor":10,"key":"Block Potion"},{"floor":13,"key":"Weak Potion"},{"floor":25,"key":"Explosive Potion"},{"floor":30,"key":"Swift Potion"},{"floor":31,"key":"SmokeBomb"}],"is_trial":false,"path_per_floor":["M","M","?","M","$","R","E","M","T","M","M","M","E","?","R","B",null,"M","?","$","?","M","R","M","M","T","M","?","R","M","M","R","B",null,"M","?","$","M","M","M","M","M","T","R","M","M","M","M","R","B"],"character_chosen":"DEFECT","items_purchased":[],"campfire_rested":4,"item_purchase_floors":[],"current_hp_per_floor":[71,66,66,65,65,65,56,46,46,45,40,40,38,38,60,32,76,76,76,76,76,68,68,64,53,53,58,58,58,56,43,65,17,76,70,70,70,70,36,38,36,29,29,51,53,53,49,51,73,0],"gold":64,"neow_bonus":"TEN_PERCENT_HP_BONUS","is_prod":false,"is_daily":false,"chose_seed":false,"campfire_upgraded":2,"win_rate":0,"timestamp":1543127740,"path_taken":["M","M","?","M","$","R","E","M","T","M","M","M","E","?","R","BOSS","M","?","$","?","M","R","M","?","T","M","?","R","M","M","R","BOSS","M","?","$","M","M","M","M","M","T","R","?","M","M","?","R","BOSS"],"build_version":"2018-11-15","purchased_purges":3,"victory":false,"max_hp_per_floor":[82,82,82,82,82,82,82,82,82,82,82,82,82,76,76,76,76,76,76,76,76,76,76,76,76,76,76,76,76,76,76,76,76,76,76,76,76,76,76,76,76,76,76,76,76,76,76,76,76,76],"card_choices":[{"not_picked":["Stack","Loop"],"picked":"FTL","floor":1},{"not_picked":["Steam Power","Skim"],"picked":"Ball Lightning","floor":2},{"not_picked":["Ball Lightning","Streamline"],"picked":"Leap","floor":4},{"not_picked":["Genetic Algorithm","Rebound","Multi-Cast"],"picked":"SKIP","floor":7},{"not_picked":["Undo","Ball Lightning"],"picked":"Beam Cell","floor":8},{"not_picked":["Turbo","Rip and Tear","Beam Cell"],"picked":"SKIP","floor":10},{"not_picked":["Double Energy","Compile Driver"],"picked":"Cold Snap","floor":11},{"not_picked":["Sweeping Beam","Static Discharge","Auto Shields"],"picked":"SKIP","floor":12},{"not_picked":["Beam Cell","Storm"],"picked":"Hologram","floor":13},{"not_picked":["Reboot","Seek"],"picked":"Rainbow","floor":16},{"not_picked":["Beam Cell","Gash","Hologram"],"picked":"SKIP","floor":18},{"not_picked":["Gash","Leap","Streamline"],"picked":"SKIP","floor":22},{"not_picked":["Streamline","Turbo"],"picked":"Melter+1","floor":24},{"not_picked":["Consume+1","Compile Driver"],"picked":"Steam","floor":25},{"not_picked":["BootSequence","Thunder Strike"],"picked":"Hello World","floor":27},{"not_picked":["Streamline","Sunder"],"picked":"Conserve Battery","floor":30},{"not_picked":["Compile Driver","All For One"],"picked":"Glacier","floor":31},{"not_picked":["Barrage+1","Hologram+1"],"picked":"Cold Snap","floor":35},{"not_picked":["Sweeping Beam","Turbo"],"picked":"Consume","floor":38},{"not_picked":["Heatsinks","Compile Driver+1","BootSequence"],"picked":"SKIP","floor":39},{"not_picked":["Rebound","Scrape","Turbo"],"picked":"SKIP","floor":40},{"not_picked":["Redo","Seek"],"picked":"Go for the Eyes+1","floor":41},{"not_picked":["Fusion+1","Scrape+1","Melter"],"picked":"SKIP","floor":42},{"not_picked":["Fusion+1","Scrape+1","Melter"],"picked":"SKIP","floor":42},{"not_picked":["Sweeping Beam","Barrage+1"],"picked":"Ball Lightning+1","floor":45},{"not_picked":["Gash+1","Electrodynamics","Coolheaded"],"picked":"SKIP","floor":47},{"not_picked":["Meteor Strike","Conserve Battery"],"picked":"Electrodynamics","floor":48}],"player_experience":84503,"relics_obtained":[{"floor":7,"key":"Blood Vial"},{"floor":13,"key":"War Paint"},{"floor":26,"key":"Bronze Scales"},{"floor":43,"key":"Mummified Hand"}],"event_choices":[{"damage_healed":0,"gold_gain":0,"player_choice":"Ignored","damage_taken":0,"max_hp_gain":0,"max_hp_loss":0,"event_name":"Liars Game","floor":3,"gold_loss":0},{"damage_healed":0,"gold_gain":0,"player_choice":"Lose Max HP","damage_taken":0,"relics_obtained":["Golden Idol"],"max_hp_gain":0,"max_hp_loss":6,"event_name":"Golden Idol","floor":14,"gold_loss":0},{"damage_healed":0,"gold_gain":0,"player_choice":"Became a vampire (Vial)","damage_taken":0,"max_hp_gain":0,"max_hp_loss":0,"event_name":"Vampires","floor":19,"relics_lost":["Blood Vial"],"gold_loss":0,"cards_obtained":["Bite","Bite","Bite","Bite","Bite"]},{"damage_healed":0,"gold_gain":0,"player_choice":"Traded Relic","damage_taken":0,"relics_obtained":["Nloth\u0027s Gift"],"max_hp_gain":0,"max_hp_loss":0,"event_name":"N\u0027loth","floor":21,"relics_lost":["War Paint"],"gold_loss":0},{"damage_healed":0,"gold_gain":0,"player_choice":"Gave Idol","damage_taken":0,"relics_obtained":["Bloody Idol"],"max_hp_gain":0,"max_hp_loss":0,"event_name":"Forgotten Altar","floor":28,"relics_lost":["Golden Idol"],"gold_loss":0},{"damage_healed":0,"gold_gain":0,"player_choice":"Upgraded Two","damage_taken":0,"max_hp_gain":0,"max_hp_loss":0,"event_name":"Designer","floor":36,"gold_loss":40,"cards_upgraded":["Leap","Hologram"]}],"is_beta":false,"boss_relics":[{"not_picked":["Snecko Eye","Philosopher\u0027s Stone"],"picked":"Ectoplasm"},{"not_picked":["FrozenCore","Coffee Dripper"],"picked":"Sozu"}],"items_purged_floors":[5,20,37],"is_endless":false,"potions_floor_spawned":[4,8,10,13,25,30,31,35,41,45,47,48],"killed_by":"Time Eater","ascension_level":0}