{"gold_per_floor":[114,126,136,136,136,136,169,179,232,232,47,63,63,75,75,152,152,169,185,235,246,265,265],"floor_reached":23,"playtime":1122,"items_purged":["Strike_G"],"score":351,"play_id":"e54834cb-0400-4fb0-a626-1ce2403a034c","local_time":"20190616124526","is_ascension_mode":true,"campfire_choices":[{"floor":6,"key":"REST"},{"data":"Neutralize","floor":10,"key":"SMITH"},{"data":"Terror","floor":13,"key":"SMITH"},{"floor":15,"key":"REST"}],"neow_cost":"NONE","seed_source_timestamp":85770670568963,"circlet_count":0,"master_deck":["AscendersBane","Defend_G+1","Defend_G","Defend_G","Defend_G","Defend_G","Strike_G+1","Strike_G","Strike_G","Survivor","Neutralize+1","Predator","Cloak And Dagger","All Out Attack","Bouncing Flask","Deadly Poison","Terror+1","Dash","Die Die Die","PiercingWail","Footwork","Dagger Spray"],"relics":["Ring of the Snake","Regal Pillow","Snake Skull","Tiny Chest","Busted Crown"],"potions_floor_usage":[18,22],"damage_taken":[{"damage":0,"enemies":"Small Slimes","floor":1,"turns":3},{"damage":4,"enemies":"2 Louse","floor":2,"turns":3},{"damage":0,"enemies":"Cultist","floor":3,"turns":4},{"damage":34,"enemies":"Lagavulin","floor":7,"turns":7},{"damage":7,"enemies":"Large Slime","floor":8,"turns":8},{"damage":0,"enemies":"Blue Slaver","floor":12,"turns":4},{"damage":9,"enemies":"Red Slaver","floor":14,"turns":3},{"damage":6,"enemies":"The Guardian","floor":16,"turns":8},{"damage":2,"enemies":"Spheric Guardian","floor":18,"turns":4},{"damage":0,"enemies":"Chosen","floor":19,"turns":4},{"damage":17,"enemies":"Snake Plant","floor":21,"turns":5},{"damage":14,"enemies":"Shelled Parasite and Fungi","floor":22,"turns":7},{"damage":30,"enemies":"Slavers","floor":23,"turns":3}],"seed_played":"-7865005652168431266","potions_obtained":[{"floor":1,"key":"GhostInAJar"},{"floor":21,"key":"FearPotion"}],"is_trial":false,"path_per_floor":["M","M","M","?","?","R","E","M","T","R","$","M","R","M","R","B",null,"M","M","?","M","M","E"],"character_chosen":"THE_SILENT","items_purchased":["Deadly Poison","PowerPotion"],"campfire_rested":2,"item_purchase_floors":[11,11],"current_hp_per_floor":[59,55,55,35,28,62,28,21,21,21,21,21,21,12,46,40,60,58,58,58,41,27,0],"gold":265,"neow_bonus":"RANDOM_COMMON_RELIC","is_prod":false,"is_daily":false,"chose_seed":false,"campfire_upgraded":2,"win_rate":0,"timestamp":1560707126,"path_taken":["M","M","M","?","?","R","E","M","T","R","$","M","R","M","R","BOSS","M","M","?","M","M","E"],"build_version":"2019-01-23","purchased_purges":1,"victory":false,"max_hp_per_floor":[66,66,66,66,66,66,66,66,66,66,66,66,66,66,66,66,66,66,66,66,66,66,66],"card_choices":[{"not_picked":["Prepared","Distraction"],"picked":"Predator","floor":1},{"not_picked":["PiercingWail","Dodge and Roll"],"picked":"Cloak And Dagger","floor":2},{"not_picked":["Outmaneuver","Tactician"],"picked":"All Out Attack","floor":3},{"not_picked":["Expertise","Prepared","Setup"],"picked":"SKIP","floor":7},{"not_picked":["Catalyst","Underhanded Strike"],"picked":"Bouncing Flask","floor":8},{"not_picked":["Slice","Choke"],"picked":"Terror","floor":12},{"not_picked":["Flying Knee","Outmaneuver"],"picked":"Dash","floor":14},{"not_picked":["Unload","Tools of the Trade"],"picked":"Die Die Die","floor":16},{"not_picked":[],"picked":"PiercingWail","floor":18},{"not_picked":[],"picked":"Footwork","floor":19},{"not_picked":["Finisher"],"picked":"SKIP","floor":21},{"not_picked":[],"picked":"Dagger Spray","floor":22}],"player_experience":580697,"relics_obtained":[{"floor":7,"key":"Snake Skull"},{"floor":9,"key":"Tiny Chest"}],"event_choices":[{"damage_healed":0,"gold_gain":0,"player_choice":"Entered Light","damage_taken":20,"max_hp_gain":0,"max_hp_loss":0,"event_name":"Shining Light","floor":4,"gold_loss":0,"cards_upgraded":["Strike_G","Defend_G"]},{"cards_removed":["Strike_G"],"damage_healed":0,"gold_gain":0,"player_choice":"Card Removal","damage_taken":7,"max_hp_gain":0,"max_hp_loss":0,"event_name":"Golden Wing","floor":5,"gold_loss":0},{"damage_healed":0,"gold_gain":100,"player_choice":"Bet on Murderer","damage_taken":0,"max_hp_gain":0,"max_hp_loss":0,"event_name":"The Joust","floor":20,"gold_loss":50}],"is_beta":false,"boss_relics":[{"not_picked":["Lizard Tail","Philosopher\u0027s Stone"],"picked":"Busted Crown"}],"items_purged_floors":[11],"is_endless":false,"potions_floor_spawned":[1,12,21],"killed_by":"Slavers","ascension_level":16}