{"gold_per_floor":[116,116,116,116,33,64,64,98,98,98,2,2,30,40,40,114,114,133,133,145,60,74,74,74,104,157,157,190,190],"floor_reached":29,"playtime":2354,"items_purged":[],"score":659,"play_id":"1adf2a20-34ac-410c-9ff5-63228f0654af","local_time":"20190926233740","is_ascension_mode":true,"campfire_choices":[{"data":"Footwork","floor":7,"key":"SMITH"},{"data":"Noxious Fumes","floor":12,"key":"SMITH"},{"data":"Footwork","floor":15,"key":"SMITH"},{"data":"Adrenaline","floor":23,"key":"SMITH"},{"floor":27,"key":"REST"}],"neow_cost":"NONE","seed_source_timestamp":553428501550239,"circlet_count":0,"master_deck":["AscendersBane","Strike_G","Strike_G","Defend_G","Defend_G","Defend_G","Defend_G","Defend_G","Survivor","Neutralize+1","Poisoned Stab","Footwork+1","Footwork+1","Noxious Fumes+1","Deadly Poison","Noxious Fumes","Adrenaline+1","CurseOfTheBell","Backflip","Underhanded Strike+1","After Image","Catalyst","Deadly Poison+1","Cloak And Dagger"],"relics":["Ring of the Snake","NeowsBlessing","Pantograph","Singing Bowl","Art of War","Molten Egg 2","Pear","Ornamental Fan","Calling Bell","Centennial Puzzle","White Beast Statue","Girya","Shuriken","Question Card","Blood Vial","Toxic Egg 2"],"potions_floor_usage":[18,22,25,25,28],"damage_taken":[{"damage":0,"enemies":"2 Louse","floor":1,"turns":1},{"damage":0,"enemies":"3 Sentries","floor":6,"turns":1},{"damage":0,"enemies":"Lagavulin","floor":8,"turns":1},{"damage":27,"enemies":"3 Sentries","floor":13,"turns":7},{"damage":7,"enemies":"Small Slimes","floor":14,"turns":4},{"damage":44,"enemies":"Hexaghost","floor":16,"turns":10},{"damage":0,"enemies":"3 Byrds","floor":18,"turns":3},{"damage":7,"enemies":"Chosen","floor":20,"turns":5},{"damage":3,"enemies":"Centurion and Healer","floor":22,"turns":8},{"damage":34,"enemies":"Gremlin Leader","floor":25,"turns":7},{"damage":23,"enemies":"Slavers","floor":28,"turns":6},{"damage":18,"enemies":"Sentry and Sphere","floor":29,"turns":3}],"seed_played":"8931136103691034350","potions_obtained":[{"floor":6,"key":"LiquidBronze"},{"floor":13,"key":"Explosive Potion"},{"floor":16,"key":"EssenceOfSteel"},{"floor":18,"key":"Regen Potion"},{"floor":20,"key":"GhostInAJar"},{"floor":22,"key":"AttackPotion"},{"floor":25,"key":"Fire Potion"},{"floor":28,"key":"FearPotion"}],"is_trial":false,"path_per_floor":["M","?","?","?","$","E","R","E","T","T","$","R","E","M","R","B",null,"M","?","M","?","M","R","?","E","T","R","E","M"],"character_chosen":"THE_SILENT","items_purchased":["Footwork","Noxious Fumes","Deadly Poison"],"campfire_rested":1,"item_purchase_floors":[5,11,11],"current_hp_per_floor":[59,59,48,41,41,43,43,43,43,53,53,53,26,21,21,2,61,61,61,54,54,66,66,43,9,9,34,15,0],"gold":190,"neow_bonus":"THREE_ENEMY_KILL","is_prod":false,"is_daily":false,"chose_seed":false,"campfire_upgraded":4,"win_rate":0,"timestamp":1569559060,"path_taken":["M","?","?","?","?","E","R","E","T","?","$","R","E","M","R","BOSS","M","?","M","?","M","R","?","E","T","R","E","M"],"build_version":"2019-09-26","purchased_purges":0,"victory":false,"max_hp_per_floor":[66,66,66,66,66,68,68,68,68,78,78,78,78,80,80,80,80,80,80,80,80,80,80,85,85,85,85,87,87],"card_choices":[{"not_picked":["Terror","Deflect"],"picked":"Poisoned Stab","floor":1},{"not_picked":["Underhanded Strike","Dagger Throw","Reflex"],"picked":"Singing Bowl","floor":6},{"not_picked":["Choke","Blade Dance"],"picked":"Footwork","floor":8},{"not_picked":["Deadly Poison","Blade Dance"],"picked":"Noxious Fumes","floor":13},{"not_picked":["Flechettes+1","Poisoned Stab+1","Terror"],"picked":"Singing Bowl","floor":14},{"not_picked":["Tools of the Trade","Unload+1"],"picked":"Adrenaline","floor":16},{"not_picked":["Escape Plan+1","Quick Slash+1"],"picked":"Backflip","floor":18},{"not_picked":["Setup","Crippling Poison"],"picked":"Catalyst","floor":20},{"not_picked":["Noxious Fumes","Caltrops"],"picked":"Deadly Poison+1","floor":22},{"not_picked":["Choke+1","Bouncing Flask"],"picked":"Cloak And Dagger","floor":25},{"not_picked":["Crippling Poison+1","Sucker Punch+1","Endless Agony+1","Accuracy"],"picked":"Singing Bowl","floor":28}],"player_experience":753893,"relics_obtained":[{"floor":6,"key":"Singing Bowl"},{"floor":8,"key":"Art of War"},{"floor":9,"key":"Molten Egg 2"},{"floor":10,"key":"Pear"},{"floor":13,"key":"Ornamental Fan"},{"floor":17,"key":"Centennial Puzzle"},{"floor":17,"key":"White Beast Statue"},{"floor":17,"key":"Girya"},{"floor":25,"key":"Question Card"},{"floor":26,"key":"Blood Vial"},{"floor":28,"key":"Toxic Egg 2"}],"event_choices":[{"damage_healed":0,"gold_gain":0,"player_choice":"Grow","damage_taken":0,"max_hp_gain":0,"max_hp_loss":0,"event_name":"Living Wall","floor":2,"gold_loss":0,"cards_upgraded":["Neutralize"]},{"damage_healed":0,"gold_gain":0,"player_choice":"Success","damage_taken":11,"relics_obtained":["Pantograph"],"max_hp_gain":0,"max_hp_loss":0,"event_name":"Scrap Ooze","floor":3,"gold_loss":0},{"cards_removed":["Strike_G"],"damage_healed":0,"gold_gain":0,"player_choice":"Card Removal","damage_taken":7,"max_hp_gain":0,"max_hp_loss":0,"event_name":"Golden Wing","floor":4,"gold_loss":0},{"damage_healed":0,"gold_gain":0,"cards_transformed":["Strike_G","Strike_G"],"player_choice":"Became Test Subject","damage_taken":0,"max_hp_gain":0,"max_hp_loss":0,"event_name":"Drug Dealer","floor":19,"gold_loss":0,"cards_obtained":["Underhanded Strike","After Image"]},{"damage_healed":0,"gold_gain":0,"player_choice":"Obtained Relic","damage_taken":0,"relics_obtained":["Shuriken"],"max_hp_gain":0,"max_hp_loss":0,"event_name":"Addict","floor":21,"gold_loss":85},{"damage_healed":0,"gold_gain":0,"player_choice":"Shed Blood","damage_taken":28,"max_hp_gain":5,"max_hp_loss":0,"event_name":"Forgotten Altar","floor":24,"gold_loss":0}],"is_beta":true,"boss_relics":[{"not_picked":["WristBlade","Coffee Dripper"],"picked":"Calling Bell"}],"items_purged_floors":[],"is_endless":false,"potions_floor_spawned":[6,13,16,18,20,22,25,28],"killed_by":"Sentry and Sphere","ascension_level":19}