{"gold_per_floor":[215,215,5,5,18,43,43,68,68,80,112,150,162,46,46,120,120,137,137,137,148,158,158,158],"floor_reached":24,"playtime":1032,"items_purged":["Strike_G"],"score":403,"play_id":"1c1f6c88-3cf6-4984-83ac-dd9248493c34","local_time":"20190629233159","is_ascension_mode":true,"campfire_choices":[{"data":"Glass Knife","floor":7,"key":"SMITH"},{"floor":10,"key":"REST"},{"floor":13,"key":"REST"},{"data":"Noxious Fumes","floor":15,"key":"SMITH"},{"floor":23,"key":"REST"}],"neow_cost":"NONE","seed_source_timestamp":30222933700950,"circlet_count":0,"master_deck":["AscendersBane","Defend_G","Defend_G","Defend_G","Defend_G","Defend_G","Strike_G","Strike_G","Strike_G","Strike_G","Survivor","Neutralize","Poisoned Stab","Glass Knife+1","Poisoned Stab","Die Die Die","Noxious Fumes+1","Malaise","Deadly Poison","Necronomicurse","PiercingWail","Backflip"],"relics":["Ring of the Serpent","Matryoshka","Incense Burner","Kunai","MawBank","Darkstone Periapt","Anchor","Necronomicon"],"potions_floor_usage":[6,8,16,16,22,24],"damage_taken":[{"damage":3,"enemies":"Small Slimes","floor":1,"turns":6},{"damage":0,"enemies":"Jaw Worm","floor":5,"turns":3},{"damage":8,"enemies":"Gremlin Nob","floor":6,"turns":3},{"damage":5,"enemies":"Lagavulin","floor":8,"turns":6},{"damage":0,"enemies":"Cultist","floor":11,"turns":2},{"damage":19,"enemies":"3 Sentries","floor":12,"turns":7},{"damage":10,"enemies":"The Guardian","floor":16,"turns":10},{"damage":11,"enemies":"3 Byrds","floor":18,"turns":5},{"damage":3,"enemies":"Chosen","floor":21,"turns":5},{"damage":18,"enemies":"Centurion and Healer","floor":22,"turns":7},{"damage":45,"enemies":"Slavers","floor":24,"turns":5}],"seed_played":"5473265694046798040","potions_obtained":[{"floor":1,"key":"PowerPotion"},{"floor":5,"key":"Fire Potion"},{"floor":11,"key":"SpeedPotion"},{"floor":12,"key":"Swift Potion"},{"floor":16,"key":"SpeedPotion"},{"floor":18,"key":"Block Potion"},{"floor":20,"key":"GamblersBrew"}],"is_trial":false,"path_per_floor":["M","?","$","?","M","E","R","E","T","R","M","E","R","$","R","B",null,"M","?","?","M","M","R","E"],"character_chosen":"THE_SILENT","items_purchased":["Glass Knife","Block Potion","Noxious Fumes","Weak Potion"],"campfire_rested":3,"item_purchase_floors":[3,3,14,14],"current_hp_per_floor":[56,38,38,38,38,30,30,25,25,44,44,25,44,44,44,34,58,47,32,32,29,11,32,0],"gold":158,"neow_bonus":"HUNDRED_GOLD","is_prod":false,"is_daily":false,"chose_seed":false,"campfire_upgraded":2,"win_rate":0,"timestamp":1561869119,"path_taken":["M","?","$","?","M","E","R","E","T","R","M","E","R","$","R","BOSS","M","?","?","M","?","R","E"],"build_version":"2019-01-23","purchased_purges":1,"victory":false,"max_hp_per_floor":[66,66,66,66,66,66,66,66,66,66,66,66,66,66,66,66,66,66,72,72,72,72,72,72],"card_choices":[{"not_picked":["Concentrate","Blade Dance"],"picked":"Poisoned Stab","floor":1},{"not_picked":["Underhanded Strike","Flying Knee"],"picked":"Poisoned Stab","floor":5},{"not_picked":["Outmaneuver","Blade Dance"],"picked":"Die Die Die","floor":6},{"not_picked":["Predator","Eviscerate","Outmaneuver"],"picked":"SKIP","floor":8},{"not_picked":["Dodge and Roll","Acrobatics","Accuracy"],"picked":"SKIP","floor":11},{"not_picked":["Dagger Spray","Dodge and Roll","Accuracy"],"picked":"SKIP","floor":12},{"not_picked":["Storm of Steel","Unload"],"picked":"Malaise","floor":16},{"not_picked":["Escape Plan","Bane"],"picked":"Deadly Poison","floor":18},{"not_picked":["Outmaneuver","Eviscerate"],"picked":"PiercingWail","floor":21},{"not_picked":["Deflect+1","Phantasmal Killer"],"picked":"Backflip","floor":22}],"player_experience":679822,"relics_obtained":[{"floor":6,"key":"Incense Burner"},{"floor":8,"key":"Kunai"},{"floor":9,"key":"MawBank"},{"floor":9,"key":"Darkstone Periapt"},{"floor":12,"key":"Anchor"},{"floor":19,"key":"Necronomicon"}],"event_choices":[{"damage_healed":0,"gold_gain":0,"player_choice":"Success","damage_taken":18,"relics_obtained":["Matryoshka"],"max_hp_gain":0,"max_hp_loss":0,"event_name":"Scrap Ooze","floor":2,"gold_loss":0},{"damage_healed":0,"gold_gain":0,"player_choice":"Ignored","damage_taken":0,"max_hp_gain":0,"max_hp_loss":0,"event_name":"Liars Game","floor":4,"gold_loss":0},{"damage_healed":0,"gold_gain":0,"player_choice":"Obtained Book","damage_taken":21,"max_hp_gain":0,"max_hp_loss":0,"event_name":"Cursed Tome","floor":19,"gold_loss":0},{"damage_healed":0,"gold_gain":0,"player_choice":"Got Potions","damage_taken":0,"max_hp_gain":0,"max_hp_loss":0,"event_name":"Lab","floor":20,"gold_loss":0}],"is_beta":false,"boss_relics":[{"not_picked":["Lizard Tail","HoveringKite"],"picked":"Ring of the Serpent"}],"items_purged_floors":[3],"is_endless":false,"potions_floor_spawned":[1,5,11,12,16,18,21],"killed_by":"Slavers","ascension_level":18}