{"gold_per_floor":[111,186,206,206,171,203,222,235,260,278,311,5,5,105,105,205,205,216,231,156,176,91,91,103,103,103,103,168,168,168,14,14,111,111,131,143,43,95,95,95,95,108,131,141,141,161,0,14,14,14],"floor_reached":51,"playtime":2441,"items_purged":["Strike_B","Strike_B"],"score":1043,"play_id":"76bbcc02-3e9a-4799-9f1b-199ea7791c15","local_time":"20190126222013","is_ascension_mode":true,"campfire_choices":[{"data":"Creative AI","floor":13,"key":"SMITH"},{"data":"Defragment","floor":15,"key":"SMITH"},{"floor":23,"key":"REST"},{"floor":25,"key":"REST"},{"floor":27,"key":"REST"},{"data":"Ghostly","floor":30,"key":"SMITH"},{"data":"Ghostly","floor":32,"key":"SMITH"},{"data":"Ghostly","floor":40,"key":"SMITH"},{"data":"Ghostly","floor":41,"key":"SMITH"},{"data":"Capacitor","floor":45,"key":"SMITH"},{"data":"Static Discharge","floor":49,"key":"SMITH"}],"neow_cost":"NONE","seed_source_timestamp":581507123619279,"circlet_count":0,"master_deck":["Strike_B+1","Strike_B+1","Defend_B","Defend_B","Defend_B","Defend_B","Zap","Dualcast","Cold Snap","Leap","Rainbow","Ball Lightning","Defragment+1","Creative AI+1","Defragment","Rip and Tear","Electrodynamics","Conserve Battery","Defragment","Capacitor+1","Static Discharge+1","Ghostly+1","Ghostly+1","Ghostly+1","Ghostly+1","Ghostly+1","Defragment","Chill","Echo Form","Coolheaded+1","Coolheaded+1","Parasite","Defragment+1","Steam Power+1"],"relics":["Cracked Core","NeowsBlessing","Potion Belt","Ancient Tea Set","Happy Flower","Whetstone","Lantern","Philosopher\u0027s Stone","Pantograph","Pear","Tiny Chest","Eternal Feather","WingedGreaves","Bronze Scales","Red Mask"],"potions_floor_usage":[8,24,28,28,42,50,50,50,50,50,50,50,50],"damage_taken":[{"damage":0,"enemies":"Small Slimes","floor":1,"turns":1},{"damage":0,"enemies":"Jaw Worm","floor":3,"turns":1},{"damage":0,"enemies":"Gremlin Nob","floor":6,"turns":1},{"damage":0,"enemies":"Cultist","floor":7,"turns":4},{"damage":0,"enemies":"Exordium Wildlife","floor":8,"turns":5},{"damage":2,"enemies":"Looter","floor":10,"turns":3},{"damage":20,"enemies":"Lagavulin","floor":11,"turns":8},{"damage":16,"enemies":"Hexaghost","floor":16,"turns":10},{"damage":19,"enemies":"Shell Parasite","floor":18,"turns":6},{"damage":16,"enemies":"2 Thieves","floor":19,"turns":3},{"damage":18,"enemies":"Centurion and Healer","floor":21,"turns":6},{"damage":5,"enemies":"Snecko","floor":24,"turns":4},{"damage":23,"enemies":"Gremlin Leader","floor":28,"turns":6},{"damage":12,"enemies":"Champ","floor":33,"turns":10},{"damage":11,"enemies":"3 Darklings","floor":35,"turns":2},{"damage":0,"enemies":"3 Shapes","floor":36,"turns":4},{"damage":19,"enemies":"2 Orb Walkers","floor":38,"turns":6},{"damage":0,"enemies":"Sphere and 2 Shapes","floor":42,"turns":7},{"damage":13,"enemies":"Maw","floor":44,"turns":8},{"damage":0,"enemies":"Writhing Mass","floor":46,"turns":8},{"damage":0,"enemies":"Transient","floor":48,"turns":5},{"damage":40,"enemies":"Time Eater","floor":50,"turns":10}],"seed_played":"6841313041932266480","potions_obtained":[{"floor":6,"key":"SkillPotion"},{"floor":7,"key":"Fire Potion"},{"floor":10,"key":"Energy Potion"},{"floor":16,"key":"Weak Potion"},{"floor":19,"key":"LiquidBronze"},{"floor":21,"key":"EssenceOfSteel"},{"floor":35,"key":"Fire Potion"},{"floor":42,"key":"PowerPotion"},{"floor":44,"key":"Strength Potion"},{"floor":48,"key":"EntropicBrew"}],"is_trial":false,"path_per_floor":["M","?","M","?","?","E","M","M","T","M","E","$","R","?","R","B",null,"M","M","$","M","?","R","M","R","T","R","E","?","R","$","R","B",null,"M","M","$","?","?","R","R","M","T","M","R","M","?","M","R","B",null],"character_chosen":"DEFECT","items_purchased":["Lantern","Defragment","Rip and Tear","Defragment","Chill"],"campfire_rested":3,"item_purchase_floors":[12,12,12,31,31],"current_hp_per_floor":[68,57,57,39,57,57,57,57,57,55,35,35,35,35,35,19,61,42,26,26,8,8,30,25,47,57,82,59,42,42,42,42,30,39,28,28,28,9,9,27,42,42,42,29,42,42,42,42,42,2],"gold":14,"neow_bonus":"THREE_ENEMY_KILL","is_prod":false,"is_daily":false,"chose_seed":false,"campfire_upgraded":8,"win_rate":0,"timestamp":1548562813,"path_taken":["M","?","M","?","?","E","M","M","T","M","E","?","R","?","R","BOSS","M","M","$","?","?","R","M","R","T","R","E","?","R","?","R","BOSS","M","M","$","?","?","R","R","M","T","M","R","?","?","M","R","BOSS"],"build_version":"2019-01-23","purchased_purges":2,"victory":true,"max_hp_per_floor":[75,75,75,75,75,75,75,75,75,75,75,75,75,75,75,75,75,75,75,75,75,75,75,75,75,85,85,85,42,42,42,42,42,42,42,42,42,42,42,42,42,42,42,42,42,42,42,42,42,42],"card_choices":[{"not_picked":["Hologram","Tempest"],"picked":"Cold Snap","floor":1},{"not_picked":["Reprogram","Reinforced Body"],"picked":"Leap","floor":3},{"not_picked":["Redo","Aggregate","Stack"],"picked":"SKIP","floor":6},{"not_picked":["Leap","Go for the Eyes"],"picked":"Rainbow","floor":7},{"not_picked":["Barrage","Chaos"],"picked":"Ball Lightning","floor":8},{"not_picked":["Cold Snap","Aggregate"],"picked":"Defragment","floor":10},{"not_picked":["Leap","Coolheaded"],"picked":"Creative AI","floor":11},{"not_picked":["Fission","Thunder Strike"],"picked":"Electrodynamics","floor":16},{"not_picked":["Sweeping Beam","Genetic Algorithm"],"picked":"Conserve Battery","floor":18},{"not_picked":["Rebound","Consume+1"],"picked":"Defragment","floor":19},{"not_picked":["Doom and Gloom","Loop+1"],"picked":"Capacitor","floor":21},{"not_picked":["Redo","Streamline+1","Ball Lightning"],"picked":"SKIP","floor":24},{"not_picked":["Beam Cell+1","Multi-Cast"],"picked":"Static Discharge","floor":28},{"not_picked":["Buffer","Rainbow"],"picked":"Echo Form","floor":33},{"not_picked":["Gash","Go for the Eyes"],"picked":"Coolheaded+1","floor":35},{"not_picked":["Stack+1","Reinforced Body","Loop"],"picked":"SKIP","floor":36},{"not_picked":["Compile Driver+1","Beam Cell"],"picked":"Coolheaded+1","floor":38},{"not_picked":["Sunder+1","Meteor Strike","Hologram"],"picked":"SKIP","floor":42},{"not_picked":["Streamline","Capacitor","Go for the Eyes"],"picked":"SKIP","floor":44},{"not_picked":["Streamline","Capacitor","Go for the Eyes"],"picked":"SKIP","floor":44},{"not_picked":["Streamline+1","Ball Lightning+1"],"picked":"Defragment+1","floor":46},{"not_picked":["Sweeping Beam","Double Energy"],"picked":"Steam Power+1","floor":48}],"player_experience":483896,"relics_obtained":[{"floor":6,"key":"Ancient Tea Set"},{"floor":9,"key":"Happy Flower"},{"floor":11,"key":"Whetstone"},{"floor":26,"key":"Pear"},{"floor":28,"key":"Tiny Chest"},{"floor":38,"key":"WingedGreaves"},{"floor":43,"key":"Bronze Scales"}],"event_choices":[{"damage_healed":0,"gold_gain":75,"player_choice":"Gather Gold","damage_taken":11,"max_hp_gain":0,"max_hp_loss":0,"event_name":"World of Goop","floor":2,"gold_loss":0},{"damage_healed":0,"gold_gain":0,"player_choice":"Success","damage_taken":18,"relics_obtained":["Potion Belt"],"max_hp_gain":0,"max_hp_loss":0,"event_name":"Scrap Ooze","floor":4,"gold_loss":0},{"damage_healed":18,"gold_gain":0,"player_choice":"Healed","damage_taken":0,"max_hp_gain":0,"max_hp_loss":0,"event_name":"The Cleric","floor":5,"gold_loss":35},{"damage_healed":0,"gold_gain":100,"player_choice":"Gold","damage_taken":0,"max_hp_gain":0,"max_hp_loss":0,"event_name":"Wheel of Change","floor":14,"gold_loss":0},{"damage_healed":0,"gold_gain":0,"player_choice":"Obtained Relic","damage_taken":0,"relics_obtained":["Pantograph"],"max_hp_gain":0,"max_hp_loss":0,"event_name":"Addict","floor":22,"gold_loss":85},{"damage_healed":0,"gold_gain":0,"player_choice":"Became a Ghost","damage_taken":0,"max_hp_gain":0,"max_hp_loss":43,"event_name":"Ghosts","floor":29,"gold_loss":0,"cards_obtained":["Ghostly","Ghostly","Ghostly","Ghostly","Ghostly"]},{"damage_healed":0,"gold_gain":0,"player_choice":"Fight","damage_taken":0,"max_hp_gain":0,"max_hp_loss":0,"event_name":"Mysterious Sphere","floor":38,"gold_loss":0},{"damage_healed":0,"gold_gain":0,"player_choice":"Forge","damage_taken":0,"max_hp_gain":0,"max_hp_loss":0,"event_name":"Accursed Blacksmith","floor":39,"gold_loss":0,"cards_upgraded":["Ghostly"]},{"damage_healed":0,"gold_gain":0,"player_choice":"Paid","damage_taken":0,"relics_obtained":["Red Mask"],"max_hp_gain":0,"max_hp_loss":0,"event_name":"Tomb of Lord Red Mask","floor":47,"gold_loss":161}],"is_beta":false,"boss_relics":[{"not_picked":["Fusion Hammer","Runic Pyramid"],"picked":"Philosopher\u0027s Stone"},{"not_picked":["Sozu","Astrolabe"],"picked":"Eternal Feather"}],"items_purged_floors":[20,37],"is_endless":false,"potions_floor_spawned":[6,7,10,16,19,21,35,42,44,48],"ascension_level":9}