{"gold_per_floor":[112,187,187,44,58,84,104,136,136,152,165,191,250,50,50,150,150,167,82,82,98,98,98,109,120,120,120,120,219,249,266,266,363,363,377,452,452,464,42,42,52,152,152,169,182,182,200,0,0,0],"floor_reached":51,"playtime":3131,"items_purged":["Strike_R","Strike_R","Defend_R"],"score":924,"play_id":"5dab0e9b-fb91-4e77-aed8-3fe301580898","local_time":"20190131131254","is_ascension_mode":true,"campfire_choices":[{"data":"Immolate","floor":15,"key":"SMITH"},{"data":"True Grit","floor":23,"key":"SMITH"},{"data":"True Grit","floor":27,"key":"SMITH"},{"data":"Pommel Strike","floor":32,"key":"SMITH"},{"data":"J.A.X.","floor":40,"key":"SMITH"},{"data":"1","floor":46,"key":"LIFT"},{"data":"Uppercut","floor":49,"key":"SMITH"}],"neow_cost":"NONE","seed_source_timestamp":596168364154402,"circlet_count":0,"master_deck":["Defend_R","Defend_R","Defend_R","Bash","Immolate+1","Spot Weakness","Pommel Strike+1","Feed","Cleave","Headbutt","Metallicize","Intimidate","True Grit+1","Inflame","Reaper","True Grit+1","J.A.X.+1","Metallicize","Pummel","Warcry+1","Pummel","Impervious","True Grit+1","Infernal Blade+1","Feed+1","Shrug It Off","Reaper","Heavy Blade+1","Inflame+1","Uppercut+1"],"relics":["Burning Blood","Lantern","Bronze Scales","Self Forming Clay","Gremlin Horn","Coffee Dripper","Thread and Needle","Letter Opener","Bottled Flame","Ancient Tea Set","Astrolabe","Gambling Chip","Girya","Strawberry","Red Mask"],"potions_floor_usage":[13,13,50,50,50],"damage_taken":[{"damage":0,"enemies":"Cultist","floor":1,"turns":2},{"damage":0,"enemies":"Small Slimes","floor":5,"turns":2},{"damage":37,"enemies":"Lagavulin","floor":6,"turns":5},{"damage":7,"enemies":"Jaw Worm","floor":7,"turns":3},{"damage":10,"enemies":"3 Sentries","floor":8,"turns":4},{"damage":0,"enemies":"Lots of Slimes","floor":10,"turns":1},{"damage":15,"enemies":"Large Slime","floor":11,"turns":5},{"damage":26,"enemies":"Lagavulin","floor":12,"turns":7},{"damage":15,"enemies":"Gremlin Nob","floor":13,"turns":4},{"damage":4,"enemies":"Slime Boss","floor":16,"turns":7},{"damage":17,"enemies":"2 Thieves","floor":18,"turns":3},{"damage":0,"enemies":"3 Byrds","floor":21,"turns":2},{"damage":9,"enemies":"Shelled Parasite and Fungi","floor":24,"turns":2},{"damage":1,"enemies":"Cultist and Chosen","floor":25,"turns":3},{"damage":3,"enemies":"Gremlin Leader","floor":30,"turns":5},{"damage":0,"enemies":"Snake Plant","floor":31,"turns":2},{"damage":68,"enemies":"Collector","floor":33,"turns":11},{"damage":7,"enemies":"Orb Walker","floor":35,"turns":2},{"damage":3,"enemies":"3 Shapes","floor":38,"turns":2},{"damage":28,"enemies":"Maw","floor":41,"turns":10},{"damage":14,"enemies":"Mind Bloom Boss Battle","floor":42,"turns":7},{"damage":6,"enemies":"Transient","floor":44,"turns":5},{"damage":34,"enemies":"Writhing Mass","floor":45,"turns":4},{"damage":13,"enemies":"Spire Growth","floor":47,"turns":5},{"damage":58,"enemies":"Time Eater","floor":50,"turns":8}],"seed_played":"-1089348235635039739","potions_obtained":[{"floor":6,"key":"FairyPotion"},{"floor":8,"key":"BloodPotion"},{"floor":10,"key":"GamblersBrew"},{"floor":12,"key":"Weak Potion"},{"floor":16,"key":"Weak Potion"},{"floor":25,"key":"EntropicBrew"},{"floor":31,"key":"SteroidPotion"},{"floor":45,"key":"AttackPotion"}],"is_trial":false,"path_per_floor":["M","?","?","$","M","E","M","E","T","M","M","E","?","$","R","B",null,"M","?","?","M","$","R","M","M","T","R","T","?","E","M","R","B",null,"M","?","$","M","$","R","M","?","T","M","M","R","M","?","R","B",null],"character_chosen":"IRONCLAD","items_purchased":["Spot Weakness","True Grit","Inflame","Gambling Chip"],"campfire_rested":0,"item_purchase_floors":[4,14,14,39],"current_hp_per_floor":[80,69,69,69,75,44,43,39,39,48,42,25,27,27,27,32,95,87,87,87,93,93,93,93,98,98,98,98,98,101,101,101,54,101,103,93,93,106,106,106,87,118,125,125,108,108,104,104,104,95],"gold":0,"neow_bonus":"ONE_RANDOM_RARE_CARD","is_prod":false,"is_daily":false,"chose_seed":false,"campfire_upgraded":6,"win_rate":0,"timestamp":1548961974,"path_taken":["M","?","?","?","?","E","M","E","T","M","M","E","?","$","R","BOSS","M","?","?","M","$","R","M","M","T","R","?","?","E","?","R","BOSS","M","?","$","?","$","R","M","?","T","M","M","R","M","?","R","BOSS"],"build_version":"2019-01-23","purchased_purges":3,"victory":true,"max_hp_per_floor":[80,80,80,80,80,80,80,80,80,83,86,89,92,92,92,95,95,98,98,98,98,98,98,101,101,101,101,101,101,101,101,101,101,101,104,104,104,108,108,108,111,118,125,125,125,125,128,128,128,128],"card_choices":[{"not_picked":["Havoc","Clash","Iron Wave"],"picked":"SKIP","floor":1},{"not_picked":["Flex","Perfected Strike"],"picked":"Pommel Strike","floor":5},{"not_picked":["Warcry","Second Wind","Anger"],"picked":"SKIP","floor":6},{"not_picked":["Wild Strike","Twin Strike"],"picked":"Feed","floor":7},{"not_picked":["Sentinel","Headbutt"],"picked":"Cleave","floor":8},{"not_picked":["Shockwave","Clash"],"picked":"Headbutt","floor":10},{"not_picked":["Armaments","Hemokinesis"],"picked":"Metallicize","floor":11},{"not_picked":["Blood for Blood","Cleave","Exhume"],"picked":"SKIP","floor":12},{"not_picked":["Rage","Warcry"],"picked":"Intimidate","floor":13},{"not_picked":["Barricade","Fiend Fire"],"picked":"Reaper","floor":16},{"not_picked":["Combust","Iron Wave"],"picked":"True Grit","floor":18},{"not_picked":["Body Slam+1","Sever Soul","Carnage"],"picked":"SKIP","floor":21},{"not_picked":["Body Slam+1","True Grit"],"picked":"Metallicize","floor":24},{"not_picked":["True Grit","Iron Wave+1"],"picked":"Pummel","floor":25},{"not_picked":["Intimidate+1","Double Tap"],"picked":"Warcry+1","floor":30},{"not_picked":["Iron Wave","Anger"],"picked":"Pummel","floor":31},{"not_picked":["Exhume","Juggernaut"],"picked":"Impervious","floor":33},{"not_picked":["Anger+1","Perfected Strike+1"],"picked":"Shrug It Off","floor":35},{"not_picked":["Iron Wave","Whirlwind","Pommel Strike+1"],"picked":"SKIP","floor":38},{"not_picked":["Clothesline+1","Carnage+1"],"picked":"Reaper","floor":41},{"not_picked":["Iron Wave+1","Bloodletting+1"],"picked":"Heavy Blade+1","floor":42},{"not_picked":["Thunderclap+1","Seeing Red+1","Flex+1"],"picked":"SKIP","floor":44},{"not_picked":["Flex+1","Hemokinesis"],"picked":"Inflame+1","floor":45},{"not_picked":["Flex","Clothesline"],"picked":"Uppercut","floor":47}],"player_experience":69517,"relics_obtained":[{"floor":6,"key":"Lantern"},{"floor":9,"key":"Bronze Scales"},{"floor":12,"key":"Self Forming Clay"},{"floor":26,"key":"Letter Opener"},{"floor":28,"key":"Bottled Flame"},{"floor":30,"key":"Ancient Tea Set"},{"floor":42,"key":"Girya"},{"floor":43,"key":"Strawberry"}],"event_choices":[{"damage_healed":0,"gold_gain":75,"player_choice":"Gather Gold","damage_taken":11,"max_hp_gain":0,"max_hp_loss":0,"event_name":"World of Goop","floor":2,"gold_loss":0},{"damage_healed":0,"gold_gain":0,"player_choice":"Ignored","damage_taken":0,"max_hp_gain":0,"max_hp_loss":0,"event_name":"Liars Game","floor":3,"gold_loss":0},{"damage_healed":0,"gold_gain":0,"player_choice":"Searched \u00273\u0027 times","damage_taken":0,"relics_obtained":["Gremlin Horn"],"max_hp_gain":0,"max_hp_loss":0,"event_name":"Dead Adventurer","floor":13,"gold_loss":0},{"damage_healed":0,"gold_gain":0,"player_choice":"Obtained Relic","damage_taken":0,"relics_obtained":["Thread and Needle"],"max_hp_gain":0,"max_hp_loss":0,"event_name":"Addict","floor":19,"gold_loss":85},{"damage_healed":0,"gold_gain":0,"player_choice":"Obtain J.A.X.","damage_taken":0,"max_hp_gain":0,"max_hp_loss":0,"event_name":"Drug Dealer","floor":20,"gold_loss":0,"cards_obtained":["J.A.X."]},{"damage_healed":0,"gold_gain":99,"player_choice":"Stole From Cult","damage_taken":0,"max_hp_gain":0,"max_hp_loss":0,"event_name":"Nest","floor":29,"gold_loss":0},{"damage_healed":0,"gold_gain":75,"player_choice":"Touch","damage_taken":10,"max_hp_gain":0,"max_hp_loss":0,"event_name":"FaceTrader","floor":36,"gold_loss":0},{"damage_healed":0,"gold_gain":0,"player_choice":"Fight","damage_taken":0,"max_hp_gain":0,"max_hp_loss":0,"event_name":"MindBloom","floor":42,"gold_loss":0},{"damage_healed":0,"gold_gain":0,"player_choice":"Paid","damage_taken":0,"relics_obtained":["Red Mask"],"max_hp_gain":0,"max_hp_loss":0,"event_name":"Tomb of Lord Red Mask","floor":48,"gold_loss":200}],"is_beta":false,"boss_relics":[{"not_picked":["Mark of Pain","Orrery"],"picked":"Coffee Dripper"},{"not_picked":["Sozu","White Beast Statue"],"picked":"Astrolabe"}],"items_purged_floors":[4,14,39],"is_endless":false,"potions_floor_spawned":[6,8,10,12,16,25,31,38,45],"ascension_level":4}