{"gold_per_floor":[112,112,11,30,30,61,61,88,138,138,1,18,38,72,72,143,143,153,153,164,164,174,174,187,9,309,309,319,319,157,57,57,131,131,144,155,45,45],"floor_reached":38,"playtime":2126,"items_purged":["Strike_G","Strike_G"],"score":840,"play_id":"87616b7c-6e69-44a7-873a-f80bb13961af","local_time":"20190629231433","is_ascension_mode":true,"campfire_choices":[{"data":"Poisoned Stab","floor":7,"key":"SMITH"},{"data":"Footwork","floor":15,"key":"SMITH"},{"floor":23,"key":"REST"},{"data":"Apotheosis","floor":27,"key":"SMITH"},{"floor":29,"key":"REST"},{"floor":32,"key":"REST"}],"neow_cost":"NONE","seed_source_timestamp":28081977413382,"circlet_count":0,"master_deck":["AscendersBane","Defend_G","Defend_G","Defend_G+1","Defend_G","Defend_G","Strike_G","Survivor","Neutralize+1","Catalyst","Quick Slash","Poisoned Stab+1","Crippling Poison","Leg Sweep","Poisoned Stab","Deadly Poison","Footwork+1","Malaise","Noxious Fumes","Dodge and Roll","PiercingWail","Deflect","Deflect","Apotheosis+1","Unload","Noxious Fumes","Deadly Poison"],"relics":["Ring of the Serpent","NeowsBlessing","Vajra","Gremlin Horn","Centennial Puzzle","Calipers","Runic Pyramid","Old Coin","Snake Skull"],"potions_floor_usage":[8,14,14,33,38],"damage_taken":[{"damage":0,"enemies":"Jaw Worm","floor":1,"turns":1},{"damage":0,"enemies":"Small Slimes","floor":4,"turns":1},{"damage":0,"enemies":"3 Sentries","floor":6,"turns":2},{"damage":22,"enemies":"Gremlin Nob","floor":8,"turns":4},{"damage":0,"enemies":"Cultist","floor":12,"turns":3},{"damage":0,"enemies":"Looter","floor":13,"turns":3},{"damage":4,"enemies":"3 Sentries","floor":14,"turns":10},{"damage":5,"enemies":"Hexaghost","floor":16,"turns":10},{"damage":4,"enemies":"Spheric Guardian","floor":18,"turns":5},{"damage":3,"enemies":"Chosen","floor":20,"turns":7},{"damage":22,"enemies":"Centurion and Healer","floor":22,"turns":9},{"damage":5,"enemies":"Snake Plant","floor":24,"turns":8},{"damage":7,"enemies":"Snecko","floor":28,"turns":6},{"damage":34,"enemies":"Collector","floor":33,"turns":12},{"damage":13,"enemies":"Orb Walker","floor":35,"turns":5},{"damage":40,"enemies":"3 Shapes","floor":36,"turns":4},{"damage":12,"enemies":"3 Darklings","floor":38,"turns":4}],"seed_played":"7364233646729249527","potions_obtained":[{"floor":4,"key":"Strength Potion"},{"floor":6,"key":"Dexterity Potion"},{"floor":14,"key":"Fruit Juice"},{"floor":18,"key":"FearPotion"},{"floor":22,"key":"Energy Potion"},{"floor":33,"key":"Dexterity Potion"}],"is_trial":false,"path_per_floor":["M","?","$","M","?","E","R","E","T","?","$","M","M","E","R","B",null,"M","?","M","?","M","R","M","$","T","R","M","R","$","$","R","B",null,"M","M","?","M"],"character_chosen":"THE_SILENT","items_purchased":["Quick Slash","Dash","SkillPotion","Apotheosis","Snake Skull"],"campfire_rested":3,"item_purchase_floors":[3,11,11,25,30],"current_hp_per_floor":[59,59,59,59,59,59,59,37,37,19,19,19,19,15,15,10,52,48,48,45,45,23,42,37,37,37,37,30,49,49,49,66,32,58,45,5,5,0],"gold":45,"neow_bonus":"THREE_ENEMY_KILL","is_prod":false,"is_daily":false,"chose_seed":false,"campfire_upgraded":3,"win_rate":0,"timestamp":1561868073,"path_taken":["M","?","$","M","?","E","R","E","T","?","?","M","?","E","R","BOSS","M","?","M","?","M","R","M","$","T","R","M","R","?","$","R","BOSS","M","M","?","?"],"build_version":"2019-01-23","purchased_purges":2,"victory":false,"max_hp_per_floor":[66,66,66,66,66,66,66,66,66,66,66,66,66,66,66,66,66,66,66,66,66,66,66,66,66,66,66,66,66,66,66,66,66,66,66,66,66,71],"card_choices":[{"not_picked":["Deadly Poison","Cloak And Dagger"],"picked":"Catalyst","floor":1},{"not_picked":["Expertise","Deflect"],"picked":"Poisoned Stab","floor":4},{"not_picked":["Blade Dance","PiercingWail"],"picked":"Crippling Poison","floor":6},{"not_picked":["Underhanded Strike","Prepared"],"picked":"Leg Sweep","floor":8},{"not_picked":["Acrobatics","Dagger Spray"],"picked":"Poisoned Stab","floor":12},{"not_picked":["Slice","Deflect"],"picked":"Deadly Poison","floor":13},{"not_picked":["Grand Finale","Acrobatics"],"picked":"Footwork","floor":14},{"not_picked":["Burst","Tools of the Trade"],"picked":"Malaise","floor":16},{"not_picked":["Terror","Endless Agony","Caltrops"],"picked":"SKIP","floor":18},{"not_picked":["Flying Knee","Dagger Throw","Infinite Blades"],"picked":"SKIP","floor":20},{"not_picked":["Skewer","Setup"],"picked":"Deflect","floor":22},{"not_picked":["Quick Slash","Leg Sweep"],"picked":"Deflect","floor":24},{"not_picked":["Crippling Poison","Dagger Throw","Heel Hook"],"picked":"SKIP","floor":28},{"not_picked":["Crippling Poison","Dagger Throw","Heel Hook"],"picked":"SKIP","floor":28},{"not_picked":["Venomology","Phantasmal Killer"],"picked":"Unload","floor":33},{"not_picked":["Leg Sweep","Deflect+1"],"picked":"Noxious Fumes","floor":35},{"not_picked":["Sucker Punch","Terror"],"picked":"Deadly Poison","floor":36}],"player_experience":677696,"relics_obtained":[{"floor":6,"key":"Vajra"},{"floor":8,"key":"Gremlin Horn"},{"floor":9,"key":"Centennial Puzzle"},{"floor":14,"key":"Calipers"},{"floor":26,"key":"Old Coin"}],"event_choices":[{"damage_healed":0,"gold_gain":0,"player_choice":"Grow","damage_taken":0,"max_hp_gain":0,"max_hp_loss":0,"event_name":"Living Wall","floor":2,"gold_loss":0,"cards_upgraded":["Neutralize"]},{"damage_healed":0,"gold_gain":0,"player_choice":"Ignored","damage_taken":0,"max_hp_gain":0,"max_hp_loss":0,"event_name":"Liars Game","floor":5,"gold_loss":0},{"damage_healed":0,"gold_gain":0,"player_choice":"Fled","damage_taken":18,"max_hp_gain":0,"max_hp_loss":0,"event_name":"Scrap Ooze","floor":10,"gold_loss":0},{"damage_healed":0,"gold_gain":0,"player_choice":"Read","damage_taken":0,"max_hp_gain":0,"max_hp_loss":0,"event_name":"The Library","floor":19,"gold_loss":0,"cards_obtained":["Noxious Fumes"]},{"damage_healed":0,"gold_gain":0,"cards_transformed":["Dash","Strike_G"],"player_choice":"Became Test Subject","damage_taken":0,"max_hp_gain":0,"max_hp_loss":0,"event_name":"Drug Dealer","floor":21,"gold_loss":0,"cards_obtained":["Dodge and Roll","PiercingWail"]},{"cards_removed":["Strike_G"],"damage_healed":0,"gold_gain":0,"player_choice":"Upgrade and Remove","damage_taken":0,"max_hp_gain":0,"max_hp_loss":0,"event_name":"Designer","floor":37,"gold_loss":110,"cards_upgraded":["Defend_G"]}],"is_beta":false,"boss_relics":[{"not_picked":["Ectoplasm","Eternal Feather"],"picked":"Runic Pyramid"},{"not_picked":["Snecko Eye","WristBlade"],"picked":"Ring of the Serpent"}],"items_purged_floors":[3,31],"is_endless":false,"potions_floor_spawned":[4,6,14,18,22,24,33],"killed_by":"3 Darklings","ascension_level":18}