{"gold_per_floor":[113,131,131,131,183,211,231,266,290,290,71,71,102,119,119,193,193,208,225,118,118,130,130,165,182,182,182,197,218,260,270,270,349,349,362,56,80,0,14,14,28,28,51,51,61,396,396,10,10,10],"floor_reached":51,"playtime":4841,"items_purged":["Strike_G","Strike_G","Strike_G"],"score":1507,"play_id":"937960f1-8013-43af-ba8c-94d74cbe7c65","local_time":"20190927010537","is_ascension_mode":true,"campfire_choices":[{"floor":10,"key":"REST"},{"floor":12,"key":"REST"},{"data":"Neutralize","floor":15,"key":"SMITH"},{"floor":23,"key":"REST"},{"floor":27,"key":"REST"},{"data":"Malaise","floor":32,"key":"SMITH"},{"data":"Adrenaline","floor":40,"key":"SMITH"},{"floor":42,"key":"REST"},{"data":"Thinking Ahead","floor":44,"key":"SMITH"},{"data":"After Image","floor":49,"key":"SMITH"}],"neow_cost":"NONE","seed_source_timestamp":556192089222691,"circlet_count":0,"master_deck":["AscendersBane","Strike_G","Defend_G","Defend_G+1","Defend_G","Defend_G+1","Defend_G","Survivor","Neutralize+1","Quick Slash","Dodge and Roll","A Thousand Cuts+1","Backflip","Cloak And Dagger","Infinite Blades","Backflip","All Out Attack","Adrenaline+1","Cloak And Dagger","Distraction+1","Deflect","After Image+1","Malaise+1","Dodge and Roll","Blur","Bullet Time","Corpse Explosion","Finesse","Thinking Ahead+1","Flash of Steel","Infinite Blades","Well Laid Plans"],"relics":["Ring of the Serpent","NeowsBlessing","Regal Pillow","Pen Nib","War Paint","Smiling Mask","Bag of Preparation","InkBottle","Sozu","CeramicFish","Orichalcum","Shuriken","Akabeko","Red Mask","Snake Skull","Old Coin","Ice Cream"],"potions_floor_usage":[14,16,47],"damage_taken":[{"damage":0,"enemies":"Jaw Worm","floor":1,"turns":1},{"damage":0,"enemies":"2 Louse","floor":2,"turns":1},{"damage":0,"enemies":"Lagavulin","floor":6,"turns":1},{"damage":0,"enemies":"Cultist","floor":7,"turns":4},{"damage":45,"enemies":"Gremlin Nob","floor":8,"turns":5},{"damage":20,"enemies":"Lagavulin","floor":13,"turns":10},{"damage":12,"enemies":"Large Slime","floor":14,"turns":8},{"damage":17,"enemies":"Hexaghost","floor":16,"turns":14},{"damage":24,"enemies":"Chosen","floor":18,"turns":6},{"damage":8,"enemies":"Spheric Guardian","floor":19,"turns":4},{"damage":5,"enemies":"Centurion and Healer","floor":22,"turns":5},{"damage":7,"enemies":"Gremlin Leader","floor":24,"turns":6},{"damage":17,"enemies":"Chosen and Byrds","floor":25,"turns":7},{"damage":0,"enemies":"Snecko","floor":28,"turns":8},{"damage":1,"enemies":"Centurion and Healer","floor":29,"turns":6},{"damage":7,"enemies":"Book of Stabbing","floor":30,"turns":8},{"damage":7,"enemies":"Snake Plant","floor":31,"turns":6},{"damage":33,"enemies":"Collector","floor":33,"turns":12},{"damage":9,"enemies":"3 Shapes","floor":35,"turns":3},{"damage":0,"enemies":"Orb Walker","floor":41,"turns":5},{"damage":0,"enemies":"4 Shapes","floor":45,"turns":2},{"damage":0,"enemies":"Reptomancer","floor":46,"turns":7},{"damage":0,"enemies":"Spire Growth","floor":47,"turns":3},{"damage":20,"enemies":"Donu and Deca","floor":50,"turns":8}],"seed_played":"2428244380644356613","potions_obtained":[{"floor":6,"key":"Explosive Potion"},{"floor":7,"key":"Explosive Potion"},{"floor":16,"key":"SmokeBomb"}],"is_trial":false,"path_per_floor":["M","M","?","?","T","E","M","E","T","R","$","R","E","M","R","B",null,"M","M","$","?","M","R","E","M","T","R","M","M","E","M","R","B",null,"M","$","T","?","?","R","M","R","T","R","M","E","M","$","R","B",null],"character_chosen":"THE_SILENT","items_purchased":["Infinite Blades","GamblersBrew","Deflect","Corpse Explosion","Finesse","Ice Cream","Well Laid Plans"],"campfire_rested":5,"item_purchase_floors":[11,11,20,36,36,48,48],"current_hp_per_floor":[59,59,52,47,47,47,47,2,2,36,36,66,46,34,34,17,54,30,22,22,22,17,51,44,27,27,61,61,60,53,46,46,13,53,44,44,44,44,34,34,34,66,66,66,66,66,66,66,66,46],"gold":10,"neow_bonus":"THREE_ENEMY_KILL","is_prod":false,"is_daily":false,"chose_seed":false,"campfire_upgraded":5,"win_rate":0,"timestamp":1569564337,"path_taken":["M","M","?","?","?","E","?","E","T","R","$","R","E","M","R","BOSS","M","M","$","?","?","R","E","M","T","R","M","?","E","M","R","BOSS","M","$","?","?","?","R","M","R","T","R","M","E","?","$","R","BOSS"],"build_version":"2019-09-26","purchased_purges":3,"victory":true,"max_hp_per_floor":[66,66,66,66,66,66,66,66,66,66,66,66,66,66,66,66,66,66,66,66,66,66,66,66,66,66,66,66,66,66,66,66,66,66,66,66,66,66,66,66,66,66,66,66,66,66,66,66,66,66],"card_choices":[{"not_picked":["Blade Dance","Poisoned Stab"],"picked":"Quick Slash","floor":1},{"not_picked":["Terror","Cloak And Dagger"],"picked":"Dodge and Roll","floor":2},{"not_picked":["Expertise","Deadly Poison"],"picked":"A Thousand Cuts","floor":6},{"not_picked":["Flying Knee","Skewer"],"picked":"Backflip","floor":7},{"not_picked":["Bane","Flechettes"],"picked":"Cloak And Dagger","floor":8},{"not_picked":["Backstab","Acrobatics"],"picked":"Backflip","floor":13},{"not_picked":["Bane","Dagger Throw"],"picked":"All Out Attack","floor":14},{"not_picked":["A Thousand Cuts","Die Die Die"],"picked":"Adrenaline","floor":16},{"not_picked":["Sucker Punch","Catalyst"],"picked":"Cloak And Dagger","floor":18},{"not_picked":["Prepared","Quick Slash"],"picked":"Distraction+1","floor":19},{"not_picked":["Poisoned Stab","Acrobatics"],"picked":"After Image","floor":22},{"not_picked":["Deadly Poison","Leg Sweep"],"picked":"Malaise","floor":24},{"not_picked":["Catalyst","Flying Knee","Underhanded Strike"],"picked":"SKIP","floor":25},{"not_picked":["Masterful Stab","Dagger Throw+1","Sucker Punch+1"],"picked":"SKIP","floor":28},{"not_picked":["Catalyst","Deadly Poison"],"picked":"Dodge and Roll","floor":29},{"not_picked":["Reflex","Setup"],"picked":"Blur","floor":30},{"not_picked":["Caltrops+1","Sucker Punch","Underhanded Strike"],"picked":"SKIP","floor":31},{"not_picked":["Burst","Glass Knife"],"picked":"Bullet Time","floor":33},{"not_picked":["Outmaneuver+1","Quick Slash","Deadly Poison"],"picked":"SKIP","floor":35},{"not_picked":["Dramatic Entrance","Madness"],"picked":"Thinking Ahead","floor":39},{"not_picked":["Trip","Secret Weapon"],"picked":"Flash of Steel","floor":39},{"not_picked":["Bane+1","Predator","Quick Slash+1"],"picked":"SKIP","floor":41},{"not_picked":["Bane","Acrobatics","Backflip"],"picked":"SKIP","floor":45},{"not_picked":["Slice","Dagger Throw"],"picked":"Infinite Blades","floor":46}],"player_experience":756627,"relics_obtained":[{"floor":5,"key":"Pen Nib"},{"floor":6,"key":"War Paint"},{"floor":8,"key":"Smiling Mask"},{"floor":9,"key":"Bag of Preparation"},{"floor":13,"key":"InkBottle"},{"floor":24,"key":"CeramicFish"},{"floor":26,"key":"Orichalcum"},{"floor":30,"key":"Shuriken"},{"floor":37,"key":"Akabeko"},{"floor":43,"key":"Snake Skull"},{"floor":46,"key":"Old Coin"}],"event_choices":[{"cards_removed":["Strike_G"],"damage_healed":0,"gold_gain":0,"player_choice":"Card Removal","damage_taken":7,"max_hp_gain":0,"max_hp_loss":0,"event_name":"Golden Wing","floor":3,"gold_loss":0},{"damage_healed":0,"gold_gain":0,"player_choice":"Success","damage_taken":5,"relics_obtained":["Regal Pillow"],"max_hp_gain":0,"max_hp_loss":0,"event_name":"Scrap Ooze","floor":4,"gold_loss":0},{"damage_healed":0,"gold_gain":0,"player_choice":"Forge","damage_taken":0,"max_hp_gain":0,"max_hp_loss":0,"event_name":"Accursed Blacksmith","floor":21,"gold_loss":0,"cards_upgraded":["A Thousand Cuts"]},{"damage_healed":0,"gold_gain":0,"player_choice":"Paid","damage_taken":0,"relics_obtained":["Red Mask"],"max_hp_gain":0,"max_hp_loss":0,"event_name":"Tomb of Lord Red Mask","floor":38,"gold_loss":80},{"damage_healed":0,"gold_gain":0,"player_choice":"Memory 3","damage_taken":10,"max_hp_gain":0,"max_hp_loss":0,"event_name":"SensoryStone","floor":39,"gold_loss":0}],"is_beta":true,"boss_relics":[{"not_picked":["Coffee Dripper","Cursed Key"],"picked":"Sozu"},{"not_picked":["Velvet Choker","Black Star"],"picked":"Ring of the Serpent"}],"items_purged_floors":[11,20,36],"is_endless":false,"potions_floor_spawned":[6,7,16,22,25,28,31,33,45,47],"ascension_level":19}