{"gold_per_floor":[118,129,56,73,73,108,73,73,73,73,91,125,141,172,172,275,275,294,304,304,304,332,361,361,361],"floor_reached":25,"playtime":2161,"items_purged":[],"score":251,"play_id":"a18e1390-2207-4f63-892b-f201875bb82d","local_time":"20181204172501","is_ascension_mode":true,"campfire_choices":[{"data":"Glacier","floor":15,"key":"SMITH"}],"neow_cost":"NONE","seed_source_timestamp":1799002389795699,"circlet_count":0,"master_deck":["Strike_B+1","Strike_B+1","Strike_B+1","Defend_B+1","Defend_B+1","Defend_B+1","Defend_B+1","Zap","Dualcast","Beam Cell+1","Rip and Tear+1","Glacier+1","Fusion+1","Leap+1","Sunder+1","Loop","Machine Learning","Force Field+1","Redo+1"],"relics":["Cracked Core","Toxic Egg 2","Bottled Lightning","Strawberry","Mummified Hand","Black Star","Red Mask","DataDisk","Whetstone"],"potions_floor_usage":[14,14,18,25],"damage_taken":[{"damage":3,"enemies":"Jaw Worm","floor":1,"turns":4},{"damage":0,"enemies":"Small Slimes","floor":2,"turns":2},{"damage":1,"enemies":"2 Louse","floor":4,"turns":2},{"damage":24,"enemies":"Gremlin Nob","floor":6,"turns":4},{"damage":0,"enemies":"Large Slime","floor":11,"turns":5},{"damage":18,"enemies":"Lagavulin","floor":12,"turns":6},{"damage":2,"enemies":"Blue Slaver","floor":13,"turns":2},{"damage":5,"enemies":"3 Sentries","floor":14,"turns":8},{"damage":9,"enemies":"The Guardian","floor":16,"turns":11},{"damage":6,"enemies":"Spheric Guardian","floor":18,"turns":6},{"damage":14,"enemies":"3 Byrds","floor":19,"turns":8},{"damage":43,"enemies":"Masked Bandits","floor":22,"turns":8},{"damage":15,"enemies":"Book of Stabbing","floor":23,"turns":5},{"damage":47,"enemies":"Gremlin Leader","floor":25,"turns":5}],"seed_played":"2434591630248639169","potions_obtained":[{"floor":4,"key":"FearPotion"},{"floor":6,"key":"Explosive Potion"},{"floor":11,"key":"AttackPotion"},{"floor":13,"key":"Block Potion"},{"floor":23,"key":"AttackPotion"}],"is_trial":false,"path_per_floor":["M","M","$","M","?","E","?","$","T","?","M","E","M","E","R","B",null,"M","M","?","?","?","E","?","E"],"character_chosen":"DEFECT","items_purchased":["Glacier"],"campfire_rested":0,"item_purchase_floors":[3],"current_hp_per_floor":[79,79,79,78,71,47,67,67,67,67,67,56,54,49,49,40,89,83,69,69,69,26,11,40,0],"gold":361,"neow_bonus":"TEN_PERCENT_HP_BONUS","is_prod":false,"is_daily":false,"chose_seed":false,"campfire_upgraded":1,"win_rate":0,"timestamp":1543965901,"path_taken":["M","M","$","M","?","E","?","?","T","?","M","E","M","E","R","BOSS","M","M","?","?","?","E","?","E"],"build_version":"2018-11-15","purchased_purges":0,"victory":false,"max_hp_per_floor":[82,82,82,82,82,82,82,82,82,82,82,89,89,89,89,89,89,89,89,89,89,89,89,89,89],"card_choices":[{"not_picked":["Streamline","Hologram"],"picked":"Beam Cell","floor":1},{"not_picked":["Steam Power","Compile Driver"],"picked":"Rip and Tear","floor":2},{"not_picked":["Stack","Redo","Machine Learning"],"picked":"SKIP","floor":4},{"not_picked":["Go for the Eyes","Stack"],"picked":"Fusion","floor":6},{"not_picked":["FTL","Darkness+1"],"picked":"Leap+1","floor":11},{"not_picked":["Chaos+1","Storm"],"picked":"Sunder","floor":12},{"not_picked":["Rebound","Compile Driver"],"picked":"Loop","floor":13},{"not_picked":["Rebound","Streamline","Hyperbeam"],"picked":"SKIP","floor":14},{"not_picked":["Buffer","Thunder Strike"],"picked":"Machine Learning","floor":16},{"not_picked":["Cold Snap","Stack+1"],"picked":"Force Field+1","floor":18},{"not_picked":["Scrape","Aggregate+1","Stack+1"],"picked":"SKIP","floor":19},{"not_picked":["Rip and Tear","Beam Cell+1"],"picked":"Redo+1","floor":23}],"player_experience":203791,"relics_obtained":[{"floor":6,"key":"Toxic Egg 2"},{"floor":9,"key":"Bottled Lightning"},{"floor":12,"key":"Strawberry"},{"floor":14,"key":"Mummified Hand"},{"floor":22,"key":"Red Mask"},{"floor":23,"key":"DataDisk"},{"floor":23,"key":"Whetstone"}],"event_choices":[{"cards_removed":["Strike_B"],"damage_healed":0,"gold_gain":0,"player_choice":"Card Removal","damage_taken":7,"max_hp_gain":0,"max_hp_loss":0,"event_name":"Golden Wing","floor":5,"gold_loss":0},{"damage_healed":20,"gold_gain":0,"player_choice":"Healed","damage_taken":0,"max_hp_gain":0,"max_hp_loss":0,"event_name":"The Cleric","floor":7,"gold_loss":35},{"damage_healed":0,"gold_gain":0,"player_choice":"Grow","damage_taken":0,"max_hp_gain":0,"max_hp_loss":0,"event_name":"Living Wall","floor":10,"gold_loss":0,"cards_upgraded":["Beam Cell"]},{"damage_healed":0,"gold_gain":0,"player_choice":"Simplicity","damage_taken":0,"max_hp_gain":0,"max_hp_loss":0,"event_name":"Back to Basics","floor":20,"gold_loss":0,"cards_upgraded":["Strike_B","Strike_B","Strike_B","Defend_B","Defend_B","Defend_B","Defend_B"]},{"damage_healed":0,"gold_gain":0,"player_choice":"Ignored","damage_taken":0,"max_hp_gain":0,"max_hp_loss":0,"event_name":"Ghosts","floor":21,"gold_loss":0},{"damage_healed":0,"gold_gain":0,"player_choice":"Fought Bandits","damage_taken":0,"max_hp_gain":0,"max_hp_loss":0,"event_name":"Masked Bandits","floor":22,"gold_loss":0},{"damage_healed":29,"gold_gain":0,"player_choice":"Heal","damage_taken":0,"max_hp_gain":0,"max_hp_loss":0,"event_name":"The Library","floor":24,"gold_loss":0}],"is_beta":false,"boss_relics":[{"not_picked":["Philosopher\u0027s Stone","Runic Pyramid"],"picked":"Black Star"}],"items_purged_floors":[],"is_endless":false,"potions_floor_spawned":[4,6,11,13,23],"killed_by":"Gremlin Leader","ascension_level":1}