{"gold_per_floor":[111,111,386,6,25,25,52,67,93,103,121,133,158,177,177,249,249,266,466,482,482],"floor_reached":21,"playtime":990,"items_purged":["Regret"],"score":371,"play_id":"27a672d9-e344-4e90-b737-16fcb1878b55","local_time":"20190614121934","is_ascension_mode":true,"campfire_choices":[{"data":"True Grit","floor":6,"key":"SMITH"},{"data":"Rage","floor":15,"key":"SMITH"}],"neow_cost":"NONE","seed_source_timestamp":49829781956020,"circlet_count":0,"master_deck":["AscendersBane","Strike_R","Strike_R","Strike_R","Strike_R","Strike_R","Defend_R","Defend_R","Defend_R","Defend_R","Bash","Pommel Strike","True Grit+1","Inflame","Cleave","Inflame","Rage+1","Burning Pact","Demon Form","Heavy Blade"],"relics":["Burning Blood","NeowsBlessing","Incense Burner","Potion Belt","Vajra","Lantern","Velvet Choker"],"potions_floor_usage":[14,16,16],"damage_taken":[{"damage":0,"enemies":"Small Slimes","floor":1,"turns":1},{"damage":0,"enemies":"Cultist","floor":5,"turns":1},{"damage":0,"enemies":"Gremlin Nob","floor":7,"turns":1},{"damage":0,"enemies":"2 Louse","floor":8,"turns":3},{"damage":9,"enemies":"Exordium Wildlife","floor":10,"turns":4},{"damage":27,"enemies":"Exordium Thugs","floor":11,"turns":6},{"damage":4,"enemies":"Blue Slaver","floor":12,"turns":4},{"damage":7,"enemies":"Lagavulin","floor":13,"turns":6},{"damage":0,"enemies":"3 Louse","floor":14,"turns":2},{"damage":53,"enemies":"The Guardian","floor":16,"turns":17},{"damage":44,"enemies":"Spheric Guardian","floor":18,"turns":6},{"damage":14,"enemies":"Chosen","floor":20,"turns":5},{"damage":19,"enemies":"Snake Plant","floor":21,"turns":1}],"seed_played":"3524228674544654498","potions_obtained":[{"floor":8,"key":"Block Potion"},{"floor":10,"key":"SkillPotion"},{"floor":11,"key":"Explosive Potion"},{"floor":16,"key":"Dexterity Potion"},{"floor":18,"key":"Weak Potion"}],"is_trial":false,"path_per_floor":["M","?","?","$","M","R","E","M","T","M","M","M","E","M","R","B",null,"M","?","M","M"],"character_chosen":"IRONCLAD","items_purchased":["Incense Burner"],"campfire_rested":0,"item_purchase_floors":[4],"current_hp_per_floor":[74,74,74,74,75,75,75,75,75,72,51,53,52,58,58,11,59,21,21,13,0],"gold":482,"neow_bonus":"THREE_ENEMY_KILL","is_prod":false,"is_daily":false,"chose_seed":false,"campfire_upgraded":2,"win_rate":0,"timestamp":1560532774,"path_taken":["M","?","?","$","M","R","E","M","T","M","M","M","E","?","R","BOSS","M","?","M","M"],"build_version":"2019-01-23","purchased_purges":1,"victory":false,"max_hp_per_floor":[75,75,75,75,75,75,75,75,75,75,75,75,75,75,75,75,75,75,75,75,75],"card_choices":[{"not_picked":["Battle Trance","Ghostly Armor"],"picked":"Pommel Strike","floor":1},{"not_picked":["Clash","Flex"],"picked":"True Grit","floor":5},{"not_picked":["Havoc","Rage"],"picked":"Inflame","floor":7},{"not_picked":["Flex","Feel No Pain"],"picked":"Cleave","floor":8},{"not_picked":["Body Slam","Whirlwind"],"picked":"Inflame","floor":10},{"not_picked":["Headbutt","Sentinel","Dropkick"],"picked":"SKIP","floor":11},{"not_picked":["Pommel Strike","Exhume","Havoc"],"picked":"SKIP","floor":12},{"not_picked":["Sentinel","Dark Embrace"],"picked":"Rage","floor":13},{"not_picked":["Combust","Cleave"],"picked":"Burning Pact","floor":14},{"not_picked":["Dark Embrace","Immolate"],"picked":"Demon Form","floor":16},{"not_picked":["Flex","Second Wind"],"picked":"Heavy Blade","floor":18},{"not_picked":["Spot Weakness","Flex","Searing Blow"],"picked":"SKIP","floor":20}],"player_experience":557094,"relics_obtained":[{"floor":7,"key":"Potion Belt"},{"floor":9,"key":"Vajra"},{"floor":13,"key":"Lantern"}],"event_choices":[{"damage_healed":0,"gold_gain":0,"player_choice":"Ignored","damage_taken":0,"max_hp_gain":0,"max_hp_loss":0,"event_name":"Liars Game","floor":2,"gold_loss":0},{"damage_healed":0,"gold_gain":275,"player_choice":"Desecrate","damage_taken":0,"max_hp_gain":0,"max_hp_loss":0,"event_name":"Golden Shrine","floor":3,"gold_loss":0,"cards_obtained":["Regret"]},{"damage_healed":0,"gold_gain":200,"player_choice":"Gold","damage_taken":0,"max_hp_gain":0,"max_hp_loss":0,"event_name":"Wheel of Change","floor":19,"gold_loss":0}],"is_beta":false,"boss_relics":[{"not_picked":["Black Blood","Cursed Key"],"picked":"Velvet Choker"}],"items_purged_floors":[4],"is_endless":false,"potions_floor_spawned":[8,10,11,16,18],"killed_by":"Snake Plant","ascension_level":14}