{"gold_per_floor":[111,129,129,204,216,243,243,253,276,276,16,16,16,46,46,150,150,166,177,23,35,45,45,225,259,259,259,276,293,45,57,57,159,159,173,188,199,216,59,59,90,0,0,0,35,35,50,65,65,65],"floor_reached":51,"playtime":4383,"items_purged":["Strike_R","Strike_R"],"score":1025,"play_id":"b9c4fa0a-c4bd-4c89-8c5c-c1104e8bc38c","local_time":"20190120212204","is_ascension_mode":true,"campfire_choices":[{"data":"Bash","floor":7,"key":"SMITH"},{"data":"Pommel Strike","floor":10,"key":"SMITH"},{"data":"Armaments","floor":15,"key":"SMITH"},{"floor":23,"key":"REST"},{"floor":27,"key":"REST"},{"floor":32,"key":"REST"},{"floor":40,"key":"REST"},{"floor":46,"key":"REST"},{"floor":49,"key":"REST"}],"neow_cost":"NONE","seed_source_timestamp":57662843731739,"circlet_count":0,"master_deck":["Strike_R","Strike_R","Strike_R","Defend_R","Defend_R","Defend_R","Defend_R","Bash+1","Armaments+1","Pommel Strike+1","Headbutt","Inflame","Anger","Uppercut","Reaper","Demon Form","Iron Wave+1","Hemokinesis","Battle Trance","Whirlwind","Flame Barrier","Warcry+1","Metallicize","Reaper","Intimidate+1","Disarm","Iron Wave+1","Heavy Blade","Demon Form","Pommel Strike+1","Warcry+1","Inflame","Uppercut+1","Metallicize+1","Pummel","Shrug It Off+1"],"relics":["Burning Blood","Juzu Bracelet","Strawberry","Oddly Smooth Stone","Dream Catcher","Fusion Hammer","Mummified Hand","Bottled Tornado","Omamori","Philosopher\u0027s Stone","Pen Nib","Bronze Scales","Red Mask","Frozen Egg 2","Self Forming Clay"],"potions_floor_usage":[6,14,14,19,25,29,37,37,45,47,50,50],"damage_taken":[{"damage":4,"enemies":"Small Slimes","floor":1,"turns":4},{"damage":6,"enemies":"Jaw Worm","floor":2,"turns":5},{"damage":1,"enemies":"Cultist","floor":5,"turns":3},{"damage":8,"enemies":"Gremlin Nob","floor":6,"turns":3},{"damage":6,"enemies":"Blue Slaver","floor":8,"turns":5},{"damage":25,"enemies":"3 Sentries","floor":14,"turns":6},{"damage":27,"enemies":"The Guardian","floor":16,"turns":8},{"damage":24,"enemies":"Shell Parasite","floor":18,"turns":5},{"damage":16,"enemies":"2 Thieves","floor":19,"turns":4},{"damage":27,"enemies":"Centurion and Healer","floor":21,"turns":6},{"damage":7,"enemies":"Snecko","floor":22,"turns":4},{"damage":30,"enemies":"Book of Stabbing","floor":25,"turns":3},{"damage":40,"enemies":"Shelled Parasite and Fungi","floor":28,"turns":4},{"damage":17,"enemies":"Centurion and Healer","floor":29,"turns":5},{"damage":32,"enemies":"Cultist and Chosen","floor":31,"turns":7},{"damage":87,"enemies":"Automaton","floor":33,"turns":9},{"damage":48,"enemies":"3 Darklings","floor":35,"turns":3},{"damage":69,"enemies":"3 Shapes","floor":36,"turns":6},{"damage":38,"enemies":"Spire Growth","floor":37,"turns":5},{"damage":26,"enemies":"Maw","floor":38,"turns":7},{"damage":57,"enemies":"Giant Head","floor":41,"turns":7},{"damage":72,"enemies":"Reptomancer","floor":45,"turns":6},{"damage":3,"enemies":"Transient","floor":47,"turns":5},{"damage":27,"enemies":"3 Darklings","floor":48,"turns":2},{"damage":63,"enemies":"Time Eater","floor":50,"turns":8}],"seed_played":"-164152793487139874","potions_obtained":[{"floor":0,"key":"Regen Potion"},{"floor":0,"key":"Poison Potion"},{"floor":0,"key":"Energy Potion"},{"floor":12,"key":"Strength Potion"},{"floor":12,"key":"LiquidBronze"},{"floor":16,"key":"Ancient Potion"},{"floor":22,"key":"Weak Potion"},{"floor":25,"key":"Explosive Potion"},{"floor":31,"key":"GamblersBrew"},{"floor":37,"key":"Swift Potion"},{"floor":41,"key":"Dexterity Potion"},{"floor":47,"key":"Energy Potion"}],"is_trial":false,"path_per_floor":["M","M","?","?","M","E","R","M","T","R","$","?","?","E","R","B",null,"M","M","$","M","M","R","?","E","T","R","M","M","$","M","R","B",null,"M","M","M","M","$","R","E","?","T","?","E","R","M","M","R","B",null],"character_chosen":"IRONCLAD","items_purchased":["Uppercut","Oddly Smooth Stone","Battle Trance","Whirlwind","Omamori","Pen Nib"],"campfire_rested":6,"item_purchase_floors":[11,11,20,20,30,39],"current_hp_per_floor":[74,74,74,66,71,69,69,69,76,76,76,76,68,64,64,43,76,77,70,70,70,69,87,55,31,31,57,34,71,71,59,85,36,74,63,60,48,68,68,87,83,83,83,83,51,77,87,66,87,69],"gold":65,"neow_bonus":"THREE_SMALL_POTIONS","is_prod":false,"is_daily":false,"chose_seed":false,"campfire_upgraded":3,"win_rate":0,"timestamp":1548040924,"path_taken":["M","M","?","?","?","E","R","M","T","R","$","?","?","E","R","BOSS","M","M","?","M","M","R","?","E","T","R","M","M","$","M","R","BOSS","M","M","M","M","$","R","E","?","T","?","E","R","M","M","R","BOSS"],"build_version":"2019-01-17v2","purchased_purges":2,"victory":true,"max_hp_per_floor":[80,80,80,80,80,80,80,80,87,87,87,87,87,87,87,87,87,87,87,87,87,87,87,87,87,87,87,87,87,87,87,87,87,87,87,87,87,87,87,87,87,87,87,87,87,87,87,87,87,87],"card_choices":[{"not_picked":["Pommel Strike","Impervious"],"picked":"Armaments","floor":1},{"not_picked":["Armaments","Perfected Strike"],"picked":"Pommel Strike","floor":2},{"not_picked":["Sword Boomerang","Shrug It Off"],"picked":"Headbutt","floor":5},{"not_picked":["Sword Boomerang","Warcry"],"picked":"Inflame","floor":6},{"not_picked":["True Grit","Cleave"],"picked":"Anger","floor":8},{"not_picked":["True Grit","Searing Blow"],"picked":"Reaper","floor":14},{"not_picked":["Offering","Barricade"],"picked":"Demon Form","floor":16},{"not_picked":["Fire Breathing","Havoc+1"],"picked":"Iron Wave+1","floor":18},{"not_picked":["Entrench","Thunderclap"],"picked":"Hemokinesis","floor":19},{"not_picked":["Clash","Seeing Red"],"picked":"Flame Barrier","floor":21},{"not_picked":["Armaments+1","Havoc"],"picked":"Warcry+1","floor":22},{"not_picked":["Whirlwind","Searing Blow"],"picked":"Metallicize","floor":25},{"not_picked":["Carnage+1","Warcry"],"picked":"Reaper","floor":27},{"not_picked":["Seeing Red","Disarm"],"picked":"Intimidate+1","floor":28},{"not_picked":["Perfected Strike+1","Whirlwind"],"picked":"Disarm","floor":29},{"not_picked":["Sever Soul","Infernal Blade"],"picked":"Iron Wave+1","floor":31},{"not_picked":["Seeing Red+1","Sword Boomerang"],"picked":"Heavy Blade","floor":32},{"not_picked":["Reaper","Double Tap"],"picked":"Demon Form","floor":33},{"not_picked":["Twin Strike","Reckless Charge+1","Warcry"],"picked":"SKIP","floor":35},{"not_picked":["Feel No Pain+1","Clash","Rupture+1"],"picked":"SKIP","floor":36},{"not_picked":["Bloodletting","Dropkick"],"picked":"Pommel Strike+1","floor":37},{"not_picked":["Infernal Blade+1","Sword Boomerang"],"picked":"Warcry+1","floor":38},{"not_picked":["Clothesline","Burning Pact+1"],"picked":"Inflame","floor":41},{"not_picked":["Twin Strike+1","Havoc"],"picked":"Uppercut+1","floor":45},{"not_picked":["Burning Pact","True Grit"],"picked":"Metallicize+1","floor":46},{"not_picked":["Rampage","Perfected Strike"],"picked":"Pummel","floor":47},{"not_picked":["Perfected Strike","Brutality+1","Thunderclap"],"picked":"SKIP","floor":48},{"not_picked":["Flame Barrier+1","Searing Blow+1"],"picked":"Shrug It Off+1","floor":49}],"player_experience":455915,"relics_obtained":[{"floor":6,"key":"Juzu Bracelet"},{"floor":9,"key":"Strawberry"},{"floor":14,"key":"Dream Catcher"},{"floor":25,"key":"Mummified Hand"},{"floor":26,"key":"Bottled Tornado"},{"floor":41,"key":"Bronze Scales"},{"floor":43,"key":"Frozen Egg 2"},{"floor":45,"key":"Self Forming Clay"}],"event_choices":[{"damage_healed":0,"gold_gain":0,"player_choice":"Ignored","damage_taken":0,"max_hp_gain":0,"max_hp_loss":0,"event_name":"Liars Game","floor":3,"gold_loss":0},{"damage_healed":0,"gold_gain":75,"player_choice":"Touch","damage_taken":8,"max_hp_gain":0,"max_hp_loss":0,"event_name":"FaceTrader","floor":4,"gold_loss":0},{"damage_healed":0,"gold_gain":0,"player_choice":"Got Potions","damage_taken":0,"max_hp_gain":0,"max_hp_loss":0,"event_name":"Lab","floor":12,"gold_loss":0},{"damage_healed":0,"gold_gain":0,"player_choice":"Damaged","damage_taken":8,"max_hp_gain":0,"max_hp_loss":0,"event_name":"Wheel of Change","floor":13,"gold_loss":0},{"damage_healed":0,"gold_gain":180,"player_choice":"POTION GOLD GOLD ","damage_taken":32,"max_hp_gain":0,"max_hp_loss":0,"event_name":"Knowing Skull","floor":24,"potions_obtained":["SteroidPotion"],"gold_loss":0,"cards_obtained":[]},{"damage_healed":0,"gold_gain":0,"player_choice":"Paid","damage_taken":0,"relics_obtained":["Red Mask"],"max_hp_gain":0,"max_hp_loss":0,"event_name":"Tomb of Lord Red Mask","floor":42,"gold_loss":90},{"damage_healed":0,"gold_gain":0,"player_choice":"Memory 1","damage_taken":0,"max_hp_gain":0,"max_hp_loss":0,"event_name":"SensoryStone","floor":44,"gold_loss":0}],"is_beta":false,"boss_relics":[{"not_picked":["Astrolabe","Eternal Feather"],"picked":"Fusion Hammer"},{"not_picked":["Black Blood","Pandora\u0027s Box"],"picked":"Philosopher\u0027s Stone"}],"items_purged_floors":[11,30],"is_endless":false,"potions_floor_spawned":[1,2,16,22,25,31,35,37,41,47],"ascension_level":8}