{"gold_per_floor":[114,114,125,135,154,154,172,188,188,199,199,213,21,37,37,133,133,148,168,168,187,39,39,39],"floor_reached":24,"playtime":1641,"items_purged":[],"score":281,"play_id":"31d024ac-27e3-4bc6-bf84-6ca0b763be08","local_time":"20190120215927","is_ascension_mode":true,"campfire_choices":[{"data":"Ball Lightning","floor":6,"key":"SMITH"},{"floor":15,"key":"REST"},{"floor":23,"key":"REST"}],"neow_cost":"NONE","seed_source_timestamp":62671329401490,"circlet_count":0,"master_deck":["Zap","Dualcast","Ball Lightning+1","Cold Snap","Conserve Battery","Coolheaded","Genetic Algorithm","Chaos","Sunder","Gash","Defragment","Rip and Tear","Coolheaded","Reprogram","Echo Form","Skim","Leap","Echo Form","Electrodynamics","White Noise","Hologram","Ball Lightning","Cold Snap","Self Repair"],"relics":["Cracked Core","Vajra","Blue Candle","Pandora\u0027s Box","Omamori"],"potions_floor_usage":[16,16,21],"damage_taken":[{"damage":4,"enemies":"Jaw Worm","floor":1,"turns":3},{"damage":0,"enemies":"Cultist","floor":3,"turns":3},{"damage":0,"enemies":"2 Louse","floor":4,"turns":2},{"damage":2,"enemies":"Red Slaver","floor":5,"turns":3},{"damage":16,"enemies":"Blue Slaver","floor":7,"turns":3},{"damage":0,"enemies":"3 Louse","floor":8,"turns":3},{"damage":0,"enemies":"2 Fungi Beasts","floor":10,"turns":4},{"damage":1,"enemies":"Blue Slaver","floor":12,"turns":4},{"damage":1,"enemies":"3 Louse","floor":14,"turns":2},{"damage":14,"enemies":"Slime Boss","floor":16,"turns":9},{"damage":19,"enemies":"Chosen","floor":18,"turns":5},{"damage":17,"enemies":"Shell Parasite","floor":19,"turns":5},{"damage":29,"enemies":"Shelled Parasite and Fungi","floor":21,"turns":6},{"damage":44,"enemies":"Gremlin Leader","floor":24,"turns":5}],"seed_played":"-5813862608361466070","potions_obtained":[{"floor":4,"key":"Strength Potion"},{"floor":5,"key":"AttackPotion"},{"floor":8,"key":"Poison Potion"},{"floor":14,"key":"FearPotion"},{"floor":21,"key":"SteroidPotion"}],"is_trial":false,"path_per_floor":["M","?","M","M","M","R","M","M","T","M","$","M","$","M","R","B",null,"M","M","$","M","$","R","E"],"character_chosen":"DEFECT","items_purchased":["Defragment","Rip and Tear","Coolheaded","Omamori"],"campfire_rested":2,"item_purchase_floors":[13,13,13,22],"current_hp_per_floor":[71,53,53,53,51,51,35,35,35,35,35,34,34,33,57,43,72,53,36,36,7,7,31,0],"gold":39,"neow_bonus":"TEN_PERCENT_HP_BONUS","is_prod":false,"is_daily":false,"chose_seed":false,"campfire_upgraded":1,"win_rate":0,"timestamp":1548043167,"path_taken":["M","?","M","M","M","R","M","M","T","M","?","?","$","M","R","BOSS","M","?","$","M","$","R","E"],"build_version":"2019-01-17v2","purchased_purges":0,"victory":false,"max_hp_per_floor":[82,82,82,82,82,82,82,82,82,82,82,82,82,82,82,82,82,82,82,82,82,82,82,82],"card_choices":[{"not_picked":["Redo","Skim"],"picked":"Ball Lightning","floor":1},{"not_picked":["Hologram","Reinforced Body"],"picked":"Cold Snap","floor":3},{"not_picked":["Loop","Double Energy"],"picked":"Conserve Battery","floor":4},{"not_picked":["Beam Cell","Core Surge"],"picked":"Coolheaded","floor":5},{"not_picked":["Stack","Go for the Eyes"],"picked":"Genetic Algorithm","floor":7},{"not_picked":["Aggregate","Hologram"],"picked":"Chaos","floor":8},{"not_picked":["Streamline","Sweeping Beam"],"picked":"Sunder","floor":10},{"not_picked":["Turbo","Recycle"],"picked":"Gash","floor":12},{"not_picked":["Redo","Turbo","Barrage"],"picked":"SKIP","floor":14},{"not_picked":["Coolheaded","Hologram+1"],"picked":"Ball Lightning","floor":18},{"not_picked":["Turbo","Rebound+1"],"picked":"Cold Snap","floor":19},{"not_picked":["Storm+1","Steam Power"],"picked":"Self Repair","floor":21}],"player_experience":460865,"relics_obtained":[{"floor":9,"key":"Blue Candle"}],"event_choices":[{"damage_healed":0,"gold_gain":0,"player_choice":"Success","damage_taken":18,"relics_obtained":["Vajra"],"max_hp_gain":0,"max_hp_loss":0,"event_name":"Scrap Ooze","floor":2,"gold_loss":0}],"is_beta":false,"boss_relics":[{"not_picked":["Calling Bell","Lizard Tail"],"picked":"Pandora\u0027s Box"}],"items_purged_floors":[],"is_endless":false,"potions_floor_spawned":[4,5,8,14,21],"killed_by":"Gremlin Leader","ascension_level":9}