{"gold_per_floor":[114,114,127,127,52,52,127,27,27,60,79,79,104,114,114,209,209,229,229,229,243,262,262,262,262,309,22,22,36,136,163,163,259,259,274,291,304,304,316,347,347,375,375,385,385,405,144,144,144,144],"floor_reached":51,"playtime":5269,"items_purged":["Strike_R","Bash","True Grit+1"],"score":779,"play_id":"e82cf458-7197-494d-8b25-73d485e5656b","local_time":"20191011031324","is_ascension_mode":true,"campfire_choices":[{"data":"True Grit","floor":6.0,"key":"SMITH"},{"data":"Demon Form","floor":12.0,"key":"SMITH"},{"data":"Heavy Blade","floor":15.0,"key":"SMITH"},{"data":"Flame Barrier","floor":23.0,"key":"SMITH"},{"data":"Defend_R","floor":25.0,"key":"SMITH"},{"data":"Normality","floor":28.0,"key":"PURGE"},{"data":"Strike_R","floor":32.0,"key":"PURGE"},{"floor":41.0,"key":"REST"},{"data":"Defend_R","floor":45.0,"key":"PURGE"},{"floor":49.0,"key":"REST"}],"neow_cost":"NONE","seed_source_timestamp":113691235125472,"circlet_count":0,"master_deck":["Strike_R+1","Strike_R+1","Defend_R+1","Defend_R+1","Defend_R+1","Demon Form+1","Flame Barrier+1","Heavy Blade+1","Reaper","Sword Boomerang+1","Ghostly Armor+1","Pummel+1","Feel No Pain+1","Flame Barrier+1"],"special_seed":0,"relics":["Burning Blood","Meat on the Bone","Whetstone","Self Forming Clay","Cursed Key","Regal Pillow","War Paint","Peace Pipe","StoneCalendar","Frozen Egg 2","Du-Vu Doll","Black Star","The Courier","Dream Catcher","Singing Bowl","Blood Vial"],"potions_floor_usage":[50,50,50],"damage_taken":[{"damage":3.0,"enemies":"2 Louse","floor":1.0,"turns":5.0},{"damage":4.0,"enemies":"Jaw Worm","floor":3.0,"turns":5.0},{"damage":27.0,"enemies":"Lagavulin","floor":10.0,"turns":7.0},{"damage":0.0,"enemies":"Cultist","floor":11.0,"turns":3.0},{"damage":21.0,"enemies":"Gremlin Nob","floor":13.0,"turns":5.0},{"damage":2.0,"enemies":"2 Fungi Beasts","floor":14.0,"turns":6.0},{"damage":14.0,"enemies":"Hexaghost","floor":16.0,"turns":7.0},{"damage":17.0,"enemies":"2 Thieves","floor":18.0,"turns":4.0},{"damage":12.0,"enemies":"Spheric Guardian","floor":21.0,"turns":5.0},{"damage":17.0,"enemies":"Centurion and Healer","floor":22.0,"turns":10.0},{"damage":3.0,"enemies":"Chosen and Byrds","floor":29.0,"turns":5.0},{"damage":46.0,"enemies":"Colosseum Slavers","floor":30.0,"turns":6.0},{"damage":14.0,"enemies":"Colosseum Nobs","floor":30.0,"turns":6.0},{"damage":32.0,"enemies":"Gremlin Leader","floor":31.0,"turns":6.0},{"damage":52.0,"enemies":"Collector","floor":33.0,"turns":8.0},{"damage":39.0,"enemies":"3 Darklings","floor":35.0,"turns":7.0},{"damage":26.0,"enemies":"3 Shapes","floor":36.0,"turns":6.0},{"damage":28.0,"enemies":"3 Darklings","floor":37.0,"turns":7.0},{"damage":23.0,"enemies":"Sphere and 2 Shapes","floor":39.0,"turns":5.0},{"damage":62.0,"enemies":"Reptomancer","floor":40.0,"turns":7.0},{"damage":72.0,"enemies":"Nemesis","floor":42.0,"turns":7.0},{"damage":6.0,"enemies":"Writhing Mass","floor":44.0,"turns":7.0},{"damage":48.0,"enemies":"Transient","floor":46.0,"turns":5.0},{"damage":26,"enemies":"Time Eater","floor":50,"turns":9}],"seed_played":"4999843797085135949","potions_obtained":[{"floor":14.0,"key":"Fire Potion"},{"floor":21.0,"key":"Strength Potion"},{"floor":30.0,"key":"Block Potion"},{"floor":33.0,"key":"Weak Potion"},{"floor":37.0,"key":"Explosive Potion"},{"floor":39.0,"key":"FearPotion"},{"floor":40.0,"key":"Energy Potion"},{"floor":44.0,"key":"Explosive Potion"},{"floor":46.0,"key":"SpeedPotion"}],"is_trial":false,"path_per_floor":["M","$","M","?","$","R","?","$","T","E","M","R","E","M","R","B",null,"M","?","?","M","M","R","?","R","T","$","R","M","?","E","R","B",null,"M","M","M","?","M","E","R","E","T","M","R","M","$","?","R","B",null],"character_chosen":"IRONCLAD","items_purchased":["Peace Pipe","GamblersBrew","EssenceOfSteel","Dexterity Potion"],"campfire_rested":2,"item_purchase_floors":[27,47,47,47],"current_hp_per_floor":[80,80,80,80,80,80,69,69,69,48,54,54,51,55,55,47,80,69,54,54,59,85,85,85,85,85,85,85,85,84,72,72,51,85,85,85,85,85,74,30,70,42,42,56,56,30,30,30,73,77],"gold":144,"neow_bonus":"THREE_CARDS","is_prod":false,"is_daily":false,"chose_seed":false,"campfire_upgraded":5,"win_rate":0,"timestamp":1570778004,"path_taken":["M","$","M","?","$","R","?","?","T","E","M","R","E","M","R","BOSS","M","?","?","M","?","R","?","R","T","$","R","M","?","E","R","BOSS","M","M","M","?","M","E","R","E","T","M","R","M","$","?","R","BOSS"],"build_version":"2019-07-17","purchased_purges":3,"victory":true,"max_hp_per_floor":[80,80,80,80,80,80,80,80,80,80,80,80,80,80,80,80,80,80,85,85,85,85,85,85,85,85,85,85,85,85,85,85,85,85,85,85,85,85,85,85,85,87,87,87,87,89,89,89,91,91],"card_choices":[{"not_picked":["Carnage","Clash"],"picked":"True Grit","floor":0.0},{"not_picked":["Iron Wave","Headbutt","Heavy Blade"],"picked":"SKIP","floor":1.0},{"not_picked":["Thunderclap","Havoc"],"picked":"Demon Form","floor":3.0},{"not_picked":["Headbutt","Wild Strike","Power Through"],"picked":"SKIP","floor":10.0},{"not_picked":["Havoc","Cleave"],"picked":"Flame Barrier","floor":11.0},{"not_picked":["Immolate","Bludgeon","Thunderclap"],"picked":"SKIP","floor":13.0},{"not_picked":["Havoc","Burning Pact"],"picked":"Heavy Blade","floor":14.0},{"not_picked":["Double Tap","Barricade"],"picked":"Reaper","floor":16.0},{"not_picked":["Clothesline","Cleave","Warcry"],"picked":"SKIP","floor":18.0},{"not_picked":["Iron Wave","Perfected Strike","Warcry"],"picked":"SKIP","floor":21.0},{"not_picked":["Second Wind","Inflame","Flex"],"picked":"SKIP","floor":22.0},{"not_picked":["Armaments","Cleave","Bloodletting"],"picked":"SKIP","floor":29.0},{"not_picked":["Whirlwind+1","Twin Strike+1","Anger"],"picked":"SKIP","floor":31.0},{"not_picked":["Rupture+1","Heavy Blade+1"],"picked":"Sword Boomerang+1","floor":35.0},{"not_picked":["Clash","Hemokinesis"],"picked":"Ghostly Armor+1","floor":36.0},{"not_picked":["Headbutt","Power Through+1"],"picked":"Pummel+1","floor":37.0},{"not_picked":["Warcry","Clash"],"picked":"Feel No Pain+1","floor":39.0},{"not_picked":["Iron Wave","Anger","Sword Boomerang+1"],"picked":"SKIP","floor":40.0},{"not_picked":["Sword Boomerang+1","Bloodletting","Heavy Blade+1"],"picked":"Singing Bowl","floor":42.0},{"not_picked":["Pommel Strike","Cleave"],"picked":"Flame Barrier+1","floor":44.0},{"not_picked":["Pummel","Clothesline","Blood for Blood"],"picked":"Singing Bowl","floor":46.0},{"not_picked":["Sword Boomerang+1","True Grit+1","Perfected Strike+1"],"picked":"Singing Bowl","floor":49.0}],"player_experience":751309,"relics_obtained":[{"floor":9.0,"key":"Meat on the Bone"},{"floor":10.0,"key":"Whetstone"},{"floor":13.0,"key":"Self Forming Clay"},{"floor":20.0,"key":"Regal Pillow"},{"floor":26.0,"key":"War Paint"},{"floor":30.0,"key":"StoneCalendar"},{"floor":30.0,"key":"Frozen Egg 2"},{"floor":31.0,"key":"Du-Vu Doll"},{"floor":40.0,"key":"The Courier"},{"floor":40.0,"key":"Dream Catcher"},{"floor":42.0,"key":"Singing Bowl"},{"floor":42.0,"key":"Blood Vial"}],"event_choices":[{"cards_removed":["Strike_R"],"damage_healed":0.0,"max_hp_gain":0.0,"max_hp_loss":0.0,"gold_gain":0.0,"event_name":"Living Wall","player_choice":"Forget","floor":4.0,"gold_loss":0.0,"damage_taken":0.0},{"damage_healed":0.0,"max_hp_gain":0.0,"max_hp_loss":0.0,"gold_gain":75.0,"event_name":"World of Goop","player_choice":"Gather Gold","floor":7.0,"gold_loss":0.0,"damage_taken":11.0},{"damage_healed":0.0,"max_hp_gain":5.0,"max_hp_loss":0.0,"gold_gain":0.0,"event_name":"Forgotten Altar","player_choice":"Shed Blood","floor":19.0,"gold_loss":0.0,"damage_taken":20.0},{"damage_healed":0.0,"max_hp_gain":0.0,"max_hp_loss":0.0,"gold_gain":0.0,"event_name":"Wheel of Change","player_choice":"Relic","floor":20.0,"gold_loss":0.0,"damage_taken":0.0},{"damage_healed":0.0,"max_hp_gain":0.0,"max_hp_loss":0.0,"gold_gain":0.0,"event_name":"Vampires","player_choice":"Ignored","floor":24.0,"gold_loss":0.0,"damage_taken":0.0},{"damage_healed":0.0,"max_hp_gain":0.0,"max_hp_loss":0.0,"gold_gain":0.0,"event_name":"Colosseum","player_choice":"Fight","floor":30.0,"gold_loss":0.0,"damage_taken":0.0},{"damage_healed":0.0,"max_hp_gain":0.0,"max_hp_loss":0.0,"gold_gain":0.0,"event_name":"Colosseum","player_choice":"Fought Nobs","floor":30.0,"gold_loss":0.0,"damage_taken":0.0},{"damage_healed":0.0,"max_hp_gain":0.0,"max_hp_loss":0.0,"gold_gain":0.0,"event_name":"Tomb of Lord Red Mask","player_choice":"Ignored","floor":38.0,"gold_loss":0.0,"damage_taken":0.0},{"damage_healed":0.0,"max_hp_gain":0.0,"max_hp_loss":0.0,"gold_gain":0.0,"event_name":"The Moai Head","player_choice":"Ignored","floor":48.0,"gold_loss":0.0,"damage_taken":0.0}],"is_beta":false,"boss_relics":[{"not_picked":["Runic Dome","Black Blood"],"picked":"Cursed Key"},{"not_picked":["White Beast Statue","Tiny House"],"picked":"Black Star"}],"items_purged_floors":[5,8,47],"is_endless":false,"potions_floor_spawned":[14,21,30,33,37,39,40,44,46],"ascension_level":2}