{"gold_per_floor":[118,130,54,54,6,6,16,48,73,90,120,140,174,45,45,140,140,152,152,167,167],"floor_reached":21,"playtime":1334,"items_purged":[],"score":249,"play_id":"bf6d0797-6fe0-4e1f-a72f-d3372b1e0c2e","local_time":"20190101170306","is_ascension_mode":true,"campfire_choices":[{"data":"Go for the Eyes","floor":6,"key":"SMITH"},{"data":"Defragment","floor":15,"key":"SMITH"}],"neow_cost":"NONE","seed_source_timestamp":1074704816988448,"circlet_count":0,"master_deck":["Strike_B","Strike_B","Strike_B","Strike_B","Defend_B","Defend_B","Defend_B","Defend_B","Zap","Dualcast","Core Surge","Cold Snap","Go for the Eyes+1","Loop","Leap","Ball Lightning","Buffer","Multi-Cast","Compile Driver","Defragment+1","Leap","Echo Form","Cold Snap+1","Necronomicurse","Loop+1"],"relics":["Cracked Core","Bottled Flame","Darkstone Periapt","Centennial Puzzle","Juzu Bracelet","PreservedInsect","Velvet Choker","Necronomicon"],"potions_floor_usage":[13,16,18,20],"damage_taken":[{"damage":0,"enemies":"Cultist","floor":1,"turns":2},{"damage":2,"enemies":"Jaw Worm","floor":2,"turns":3},{"damage":0,"enemies":"2 Louse","floor":7,"turns":2},{"damage":16,"enemies":"Gremlin Nob","floor":8,"turns":4},{"damage":1,"enemies":"Looter","floor":10,"turns":3},{"damage":6,"enemies":"Lagavulin","floor":11,"turns":8},{"damage":0,"enemies":"2 Fungi Beasts","floor":12,"turns":3},{"damage":16,"enemies":"3 Sentries","floor":13,"turns":5},{"damage":12,"enemies":"Hexaghost","floor":16,"turns":9},{"damage":8,"enemies":"3 Byrds","floor":18,"turns":3},{"damage":8,"enemies":"Shell Parasite","floor":20,"turns":6},{"damage":27,"enemies":"Colosseum Slavers","floor":21,"turns":4}],"seed_played":"-887626793996636218","potions_obtained":[{"floor":7,"key":"Block Potion"},{"floor":11,"key":"Weak Potion"},{"floor":13,"key":"Explosive Potion"},{"floor":16,"key":"PowerPotion"}],"is_trial":false,"path_per_floor":["M","M","$","T","$","R","M","E","T","M","E","M","E","$","R","B",null,"M","?","M","?"],"character_chosen":"DEFECT","items_purchased":["Loop","Fire Potion","Defragment","Leap"],"campfire_rested":0,"item_purchase_floors":[3,5,14,14],"current_hp_per_floor":[75,73,73,73,73,73,73,57,57,56,50,50,34,34,34,22,62,54,44,36,9],"gold":167,"neow_bonus":"ONE_RANDOM_RARE_CARD","is_prod":false,"is_daily":false,"chose_seed":false,"campfire_upgraded":2,"win_rate":0,"timestamp":1546383786,"path_taken":["M","M","$","?","?","R","?","E","T","M","E","M","E","$","R","BOSS","M","?","M","?"],"build_version":"2018-12-20","purchased_purges":0,"victory":false,"max_hp_per_floor":[75,75,75,75,75,75,75,75,75,75,75,75,75,75,75,75,75,75,81,81,81],"card_choices":[{"not_picked":["Barrage","Conserve Battery"],"picked":"Cold Snap","floor":1},{"not_picked":["FTL","Darkness"],"picked":"Go for the Eyes","floor":2},{"not_picked":["Coolheaded","Blizzard"],"picked":"Leap","floor":7},{"not_picked":["BootSequence","Undo"],"picked":"Ball Lightning","floor":8},{"not_picked":["Melter","Gash"],"picked":"Buffer","floor":10},{"not_picked":["Undo","Compile Driver"],"picked":"Multi-Cast","floor":11},{"not_picked":["Rebound","FTL"],"picked":"Compile Driver","floor":12},{"not_picked":["Core Surge","Hyperbeam","Force Field"],"picked":"SKIP","floor":13},{"not_picked":["Meteor Strike","Rainbow"],"picked":"Echo Form","floor":16},{"not_picked":["Barrage","White Noise"],"picked":"Cold Snap+1","floor":18},{"not_picked":["Barrage","Static Discharge"],"picked":"Loop+1","floor":20}],"player_experience":363411,"relics_obtained":[{"floor":4,"key":"Bottled Flame"},{"floor":8,"key":"Darkstone Periapt"},{"floor":9,"key":"Centennial Puzzle"},{"floor":11,"key":"Juzu Bracelet"},{"floor":13,"key":"PreservedInsect"},{"floor":19,"key":"Necronomicon"}],"event_choices":[{"damage_healed":0,"gold_gain":0,"player_choice":"Obtained Book","damage_taken":16,"max_hp_gain":0,"max_hp_loss":0,"event_name":"Cursed Tome","floor":19,"gold_loss":0},{"damage_healed":0,"gold_gain":0,"player_choice":"Fight","damage_taken":0,"max_hp_gain":0,"max_hp_loss":0,"event_name":"Colosseum","floor":21,"gold_loss":0},{"damage_healed":0,"gold_gain":0,"player_choice":"Fled From Nobs","damage_taken":0,"max_hp_gain":0,"max_hp_loss":0,"event_name":"Colosseum","floor":21,"gold_loss":0}],"is_beta":false,"boss_relics":[{"not_picked":["Cursed Key","Snecko Eye"],"picked":"Velvet Choker"}],"items_purged_floors":[],"is_endless":false,"potions_floor_spawned":[7,11,12,13,16,21],"killed_by":"Colosseum Slavers","ascension_level":5}