{"gold_per_floor":[109,109,109,119,20,55,55,69,95,113,128,128,143,166,166,243,243,260,23,33,47,63,63,91,111,111,124,124,135,0,0,0,0],"floor_reached":33,"playtime":1653,"items_purged":[],"score":533,"play_id":"209316e6-ca46-4349-8517-64f998fa5f37","local_time":"20190616173827","is_ascension_mode":true,"campfire_choices":[{"data":"Corruption","floor":7,"key":"SMITH"},{"data":"Bash","floor":12,"key":"SMITH"},{"data":"Clothesline","floor":15,"key":"SMITH"},{"floor":23,"key":"REST"},{"data":"Corruption","floor":28,"key":"SMITH"},{"floor":32,"key":"REST"}],"neow_cost":"NONE","seed_source_timestamp":102819087748244,"circlet_count":0,"master_deck":["AscendersBane","Bash+1","Iron Wave","Anger","Corruption+1","Twin Strike","Shrug It Off","Evolve","True Grit","Combust","Clothesline+1","Juggernaut","Wild Strike","Double Tap","Bloodletting","Corruption+1","Metallicize","Infernal Blade","Fiend Fire","Dropkick","Clothesline","Havoc","Inflame","True Grit","Impervious","Feel No Pain+1"],"relics":["Burning Blood","NeowsBlessing","Orichalcum","Oddly Smooth Stone","Vajra","Pandora\u0027s Box","PreservedInsect","Mango","Bottled Lightning"],"potions_floor_usage":[11,24,29],"damage_taken":[{"damage":0,"enemies":"Jaw Worm","floor":1,"turns":1},{"damage":0,"enemies":"Small Slimes","floor":4,"turns":1},{"damage":0,"enemies":"Gremlin Nob","floor":6,"turns":1},{"damage":0,"enemies":"Cultist","floor":8,"turns":4},{"damage":7,"enemies":"Exordium Wildlife","floor":10,"turns":5},{"damage":3,"enemies":"2 Fungi Beasts","floor":11,"turns":3},{"damage":12,"enemies":"3 Louse","floor":13,"turns":3},{"damage":35,"enemies":"Hexaghost","floor":16,"turns":11},{"damage":9,"enemies":"3 Byrds","floor":18,"turns":7},{"damage":9,"enemies":"Chosen","floor":20,"turns":4},{"damage":19,"enemies":"Shelled Parasite and Fungi","floor":21,"turns":6},{"damage":12,"enemies":"Snake Plant","floor":22,"turns":5},{"damage":37,"enemies":"Slavers","floor":24,"turns":5},{"damage":0,"enemies":"Snecko","floor":25,"turns":4},{"damage":21,"enemies":"Shelled Parasite and Fungi","floor":27,"turns":7},{"damage":31,"enemies":"Sentry and Sphere","floor":29,"turns":6},{"damage":48,"enemies":"Champ","floor":33,"turns":9}],"seed_played":"9040533066843456998","potions_obtained":[{"floor":3,"key":"FearPotion"},{"floor":3,"key":"Energy Potion"},{"floor":13,"key":"SteroidPotion"},{"floor":24,"key":"BloodPotion"}],"is_trial":false,"path_per_floor":["M","?","?","M","$","E","R","M","T","M","M","R","M","T","R","B",null,"M","$","M","M","M","R","E","M","T","M","R","M","?","$","R","B"],"character_chosen":"IRONCLAD","items_purchased":["Corruption","Twin Strike","PreservedInsect","Inflame"],"campfire_rested":2,"item_purchase_floors":[5,5,19,19],"current_hp_per_floor":[74,51,51,57,57,63,63,69,69,68,71,71,65,65,65,36,65,62,62,59,46,40,62,45,51,51,36,36,19,19,19,45,0],"gold":0,"neow_bonus":"THREE_ENEMY_KILL","is_prod":false,"is_daily":false,"chose_seed":false,"campfire_upgraded":4,"win_rate":0,"timestamp":1560724707,"path_taken":["M","?","?","M","$","E","R","M","T","?","M","R","M","?","R","BOSS","M","$","M","M","M","R","E","M","T","M","R","M","?","$","R","BOSS"],"build_version":"2019-01-23","purchased_purges":0,"victory":false,"max_hp_per_floor":[75,75,75,75,75,75,75,75,75,75,75,75,75,75,75,75,75,75,75,75,75,75,75,89,89,89,89,89,89,89,89,89,89],"card_choices":[{"not_picked":["Clash","Armaments"],"picked":"Iron Wave","floor":1},{"not_picked":["Sword Boomerang","Second Wind"],"picked":"Anger","floor":4},{"not_picked":["Ghostly Armor","Clash"],"picked":"Shrug It Off","floor":6},{"not_picked":["Iron Wave","Dropkick"],"picked":"Evolve","floor":8},{"not_picked":["Havoc","Searing Blow"],"picked":"True Grit","floor":10},{"not_picked":["Sword Boomerang","Heavy Blade"],"picked":"Combust","floor":11},{"not_picked":["Bloodletting","Intimidate"],"picked":"Clothesline","floor":13},{"not_picked":["Fiend Fire","Limit Break"],"picked":"Juggernaut","floor":16},{"not_picked":["Sword Boomerang","Warcry"],"picked":"Havoc","floor":18},{"not_picked":["Twin Strike","Armaments","Body Slam"],"picked":"SKIP","floor":20},{"not_picked":["Sentinel","Entrench+1"],"picked":"True Grit","floor":21},{"not_picked":["Armaments","Headbutt"],"picked":"Impervious","floor":22},{"not_picked":["Iron Wave","Sword Boomerang","Rampage"],"picked":"SKIP","floor":24},{"not_picked":["Cleave","Flex","Twin Strike"],"picked":"SKIP","floor":25},{"not_picked":["Searing Blow","Havoc"],"picked":"Feel No Pain+1","floor":27},{"not_picked":["Warcry","Flex","Rage"],"picked":"SKIP","floor":29}],"player_experience":587145,"relics_obtained":[{"floor":6,"key":"Orichalcum"},{"floor":9,"key":"Oddly Smooth Stone"},{"floor":14,"key":"Vajra"},{"floor":24,"key":"Mango"},{"floor":26,"key":"Bottled Lightning"}],"event_choices":[{"damage_healed":0,"gold_gain":0,"player_choice":"Entered Light","damage_taken":23,"max_hp_gain":0,"max_hp_loss":0,"event_name":"Shining Light","floor":2,"gold_loss":0,"cards_upgraded":["Strike_R","Strike_R"]},{"damage_healed":0,"gold_gain":0,"player_choice":"Got Potions","damage_taken":0,"max_hp_gain":0,"max_hp_loss":0,"event_name":"Lab","floor":3,"gold_loss":0},{"damage_healed":0,"gold_gain":0,"player_choice":"Paid Fearfully","damage_taken":0,"max_hp_gain":0,"max_hp_loss":0,"event_name":"Masked Bandits","floor":30,"gold_loss":135}],"is_beta":false,"boss_relics":[{"not_picked":["White Beast Statue","Runic Dome"],"picked":"Pandora\u0027s Box"}],"items_purged_floors":[],"is_endless":false,"potions_floor_spawned":[4,6,13,16,21,22,24,27],"killed_by":"Champ","ascension_level":16}