{"gold_per_floor":[112,123,198,208,227,254,254,254,254,273,284,301,150,175,175,274,274,288,166,177,196,196,225,225,235,235,255,334,345,355,373,373,478,478,490,310,410,424,435,435,5,5,5,5,23,43,62,62],"floor_reached":48,"playtime":4022,"items_purged":["Strike_G","Strike_G"],"score":462,"play_id":"a757bcf8-ba92-48d5-907e-eedf35209b7d","local_time":"20181127162143","is_ascension_mode":false,"campfire_choices":[{"data":"Neutralize","floor":7,"key":"SMITH"},{"data":"Dodge and Roll","floor":15,"key":"SMITH"},{"data":"Envenom","floor":24,"key":"SMITH"},{"data":"Prepared","floor":32,"key":"SMITH"},{"data":"Catalyst","floor":40,"key":"SMITH"},{"data":"Tactician","floor":42,"key":"SMITH"},{"data":"Survivor","floor":44,"key":"SMITH"}],"neow_cost":"NONE","seed_source_timestamp":1188539522978269,"circlet_count":0,"master_deck":["Defend_G","Defend_G","Defend_G","Defend_G","Defend_G","Strike_G","Strike_G","Strike_G","Survivor+1","Neutralize+1","Bane+1","Dagger Throw","Dagger Spray","Backstab+1","Dodge and Roll+1","PiercingWail","Bane","Poisoned Stab","Envenom+1","Deadly Poison","Deflect","Flying Knee","All Out Attack","Prepared+1","Outmaneuver+1","Tactician+1","Doppelganger","Choke","Dash","Catalyst+1","Adrenaline","Calculated Gamble","Flechettes","Parasite"],"relics":["Ring of the Snake","Matryoshka","Pen Nib","Pantograph","Lantern","Odd Mushroom","Runic Pyramid","Darkstone Periapt","Happy Flower","Anchor","Runic Dome","Torii","Tough Bandages","Kunai"],"potions_floor_usage":[6,6,21,23,30,30,33,46],"damage_taken":[{"damage":0,"enemies":"2 Louse","floor":1,"turns":5},{"damage":0,"enemies":"Jaw Worm","floor":2,"turns":5},{"damage":0,"enemies":"Cultist","floor":4,"turns":4},{"damage":5,"enemies":"Exordium Thugs","floor":5,"turns":5},{"damage":9,"enemies":"3 Sentries","floor":6,"turns":9},{"damage":0,"enemies":"Red Slaver","floor":10,"turns":3},{"damage":0,"enemies":"Looter","floor":11,"turns":2},{"damage":0,"enemies":"3 Louse","floor":12,"turns":2},{"damage":0,"enemies":"The Mushroom Lair","floor":14,"turns":2},{"damage":17,"enemies":"Hexaghost","floor":16,"turns":12},{"damage":0,"enemies":"Chosen","floor":18,"turns":4},{"damage":5,"enemies":"2 Thieves","floor":20,"turns":4},{"damage":2,"enemies":"Centurion and Healer","floor":21,"turns":6},{"damage":34,"enemies":"Gremlin Leader","floor":23,"turns":8},{"damage":8,"enemies":"Snecko","floor":25,"turns":6},{"damage":0,"enemies":"Chosen and Byrds","floor":27,"turns":3},{"damage":6,"enemies":"3 Cultists","floor":29,"turns":6},{"damage":0,"enemies":"Centurion and Healer","floor":30,"turns":5},{"damage":0,"enemies":"Chosen and Byrds","floor":31,"turns":4},{"damage":26,"enemies":"Champ","floor":33,"turns":12},{"damage":6,"enemies":"3 Darklings","floor":35,"turns":6},{"damage":16,"enemies":"Mind Bloom Boss Battle","floor":37,"turns":8},{"damage":1,"enemies":"Orb Walker","floor":38,"turns":2},{"damage":10,"enemies":"Spire Growth","floor":39,"turns":4},{"damage":17,"enemies":"4 Shapes","floor":45,"turns":5},{"damage":19,"enemies":"Maw","floor":46,"turns":7},{"damage":9,"enemies":"Writhing Mass","floor":47,"turns":4},{"damage":7,"enemies":"Spire Growth","floor":48,"turns":2}],"seed_played":"-3785786657133115304","potions_obtained":[{"floor":0,"key":"AttackPotion"},{"floor":0,"key":"Explosive Potion"},{"floor":0,"key":"Explosive Potion"},{"floor":5,"key":"SkillPotion"},{"floor":11,"key":"GamblersBrew"},{"floor":14,"key":"Dexterity Potion"},{"floor":23,"key":"PowerPotion"},{"floor":25,"key":"PowerPotion"},{"floor":29,"key":"Regen Potion"},{"floor":31,"key":"SpeedPotion"},{"floor":33,"key":"EntropicBrew"},{"floor":39,"key":"Swift Potion"},{"floor":47,"key":"Block Potion"}],"is_trial":false,"path_per_floor":["M","M","?","M","M","E","R","?","T","M","M","M","$","?","R","B",null,"M","$","M","M","?","E","R","M","T","M","T","M","M","M","R","B",null,"M","$","?","M","M","R","$","R","T","R","M","M","M","M"],"character_chosen":"THE_SILENT","items_purchased":["Lantern","Deflect","Choke","Adrenaline","Tough Bandages"],"campfire_rested":0,"item_purchase_floors":[13,19,36,41,41],"current_hp_per_floor":[70,70,59,59,54,45,45,31,31,31,31,31,31,31,31,39,70,70,70,65,63,63,29,29,21,21,21,21,15,30,30,30,29,70,64,64,54,53,43,43,43,43,43,43,26,7,4,0],"gold":62,"neow_bonus":"THREE_SMALL_POTIONS","is_prod":false,"is_daily":false,"chose_seed":false,"campfire_upgraded":7,"win_rate":0,"timestamp":1543357303,"path_taken":["M","M","?","M","M","E","R","?","T","M","M","M","?","?","R","BOSS","M","$","M","M","?","E","R","M","T","?","?","M","?","M","R","BOSS","M","$","?","M","M","R","$","R","T","R","M","M","M","M"],"build_version":"2018-11-15","purchased_purges":2,"victory":false,"max_hp_per_floor":[70,70,70,70,70,70,70,70,70,70,70,70,70,70,70,70,70,70,70,70,70,70,70,70,70,70,70,70,70,70,70,70,70,70,70,70,70,70,70,70,70,70,70,70,70,70,76,76],"card_choices":[{"not_picked":["Prepared","Underhanded Strike"],"picked":"Bane","floor":1},{"not_picked":["Underhanded Strike","Bane"],"picked":"Dagger Throw","floor":2},{"not_picked":["Flying Knee","Endless Agony"],"picked":"Dagger Spray","floor":4},{"not_picked":["Unload","Infinite Blades"],"picked":"Backstab","floor":5},{"not_picked":["Riddle With Holes","Wraith Form v2"],"picked":"Dodge and Roll","floor":6},{"not_picked":["Well Laid Plans","Cloak And Dagger"],"picked":"PiercingWail","floor":10},{"not_picked":["Tactician","Prepared"],"picked":"Bane","floor":11},{"not_picked":["Dagger Throw","Wraith Form v2"],"picked":"Poisoned Stab","floor":12},{"not_picked":["Tools of the Trade","Adrenaline"],"picked":"Envenom","floor":16},{"not_picked":["Backstab+1","Poisoned Stab"],"picked":"Deadly Poison","floor":18},{"not_picked":["Deflect","Underhanded Strike","Dagger Throw"],"picked":"SKIP","floor":20},{"not_picked":["Backflip","Riddle With Holes"],"picked":"Flying Knee","floor":21},{"not_picked":["Distraction","Dagger Throw"],"picked":"All Out Attack","floor":23},{"not_picked":["Accuracy","Deadly Poison","Distraction"],"picked":"SKIP","floor":25},{"not_picked":["Sucker Punch","Quick Slash+1","Skewer+1"],"picked":"SKIP","floor":27},{"not_picked":["Accuracy","Backflip+1"],"picked":"Prepared","floor":29},{"not_picked":["Bane","Sucker Punch"],"picked":"Outmaneuver+1","floor":30},{"not_picked":["Acrobatics","Well Laid Plans+1"],"picked":"Tactician","floor":31},{"not_picked":["Venomology","Wraith Form v2"],"picked":"Doppelganger","floor":33},{"not_picked":["Endless Agony+1","Distraction","Terror+1"],"picked":"SKIP","floor":35},{"not_picked":["Sucker Punch","Heel Hook"],"picked":"Dash","floor":37},{"not_picked":["Quick Slash+1","Backflip","Cloak And Dagger"],"picked":"SKIP","floor":38},{"not_picked":["Infinite Blades","Poisoned Stab"],"picked":"Catalyst","floor":39},{"not_picked":["Backflip+1","Deflect"],"picked":"Calculated Gamble","floor":45},{"not_picked":["Blade Dance+1","Crippling Poison"],"picked":"Flechettes","floor":46},{"not_picked":["Endless Agony","Night Terror","Flying Knee+1"],"picked":"SKIP","floor":47}],"player_experience":129059,"relics_obtained":[{"floor":6,"key":"Matryoshka"},{"floor":9,"key":"Pen Nib"},{"floor":9,"key":"Pantograph"},{"floor":14,"key":"Odd Mushroom"},{"floor":23,"key":"Darkstone Periapt"},{"floor":26,"key":"Happy Flower"},{"floor":26,"key":"Anchor"},{"floor":37,"key":"Torii"},{"floor":43,"key":"Kunai"}],"event_choices":[{"damage_healed":0,"gold_gain":75,"player_choice":"Gather Gold","damage_taken":11,"max_hp_gain":0,"max_hp_loss":0,"event_name":"World of Goop","floor":3,"gold_loss":0},{"damage_healed":0,"gold_gain":0,"player_choice":"Entered Light","damage_taken":14,"max_hp_gain":0,"max_hp_loss":0,"event_name":"Shining Light","floor":8,"gold_loss":0,"cards_upgraded":["Backstab","Bane"]},{"damage_healed":0,"gold_gain":0,"player_choice":"Fought Mushrooms","damage_taken":0,"max_hp_gain":0,"max_hp_loss":0,"event_name":"Mushrooms","floor":14,"gold_loss":0},{"damage_healed":0,"gold_gain":0,"player_choice":"Bought 0 Potions","damage_taken":0,"max_hp_gain":0,"max_hp_loss":0,"event_name":"The Woman in Blue","floor":22,"gold_loss":0},{"damage_healed":0,"gold_gain":0,"player_choice":"Fight","damage_taken":0,"max_hp_gain":0,"max_hp_loss":0,"event_name":"MindBloom","floor":37,"gold_loss":0}],"is_beta":false,"boss_relics":[{"not_picked":["HoveringKite","Eternal Feather"],"picked":"Runic Pyramid"},{"not_picked":["Snecko Eye","Ring of the Serpent"],"picked":"Runic Dome"}],"items_purged_floors":[19,36],"is_endless":false,"potions_floor_spawned":[1,5,11,14,23,25,29,31,33,39,45,47],"killed_by":"Spire Growth","ascension_level":0}