{"gold_per_floor":[114,32,51,62,62,62,91,104,104,137,137,157,168,168,168,269,269,279,292,305,330,342,370,370,257,311,411,430,430,4,19,19,116,116,130,63,163,173,173,201,215,245,245,245,467,158,186,202,202,202,202,202,48,82,82],"floor_reached":55,"playtime":3599,"items_purged":["Demon Form","Perfected Strike+1"],"score":825,"play_id":"6d3286fc-4a6d-47b1-9688-a29a24213ffc","local_time":"20190616141003","is_ascension_mode":true,"campfire_choices":[{"data":"Perfected Strike","floor":6.0,"key":"SMITH"},{"data":"1","floor":11.0,"key":"LIFT"},{"data":"2","floor":15.0,"key":"LIFT"},{"data":"3","floor":24.0,"key":"LIFT"},{"data":"Heavy Blade","floor":29.0,"key":"SMITH"},{"data":"Pummel","floor":32.0,"key":"SMITH"},{"floor":44.0,"key":"REST"},{"floor":49.0,"key":"RECALL"},{"data":"Defend_R","floor":52.0,"key":"SMITH"}],"neow_cost":"NONE","seed_source_timestamp":88167596220092,"circlet_count":0,"master_deck":["Strike_R","Strike_R","Strike_R","Strike_R","Defend_R","Defend_R","Defend_R","Defend_R+1","Bash","Battle Trance","Combust","Flex","Bludgeon","Heavy Blade+1","Cleave","True Grit+1","Limit Break+1","Wild Strike+1","Warcry+1","Sword Boomerang+1","Shrug It Off+1","Twin Strike","Warcry+1","Immolate","Pummel+1","Metallicize","Flex+1","Armaments+1","Impervious+1","Pummel","True Grit+1"],"special_seed":0,"relics":["Burning Blood","Omamori","Blood Vial","Toxic Egg 2","Girya","Busted Crown","Red Mask","Shuriken","Vajra","Turnip","Letter Opener","Brimstone","Bird Faced Urn","Regal Pillow","Juzu Bracelet","FossilizedHelix","Lantern"],"potions_floor_usage":[55,55,55],"damage_taken":[{"damage":12.0,"enemies":"Small Slimes","floor":1.0,"turns":5.0},{"damage":5.0,"enemies":"Cultist","floor":3.0,"turns":4.0},{"damage":1.0,"enemies":"Jaw Worm","floor":4.0,"turns":4.0},{"damage":30.0,"enemies":"Gremlin Nob","floor":7.0,"turns":4.0},{"damage":13.0,"enemies":"Lots of Slimes","floor":8.0,"turns":4.0},{"damage":21.0,"enemies":"Lagavulin","floor":10.0,"turns":4.0},{"damage":9.0,"enemies":"2 Fungi Beasts","floor":12.0,"turns":3.0},{"damage":16.0,"enemies":"Large Slime","floor":13.0,"turns":3.0},{"damage":15.0,"enemies":"Slime Boss","floor":16.0,"turns":7.0},{"damage":8.0,"enemies":"3 Byrds","floor":18.0,"turns":3.0},{"damage":10.0,"enemies":"Spheric Guardian","floor":19.0,"turns":3.0},{"damage":18.0,"enemies":"Chosen and Byrds","floor":20.0,"turns":4.0},{"damage":9.0,"enemies":"Masked Bandits","floor":21.0,"turns":3.0},{"damage":17.0,"enemies":"Snake Plant","floor":22.0,"turns":3.0},{"damage":15.0,"enemies":"Book of Stabbing","floor":23.0,"turns":4.0},{"damage":5.0,"enemies":"Colosseum Slavers","floor":27.0,"turns":2.0},{"damage":12.0,"enemies":"Colosseum Nobs","floor":27.0,"turns":6.0},{"damage":15.0,"enemies":"Centurion and Healer","floor":28.0,"turns":4.0},{"damage":0.0,"enemies":"Shelled Parasite and Fungi","floor":31.0,"turns":2.0},{"damage":20.0,"enemies":"Automaton","floor":33.0,"turns":5.0},{"damage":0.0,"enemies":"3 Shapes","floor":35.0,"turns":2.0},{"damage":15.0,"enemies":"Mind Bloom Boss Battle","floor":37.0,"turns":4.0},{"damage":0.0,"enemies":"3 Darklings","floor":38.0,"turns":2.0},{"damage":72.0,"enemies":"Reptomancer","floor":40.0,"turns":5.0},{"damage":18.0,"enemies":"Writhing Mass","floor":41.0,"turns":2.0},{"damage":15.0,"enemies":"Nemesis","floor":42.0,"turns":3.0},{"damage":32.0,"enemies":"Reptomancer","floor":47.0,"turns":3.0},{"damage":0.0,"enemies":"Transient","floor":48.0,"turns":5.0},{"damage":30.0,"enemies":"Time Eater","floor":50.0,"turns":6.0},{"damage":24.0,"enemies":"Shield and Spear","floor":54.0,"turns":5.0},{"damage":77,"enemies":"The Heart","floor":55,"turns":6}],"seed_played":"-1301122796230291572","potions_obtained":[{"floor":4.0,"key":"PowerPotion"},{"floor":8.0,"key":"Weak Potion"},{"floor":10.0,"key":"EssenceOfSteel"},{"floor":16.0,"key":"Weak Potion"},{"floor":18.0,"key":"Regen Potion"},{"floor":22.0,"key":"Weak Potion"},{"floor":27.0,"key":"EssenceOfSteel"},{"floor":28.0,"key":"Swift Potion"},{"floor":38.0,"key":"BloodPotion"},{"floor":40.0,"key":"FearPotion"},{"floor":42.0,"key":"EntropicBrew"},{"floor":48.0,"key":"SpeedPotion"},{"floor":54.0,"key":"PowerPotion"}],"is_trial":false,"path_per_floor":["M","$","M","M","?","R","E","M","T","E","R","M","M","?","R","B",null,"M","M","M","?","M","E","R","$","T","?","M","R","$","M","R","B",null,"M","$","?","M","?","E","M","E","T","R","?","$","E","M","R","B",null,"R","$","E","B"],"character_chosen":"IRONCLAD","items_purchased":["Combust","Shrug It Off+1","Twin Strike","Warcry+1","Brimstone","Immolate","Metallicize","Impervious+1","PowerPotion","Dexterity Potion","PowerPotion","True Grit+1"],"campfire_rested":1,"item_purchase_floors":[2,25,25,25,30,30,36,46,46,53,53,53],"current_hp_per_floor":[74,74,75,80,80,80,56,51,51,38,38,37,29,80,80,71,80,78,76,66,65,56,49,49,49,49,63,56,56,56,64,64,52,80,80,80,71,80,80,24,14,7,7,46,46,46,24,34,34,14,80,80,80,62,0],"gold":82,"neow_bonus":"RANDOM_COMMON_RELIC","is_prod":false,"is_daily":false,"chose_seed":false,"campfire_upgraded":4,"win_rate":0,"timestamp":1560712203,"path_taken":["M","$","M","M","?","R","E","?","T","E","R","M","M","?","R","BOSS","M","?","M","?","M","E","R","$","T","?","M","R","$","M","R","BOSS","M","$","?","M","?","E","M","E","T","R","?","$","E","M","R","BOSS","R","$","E","BOSS"],"build_version":"2019-01-23","purchased_purges":2,"victory":false,"max_hp_per_floor":[80,80,80,80,80,80,80,80,80,80,80,80,80,80,80,80,80,80,80,80,80,80,80,80,80,80,80,80,80,80,80,80,80,80,80,80,80,80,80,80,80,80,80,80,80,80,80,80,80,80,80,80,80,80,80],"card_choices":[{"not_picked":["Wild Strike","Power Through"],"picked":"Battle Trance","floor":1.0},{"not_picked":["Twin Strike","Burning Pact"],"picked":"Perfected Strike","floor":3.0},{"not_picked":["Warcry","Dual Wield"],"picked":"Flex","floor":4.0},{"not_picked":["Thunderclap","True Grit"],"picked":"Seeing Red","floor":7.0},{"not_picked":["Body Slam","Ghostly Armor"],"picked":"Demon Form","floor":8.0},{"not_picked":["Hemokinesis","Clash"],"picked":"Heavy Blade","floor":10.0},{"not_picked":["Metallicize","True Grit+1"],"picked":"Cleave","floor":12.0},{"not_picked":["Havoc+1","Cleave"],"picked":"True Grit+1","floor":13.0},{"not_picked":["Immolate","Brutality"],"picked":"Limit Break+1","floor":16.0},{"not_picked":[],"picked":"Wild Strike+1","floor":18.0},{"not_picked":[],"picked":"Warcry+1","floor":19.0},{"not_picked":["Whirlwind"],"picked":"SKIP","floor":20.0},{"not_picked":[],"picked":"Sword Boomerang+1","floor":22.0},{"not_picked":["Dropkick"],"picked":"SKIP","floor":23.0},{"not_picked":["Barricade"],"picked":"SKIP","floor":28.0},{"not_picked":[],"picked":"Pummel","floor":31.0},{"not_picked":["Thunderclap+1"],"picked":"SKIP","floor":35.0},{"not_picked":[],"picked":"Flex+1","floor":38.0},{"not_picked":["Twin Strike+1"],"picked":"SKIP","floor":40.0},{"not_picked":[],"picked":"Armaments+1","floor":41.0},{"not_picked":["Anger+1"],"picked":"SKIP","floor":42.0},{"not_picked":["Combust"],"picked":"SKIP","floor":47.0},{"not_picked":[],"picked":"Pummel","floor":48.0},{"not_picked":["Spot Weakness+1"],"picked":"SKIP","floor":54.0}],"player_experience":582949,"relics_obtained":[{"floor":7.0,"key":"Blood Vial"},{"floor":9.0,"key":"Toxic Egg 2"},{"floor":10.0,"key":"Girya"},{"floor":21.0,"key":"Red Mask"},{"floor":23.0,"key":"Shuriken"},{"floor":26.0,"key":"Vajra"},{"floor":27.0,"key":"Turnip"},{"floor":27.0,"key":"Letter Opener"},{"floor":37.0,"key":"Bird Faced Urn"},{"floor":40.0,"key":"Regal Pillow"},{"floor":42.0,"key":"Juzu Bracelet"},{"floor":47.0,"key":"FossilizedHelix"},{"floor":54.0,"key":"Lantern"}],"event_choices":[{"damage_healed":0.0,"max_hp_gain":0.0,"max_hp_loss":0.0,"gold_gain":0.0,"event_name":"Match and Keep!","player_choice":"1 cards matched","floor":5.0,"gold_loss":0.0,"damage_taken":0.0,"cards_obtained":["Bludgeon"]},{"cards_removed":["Seeing Red"],"damage_healed":51.0,"max_hp_gain":0.0,"max_hp_loss":0.0,"gold_gain":0.0,"event_name":"Bonfire Elementals","player_choice":"Offered Uncommon","floor":14.0,"gold_loss":0.0,"damage_taken":0.0},{"damage_healed":0.0,"max_hp_gain":0.0,"max_hp_loss":0.0,"gold_gain":0.0,"event_name":"Masked Bandits","player_choice":"Fought Bandits","floor":21.0,"gold_loss":0.0,"damage_taken":0.0},{"damage_healed":0.0,"max_hp_gain":0.0,"max_hp_loss":0.0,"gold_gain":0.0,"event_name":"Colosseum","player_choice":"Fight","floor":27.0,"gold_loss":0.0,"damage_taken":0.0},{"damage_healed":0.0,"max_hp_gain":0.0,"max_hp_loss":0.0,"gold_gain":0.0,"event_name":"Colosseum","player_choice":"Fought Nobs","floor":27.0,"gold_loss":0.0,"damage_taken":0.0},{"damage_healed":0.0,"max_hp_gain":0.0,"max_hp_loss":0.0,"gold_gain":0.0,"event_name":"MindBloom","player_choice":"Fight","floor":37.0,"gold_loss":0.0,"damage_taken":0.0},{"cards_removed":["Strike_R"],"damage_healed":0.0,"max_hp_gain":0.0,"max_hp_loss":0.0,"gold_gain":0.0,"event_name":"Falling","player_choice":"Removed Attack","floor":39.0,"gold_loss":0.0,"damage_taken":0.0},{"damage_healed":0.0,"max_hp_gain":0.0,"max_hp_loss":0.0,"gold_gain":222.0,"event_name":"Tomb of Lord Red Mask","player_choice":"Wore Mask","floor":45.0,"gold_loss":0.0,"damage_taken":0.0}],"is_beta":false,"boss_relics":[{"not_picked":["Tiny House","Coffee Dripper"],"picked":"Busted Crown"},{"not_picked":["Pandora\u0027s Box","Astrolabe","Snecko Eye"]}],"items_purged_floors":[30,46],"is_endless":false,"potions_floor_spawned":[4,8,10,16,18,22,27,28,31,38,40,42,48,54],"killed_by":"The Heart","ascension_level":1}