{"gold_per_floor":[114,134,149,149,167,167,182,215,269,344,356,366,366,383,383,484,484,494,419,435,306,332,332,342,94,94,9,28,42,75,90,90,187,187,197,197,197,197,217,217,246,246,270,139,139,156,31,0,0,0],"floor_reached":51,"playtime":2842,"items_purged":["Strike_R","Strike_R","Defend_R"],"score":959,"play_id":"51b58b05-ec80-44c9-860c-3328e5967be5","local_time":"20190701215146","is_ascension_mode":true,"campfire_choices":[{"data":"Bash","floor":6.0,"key":"SMITH"},{"data":"Inflame","floor":13.0,"key":"SMITH"},{"data":"Clothesline","floor":15.0,"key":"SMITH"},{"data":"True Grit","floor":23.0,"key":"SMITH"},{"floor":32.0,"key":"REST"},{"data":"Body Slam","floor":40,"key":"SMITH"},{"data":"Body Slam","floor":42,"key":"SMITH"},{"data":"Offering","floor":49,"key":"SMITH"}],"neow_cost":"NONE","seed_source_timestamp":0,"circlet_count":0,"master_deck":["Strike_R","Strike_R","Defend_R","Defend_R","Bash+1","Anger","Clothesline+1","Inflame+1","Impervious","True Grit+1","Shrug It Off","Offering+1","Corruption","Shrug It Off","Shrug It Off+1","Armaments+1","Whirlwind+1","Body Slam+1","Impervious","Pommel Strike+1","Body Slam+1","Flame Barrier+1"],"special_seed":0,"relics":["Burning Blood","Singing Bowl","Tiny Chest","Runic Pyramid","Dream Catcher","Bottled Tornado","Pen Nib","Art of War","White Beast Statue","Bronze Scales","MawBank","Bag of Preparation","Red Mask"],"potions_floor_usage":[50,50,50],"damage_taken":[{"damage":9.0,"enemies":"Jaw Worm","floor":1.0,"turns":6.0},{"damage":0.0,"enemies":"Small Slimes","floor":2.0,"turns":3.0},{"damage":2.0,"enemies":"2 Louse","floor":3.0,"turns":3.0},{"damage":7.0,"enemies":"Looter","floor":5.0,"turns":3.0},{"damage":30.0,"enemies":"Exordium Thugs","floor":7.0,"turns":5.0},{"damage":25.0,"enemies":"Lagavulin","floor":8.0,"turns":6.0},{"damage":5.0,"enemies":"Blue Slaver","floor":11.0,"turns":4.0},{"damage":0.0,"enemies":"Exordium Wildlife","floor":12.0,"turns":3.0},{"damage":11.0,"enemies":"3 Louse","floor":14.0,"turns":4.0},{"damage":23.0,"enemies":"Slime Boss","floor":16.0,"turns":9.0},{"damage":4.0,"enemies":"Chosen","floor":18.0,"turns":5.0},{"damage":1.0,"enemies":"Spheric Guardian","floor":20.0,"turns":5.0},{"damage":15.0,"enemies":"Cultist and Chosen","floor":24.0,"turns":6.0},{"damage":15.0,"enemies":"Snake Plant","floor":28.0,"turns":4.0},{"damage":6.0,"enemies":"Snecko","floor":29.0,"turns":5.0},{"damage":21.0,"enemies":"Slavers","floor":30.0,"turns":7.0},{"damage":8.0,"enemies":"3 Cultists","floor":31.0,"turns":5.0},{"damage":28.0,"enemies":"Automaton","floor":33.0,"turns":8.0},{"damage":0,"enemies":"3 Darklings","floor":35,"turns":5},{"damage":0,"enemies":"3 Shapes","floor":39,"turns":7},{"damage":6,"enemies":"Reptomancer","floor":41,"turns":4},{"damage":6,"enemies":"Spire Growth","floor":46,"turns":2},{"damage":18,"enemies":"Awakened One","floor":50,"turns":5}],"seed_played":"-5675503883253717006","potions_obtained":[{"floor":0.0,"key":"LiquidBronze"},{"floor":0.0,"key":"SmokeBomb"},{"floor":0.0,"key":"Swift Potion"},{"floor":2.0,"key":"SpeedPotion"},{"floor":11.0,"key":"Strength Potion"},{"floor":12.0,"key":"Regen Potion"},{"floor":14.0,"key":"SpeedPotion"},{"floor":18.0,"key":"Block Potion"},{"floor":20.0,"key":"Swift Potion"},{"floor":29.0,"key":"Block Potion"},{"floor":35,"key":"Strength Potion"},{"floor":39,"key":"PowerPotion"},{"floor":41,"key":"SteroidPotion"},{"floor":46,"key":"Energy Potion"}],"is_trial":false,"path_per_floor":["M","M","M","$","M","R","M","E","T","?","M","M","R","M","R","B",null,"M","?","M","$","T","R","M","$","T","?","M","M","E","M","R","B",null,"M","?","?","$","M","R","E","R","T","$","?","M","$","?","R","B",null],"character_chosen":"IRONCLAD","items_purchased":["Shrug It Off","Offering","Corruption","Bag of Preparation"],"campfire_rested":1,"item_purchase_floors":[21,25,25,44],"current_hp_per_floor":[69,75,79,79,78,78,54,37,37,26,29,37,37,46,46,29,73,75,75,82,82,82,82,75,75,75,75,66,66,51,49,76,54,83,91,87,87,87,93,93,93,93,93,93,93,93,93,93,93,81],"gold":0,"neow_bonus":"THREE_SMALL_POTIONS","is_prod":false,"is_daily":false,"chose_seed":false,"campfire_upgraded":7,"win_rate":0,"timestamp":1562035906,"path_taken":["M","M","M","$","M","R","M","E","T","?","M","M","R","M","R","BOSS","M","?","M","$","?","R","M","$","T","?","M","M","E","?","R","BOSS","M","?","?","$","M","R","E","R","T","$","?","?","$","?","R","BOSS"],"build_version":"2019-07-01","purchased_purges":3,"victory":true,"max_hp_per_floor":[80,80,80,80,80,80,80,82,82,82,84,86,86,88,88,88,88,88,88,90,90,90,90,92,92,92,92,92,92,92,92,92,92,92,94,100,95,95,95,95,95,95,95,95,95,95,95,95,95,95],"card_choices":[{"not_picked":["Iron Wave","Entrench"],"picked":"Anger","floor":1.0},{"not_picked":["Rage","Armaments","Twin Strike"],"picked":"SKIP","floor":2.0},{"not_picked":["Rampage","Burning Pact","Wild Strike"],"picked":"SKIP","floor":3.0},{"not_picked":["Burning Pact","Fire Breathing"],"picked":"Clothesline","floor":5.0},{"not_picked":["Thunderclap","Anger"],"picked":"Inflame","floor":7.0},{"not_picked":["Power Through","Wild Strike","Cleave"],"picked":"Singing Bowl","floor":8.0},{"not_picked":["Flex","Power Through","Armaments"],"picked":"Singing Bowl","floor":11.0},{"not_picked":["Entrench","Pommel Strike","Shockwave"],"picked":"Singing Bowl","floor":12.0},{"not_picked":["Heavy Blade","Rupture","Demon Form"],"picked":"Singing Bowl","floor":14.0},{"not_picked":["Exhume","Double Tap"],"picked":"Impervious","floor":16.0},{"not_picked":["Pommel Strike+1","Flex"],"picked":"True Grit","floor":18.0},{"not_picked":["Shrug It Off","Entrench","Headbutt"],"picked":"Singing Bowl","floor":20.0},{"not_picked":["Evolve+1","Uppercut","Sword Boomerang"],"picked":"Singing Bowl","floor":24.0},{"not_picked":["Cleave+1","Wild Strike"],"picked":"Shrug It Off","floor":28.0},{"not_picked":["Carnage","Sentinel+1"],"picked":"Shrug It Off+1","floor":29.0},{"not_picked":["Uppercut","Battle Trance+1"],"picked":"Armaments+1","floor":30.0},{"not_picked":["Perfected Strike","Demon Form"],"picked":"Whirlwind+1","floor":31.0},{"not_picked":["Rampage+1","Reckless Charge"],"picked":"Body Slam","floor":32.0},{"not_picked":["Bludgeon","Double Tap"],"picked":"Impervious","floor":33.0},{"not_picked":["Twin Strike+1","Sword Boomerang","Evolve+1"],"picked":"Singing Bowl","floor":35},{"not_picked":["PanicButton","Good Instincts","Swift Strike"],"picked":"Singing Bowl","floor":36},{"not_picked":["Violence","Jack Of All Trades","Blind"],"picked":"Singing Bowl","floor":36},{"not_picked":["HandOfGreed","Impatience","Purity"],"picked":"Singing Bowl","floor":36},{"not_picked":["Havoc","Wild Strike"],"picked":"Pommel Strike+1","floor":39},{"not_picked":["Perfected Strike+1","Cleave"],"picked":"Body Slam","floor":41},{"not_picked":["Uppercut+1","Warcry"],"picked":"Flame Barrier+1","floor":46}],"player_experience":97568,"relics_obtained":[{"floor":8.0,"key":"Singing Bowl"},{"floor":9.0,"key":"Tiny Chest"},{"floor":22.0,"key":"Dream Catcher"},{"floor":26.0,"key":"Bottled Tornado"},{"floor":30.0,"key":"Art of War"},{"floor":41,"key":"Bronze Scales"},{"floor":43,"key":"MawBank"}],"event_choices":[{"damage_healed":0.0,"max_hp_gain":0.0,"max_hp_loss":0.0,"gold_gain":75.0,"event_name":"World of Goop","player_choice":"Gather Gold","floor":10.0,"gold_loss":0.0,"damage_taken":11.0},{"cards_removed":["Strike_R"],"damage_healed":0.0,"max_hp_gain":0.0,"max_hp_loss":0.0,"gold_gain":0.0,"event_name":"Beggar","player_choice":"Gave Gold","floor":19.0,"gold_loss":75.0,"damage_taken":0.0},{"damage_healed":0.0,"max_hp_gain":0.0,"max_hp_loss":0.0,"gold_gain":0.0,"event_name":"Addict","player_choice":"Obtained Relic","floor":27.0,"gold_loss":85.0,"damage_taken":0.0,"relics_obtained":["Pen Nib"]},{"damage_healed":0,"gold_gain":0,"player_choice":"Memory 3","damage_taken":10,"max_hp_gain":0,"max_hp_loss":0,"event_name":"SensoryStone","floor":36,"gold_loss":0},{"damage_healed":0,"gold_gain":0,"player_choice":"Max HP","damage_taken":0,"max_hp_gain":0,"max_hp_loss":5,"event_name":"Winding Halls","floor":37,"gold_loss":0},{"cards_removed":["Defend_R"],"damage_healed":0,"gold_gain":0,"player_choice":"Removed Skill","damage_taken":0,"max_hp_gain":0,"max_hp_loss":0,"event_name":"Falling","floor":45,"gold_loss":0},{"damage_healed":0,"gold_gain":0,"player_choice":"Paid","damage_taken":0,"relics_obtained":["Red Mask"],"max_hp_gain":0,"max_hp_loss":0,"event_name":"Tomb of Lord Red Mask","floor":48,"gold_loss":31}],"is_beta":false,"boss_relics":[{"not_picked":["Runic Cube","Astrolabe"],"picked":"Runic Pyramid"},{"not_picked":["Empty Cage","Black Star"],"picked":"White Beast Statue"}],"items_purged_floors":[21,25,47],"is_endless":false,"potions_floor_spawned":[2,11,12,14,18,20,29,35,39,41,46],"ascension_level":6}