{"gold_per_floor":[112,132,57,57,69,69,127,127,127,160,125,155,155,170,170,267,267,278,290,190],"floor_reached":20,"playtime":1282,"items_purged":["Strike_G","Strike_G"],"score":191,"play_id":"67f38eda-075a-452e-8325-ff02bd896108","local_time":"20181201220747","is_ascension_mode":true,"campfire_choices":[{"data":"Predator","floor":6,"key":"SMITH"},{"data":"Footwork","floor":8,"key":"SMITH"},{"floor":13,"key":"REST"},{"floor":15,"key":"REST"}],"neow_cost":"NONE","seed_source_timestamp":1557648996835515,"circlet_count":0,"master_deck":["Defend_G","Defend_G","Defend_G","Defend_G","Defend_G","Strike_G","Strike_G","Strike_G","Survivor","Neutralize","Predator+1","Footwork+1","Backflip","Die Die Die","Blade Dance","Skewer","Flying Knee","Storm of Steel"],"relics":["Ring of the Snake","Shuriken","Question Card","Bronze Scales","Blood Vial","Black Star"],"potions_floor_usage":[7,7,19],"damage_taken":[{"damage":0,"enemies":"Jaw Worm","floor":1,"turns":7},{"damage":0,"enemies":"Small Slimes","floor":2,"turns":4},{"damage":0,"enemies":"2 Louse","floor":5,"turns":3},{"damage":21,"enemies":"Lagavulin Event","floor":7,"turns":12},{"damage":42,"enemies":"Gremlin Nob","floor":10,"turns":6},{"damage":17,"enemies":"Lagavulin","floor":12,"turns":9},{"damage":0,"enemies":"2 Fungi Beasts","floor":14,"turns":3},{"damage":19,"enemies":"The Guardian","floor":16,"turns":11},{"damage":24,"enemies":"2 Thieves","floor":18,"turns":5},{"damage":29,"enemies":"Spheric Guardian","floor":19,"turns":6}],"seed_played":"-2604037165999086310","potions_obtained":[{"floor":1,"key":"EssenceOfSteel"},{"floor":5,"key":"PowerPotion"},{"floor":16,"key":"Swift Potion"},{"floor":18,"key":"Regen Potion"}],"is_trial":false,"path_per_floor":["M","M","$","?","M","R","?","R","T","E","?","E","R","M","R","B",null,"M","M","$"],"character_chosen":"THE_SILENT","items_purchased":[],"campfire_rested":2,"item_purchase_floors":[],"current_hp_per_floor":[77,77,77,77,77,77,56,56,56,14,33,16,39,41,64,47,77,53,35,35],"gold":190,"neow_bonus":"TEN_PERCENT_HP_BONUS","is_prod":false,"is_daily":false,"chose_seed":false,"campfire_upgraded":2,"win_rate":0,"timestamp":1543723667,"path_taken":["M","M","$","?","M","R","?","R","T","E","?","E","R","M","R","BOSS","M","M","$"],"build_version":"2018-11-15","purchased_purges":2,"victory":false,"max_hp_per_floor":[77,77,77,77,77,77,77,77,77,77,77,77,77,77,77,77,77,77,77,77],"card_choices":[{"not_picked":["Bane","Outmaneuver"],"picked":"Predator","floor":1},{"not_picked":["Underhanded Strike","Backstab"],"picked":"Footwork","floor":2},{"not_picked":["Sucker Punch","Terror"],"picked":"Backflip","floor":5},{"not_picked":["Skewer","Tactician"],"picked":"Die Die Die","floor":7},{"not_picked":["Dagger Spray","Deflect","Sucker Punch"],"picked":"Blade Dance","floor":10},{"not_picked":["Dodge and Roll","Acrobatics","Caltrops"],"picked":"Skewer","floor":12},{"not_picked":["Prepared","Bane","Sucker Punch"],"picked":"Flying Knee","floor":14},{"not_picked":["Corpse Explosion","Night Terror","Adrenaline"],"picked":"Storm of Steel","floor":16},{"not_picked":["Sucker Punch","All Out Attack","Poisoned Stab","Outmaneuver"],"picked":"SKIP","floor":18},{"not_picked":["Acrobatics","Setup","Poisoned Stab+1","Outmaneuver"],"picked":"SKIP","floor":19}],"player_experience":149221,"relics_obtained":[{"floor":7,"key":"Shuriken"},{"floor":9,"key":"Question Card"},{"floor":10,"key":"Bronze Scales"},{"floor":12,"key":"Blood Vial"}],"event_choices":[{"damage_healed":0,"gold_gain":0,"player_choice":"Ignored","damage_taken":0,"max_hp_gain":0,"max_hp_loss":0,"event_name":"Liars Game","floor":4,"gold_loss":0},{"damage_healed":0,"gold_gain":30,"player_choice":"Searched \u00273\u0027 times","damage_taken":0,"max_hp_gain":0,"max_hp_loss":0,"event_name":"Dead Adventurer","floor":7,"gold_loss":0},{"damage_healed":19,"gold_gain":0,"player_choice":"Healed","damage_taken":0,"max_hp_gain":0,"max_hp_loss":0,"event_name":"The Cleric","floor":11,"gold_loss":35}],"is_beta":false,"boss_relics":[{"not_picked":["Lizard Tail","Empty Cage"],"picked":"Black Star"}],"items_purged_floors":[3,20],"is_endless":false,"potions_floor_spawned":[1,5,16,18],"ascension_level":1}