{"gold_per_floor":[114,132,57,72,72,104,6,6,6,19,45,61,61,75,75,176,176,187,102,27,45,45,45,45,55,101,101,111,186,220,234,234,331,331,344,444,492,147,167,167,181,192,192,492,24,24,37,55,55,55],"floor_reached":51,"playtime":3168,"items_purged":["Strike_P","Defend_P"],"score":704,"play_id":"5d54f440-3699-492d-b030-975b7cc69b76","local_time":"20190925163734","is_ascension_mode":false,"campfire_choices":[{"data":"SashWhip","floor":8.0,"key":"SMITH"},{"data":"Protect","floor":15.0,"key":"SMITH"},{"data":"BattleHymn","floor":23.0,"key":"SMITH"},{"data":"Ghostly","floor":27.0,"key":"SMITH"},{"data":"CrushJoints","floor":32.0,"key":"SMITH"},{"floor":40.0,"key":"DIG"},{"floor":46.0,"key":"DIG"},{"data":"Crescendo","floor":49.0,"key":"SMITH"}],"neow_cost":"NONE","seed_source_timestamp":0,"circlet_count":0,"master_deck":["Defend_P","Defend_P","Defend_P","Eruption+1","Vigilance","Protect+1","FollowUp","Consecrate","SashWhip+1","EmptyFist","CutThroughFate","EmptyFist","BattleHymn+1","DeusExMachina","FlurryOfBlows","Protect+1","Ghostly+1","Ghostly","Ghostly","Ghostly","Ghostly","FlyingSleeves+1","Conclude","FlurryOfBlows","CrushJoints+1","MasterReality","Indignation+1","Swivel+1","Perseverance+1","InnerPeace+1","CutThroughFate+1","Crescendo+1"],"special_seed":0,"relics":["PureWater","NeowsBlessing","CaptainsWheel","Calipers","Meat on the Bone","Pear","Philosopher\u0027s Stone","Happy Flower","Regal Pillow","Omamori","Empty Cage","Prayer Wheel","Shovel","Eternal Feather","Pantograph","Smiling Mask","FossilizedHelix","Melange","Bottled Tornado"],"potions_floor_usage":[50,50,50],"damage_taken":[{"damage":0.0,"enemies":"Cultist","floor":1.0,"turns":1.0},{"damage":0.0,"enemies":"Jaw Worm","floor":2.0,"turns":1.0},{"damage":0.0,"enemies":"Small Slimes","floor":4.0,"turns":2.0},{"damage":5.0,"enemies":"3 Sentries","floor":6.0,"turns":7.0},{"damage":0.0,"enemies":"Looter","floor":10.0,"turns":1.0},{"damage":21.0,"enemies":"Gremlin Nob","floor":11.0,"turns":3.0},{"damage":0.0,"enemies":"Blue Slaver","floor":12.0,"turns":3.0},{"damage":0.0,"enemies":"Large Slime","floor":14.0,"turns":3.0},{"damage":19.0,"enemies":"Hexaghost","floor":16.0,"turns":7.0},{"damage":19.0,"enemies":"2 Thieves","floor":18.0,"turns":3.0},{"damage":0.0,"enemies":"Spheric Guardian","floor":21.0,"turns":3.0},{"damage":2.0,"enemies":"Cultist and Chosen","floor":25.0,"turns":3.0},{"damage":1.0,"enemies":"Snecko","floor":28.0,"turns":5.0},{"damage":4.0,"enemies":"Slavers","floor":30.0,"turns":5.0},{"damage":2.0,"enemies":"Chosen and Byrds","floor":31.0,"turns":4.0},{"damage":2.0,"enemies":"Champ","floor":33.0,"turns":8.0},{"damage":0.0,"enemies":"Orb Walker","floor":35.0,"turns":3.0},{"damage":4.0,"enemies":"Mind Bloom Boss Battle","floor":36.0,"turns":5.0},{"damage":17.0,"enemies":"2 Orb Walkers","floor":37.0,"turns":5.0},{"damage":0.0,"enemies":"3 Shapes","floor":39.0,"turns":3.0},{"damage":5.0,"enemies":"Writhing Mass","floor":41.0,"turns":8.0},{"damage":0.0,"enemies":"Transient","floor":42.0,"turns":5.0},{"damage":0.0,"enemies":"Sphere and 2 Shapes","floor":47.0,"turns":5.0},{"damage":0.0,"enemies":"Maw","floor":48.0,"turns":5.0},{"damage":3,"enemies":"Time Eater","floor":50,"turns":9}],"seed_played":"3645743976060167438","potions_obtained":[{"floor":1.0,"key":"Swift Potion"},{"floor":2.0,"key":"SteroidPotion"},{"floor":16.0,"key":"Fruit Juice"},{"floor":18.0,"key":"BottledMiracle"},{"floor":28.0,"key":"Ancient Potion"},{"floor":30.0,"key":"PowerPotion"},{"floor":31.0,"key":"Block Potion"},{"floor":35.0,"key":"StancePotion"},{"floor":39.0,"key":"PowerPotion"}],"is_trial":false,"path_per_floor":["M","M","$","M","?","E","$","R","T","M","E","M","T","M","R","B",null,"M","?","?","M","?","R","$","M","T","R","M","?","E","M","R","B",null,"M","?","?","$","M","R","M","M","T","?","$","R","M","M","R","B",null],"character_chosen":"WATCHER","items_purchased":["EmptyFist","Swift Potion","Eternal Feather","FossilizedHelix","Melange"],"campfire_rested":0,"item_purchase_floors":[7,7,38,45,45],"current_hp_per_floor":[65,65,65,65,65,60,60,60,60,60,39,39,49,49,49,47,80,61,61,61,61,40,40,40,38,38,38,37,33,29,27,27,25,40,40,36,31,31,31,40,35,35,35,35,35,40,40,40,40,37],"gold":55,"neow_bonus":"THREE_ENEMY_KILL","is_prod":false,"is_daily":false,"chose_seed":false,"campfire_upgraded":6,"win_rate":0.0,"timestamp":1569447454,"path_taken":["M","M","$","?","?","E","?","R","T","M","E","M","?","M","R","BOSS","M","?","?","M","?","R","?","M","T","R","M","?","E","M","R","BOSS","M","?","?","$","M","R","M","M","T","?","$","R","M","?","R","BOSS"],"build_version":"2019-09-25","purchased_purges":2,"victory":true,"max_hp_per_floor":[65,65,65,65,65,65,65,65,65,65,65,65,75,75,75,80,80,80,80,80,80,40,40,40,40,40,40,40,40,40,40,40,40,40,40,40,40,40,40,40,40,40,40,40,40,40,40,40,40,40],"card_choices":[{"not_picked":["EmptyBody","Vengeance"],"picked":"Protect","floor":1.0},{"not_picked":["ClearTheMind","ThirdEye"],"picked":"FollowUp","floor":2.0},{"not_picked":["SandsOfTime","TalkToTheHand"],"picked":"Consecrate","floor":4.0},{"not_picked":["Omniscience","Fasting"],"picked":"SashWhip","floor":6.0},{"not_picked":["Weave","FollowUp"],"picked":"CutThroughFate","floor":10.0},{"not_picked":["JustLucky","WaveOfTheHand"],"picked":"EmptyFist","floor":11.0},{"not_picked":["FollowUp","EmptyBody"],"picked":"BattleHymn","floor":12.0},{"not_picked":["BowlingBash","LessonLearned","Evaluate"],"picked":"SKIP","floor":14.0},{"not_picked":["Adaptation","Omniscience"],"picked":"DeusExMachina","floor":16.0},{"not_picked":["Consecrate+1","CarveReality"],"picked":"FlurryOfBlows","floor":18.0},{"not_picked":["Weave+1","FollowUp"],"picked":"Protect+1","floor":21.0},{"not_picked":["CleanseEvil","SashWhip"],"picked":"FlyingSleeves+1","floor":25.0},{"not_picked":["WaveOfTheHand","Collect"],"picked":"Conclude","floor":28.0},{"not_picked":["Adaptation","EmptyBody+1"],"picked":"FlurryOfBlows","floor":30.0},{"not_picked":["SandsOfTime+1","FollowUp"],"picked":"CrushJoints","floor":31.0},{"not_picked":["Omniscience","Ragnarok"],"picked":"MasterReality","floor":33.0},{"not_picked":["Tantrum+1","Collect"],"picked":"Indignation+1","floor":35.0},{"not_picked":["SashWhip","FollowUp"],"picked":"Swivel+1","floor":36.0},{"not_picked":["BowlingBash","FollowUp+1"],"picked":"Perseverance+1","floor":39.0},{"not_picked":["CleanseEvil+1","WaveOfTheHand","Scrawl+1"],"picked":"SKIP","floor":39.0},{"not_picked":["Unraveling","JustLucky"],"picked":"InnerPeace+1","floor":41.0},{"not_picked":["FollowUp","Crescendo+1"],"picked":"CutThroughFate+1","floor":41.0},{"not_picked":["Halt","TalkToTheHand+1","EmptyBody"],"picked":"SKIP","floor":42.0},{"not_picked":["SashWhip","EmptyMind+1","WaveOfTheHand+1"],"picked":"SKIP","floor":42.0},{"not_picked":["FearNoEvil","EmptyBody+1","SashWhip"],"picked":"SKIP","floor":47.0},{"not_picked":["Meditate","Conclude","EmptyFist+1"],"picked":"SKIP","floor":47.0},{"not_picked":["ClearTheMind","Halt+1"],"picked":"Crescendo","floor":48.0},{"not_picked":["Consecrate","Weave+1","Sanctity"],"picked":"SKIP","floor":48.0}],"player_experience":133966,"relics_obtained":[{"floor":6.0,"key":"CaptainsWheel"},{"floor":9.0,"key":"Calipers"},{"floor":11.0,"key":"Meat on the Bone"},{"floor":13.0,"key":"Pear"},{"floor":26.0,"key":"Regal Pillow"},{"floor":30.0,"key":"Omamori"},{"floor":36.0,"key":"Prayer Wheel"},{"floor":37.0,"key":"Shovel"},{"floor":40.0,"key":"Pantograph"},{"floor":43.0,"key":"Smiling Mask"},{"floor":46.0,"key":"Bottled Tornado"}],"event_choices":[{"damage_healed":0.0,"max_hp_gain":0.0,"max_hp_loss":0.0,"gold_gain":0.0,"event_name":"Accursed Blacksmith","player_choice":"Forge","floor":5.0,"gold_loss":0.0,"damage_taken":0.0,"cards_upgraded":["Eruption"]},{"damage_healed":0.0,"max_hp_gain":0.0,"max_hp_loss":0.0,"gold_gain":0.0,"event_name":"Addict","player_choice":"Obtained Relic","floor":19.0,"gold_loss":85.0,"damage_taken":0.0,"relics_obtained":["Happy Flower"]},{"cards_removed":["Strike_P"],"damage_healed":0.0,"max_hp_gain":0.0,"max_hp_loss":0.0,"gold_gain":0.0,"event_name":"Beggar","player_choice":"Gave Gold","floor":20.0,"gold_loss":75.0,"damage_taken":0.0},{"damage_healed":0.0,"max_hp_gain":0.0,"max_hp_loss":40.0,"gold_gain":0.0,"event_name":"Ghosts","player_choice":"Became a Ghost","floor":22.0,"gold_loss":0.0,"damage_taken":0.0,"cards_obtained":["Ghostly","Ghostly","Ghostly","Ghostly","Ghostly"]},{"damage_healed":0.0,"max_hp_gain":0.0,"max_hp_loss":0.0,"gold_gain":75.0,"event_name":"FaceTrader","player_choice":"Touch","floor":29.0,"gold_loss":0.0,"damage_taken":4.0},{"damage_healed":0.0,"max_hp_gain":0.0,"max_hp_loss":0.0,"gold_gain":0.0,"event_name":"MindBloom","player_choice":"Fight","floor":36.0,"gold_loss":0.0,"damage_taken":0.0},{"damage_healed":0.0,"max_hp_gain":0.0,"max_hp_loss":0.0,"gold_gain":0.0,"event_name":"Mysterious Sphere","player_choice":"Fight","floor":37.0,"gold_loss":0.0,"damage_taken":0.0},{"damage_healed":0.0,"max_hp_gain":0.0,"max_hp_loss":0.0,"gold_gain":300.0,"event_name":"Wheel of Change","player_choice":"Gold","floor":44.0,"gold_loss":0.0,"damage_taken":0.0}],"is_beta":true,"boss_relics":[{"not_picked":["Astrolabe","Coffee Dripper"],"picked":"Philosopher\u0027s Stone"},{"not_picked":["SacredBark","Velvet Choker"],"picked":"Empty Cage"}],"items_purged_floors":[3,38],"is_endless":false,"potions_floor_spawned":[1,2,11,14,16,18,28,30,31,35,39,42,47],"ascension_level":0}