{"gold_per_floor":[130,161,173,200,212,224,253,290,302,314,342,354,385,397,409,498,510,536,548,284,304,304,304,304],"floor_reached":24,"playtime":1520,"items_purged":["Strike_G"],"score":372,"play_id":"e9bfd04a-d0c8-4bba-a870-4c089f0e634b","local_time":"20190703202840","is_ascension_mode":true,"campfire_choices":[{"data":"Flying Knee","floor":6,"key":"SMITH"},{"floor":10,"key":"REST"},{"data":"Deadly Poison","floor":15,"key":"SMITH"},{"data":"Crippling Poison","floor":23,"key":"SMITH"}],"neow_cost":"NONE","seed_source_timestamp":364336844898802,"circlet_count":0,"master_deck":["AscendersBane","Defend_G","Defend_G","Defend_G","Defend_G","Defend_G","Survivor","Neutralize+1","Flying Knee+1","Deadly Poison+1","PiercingWail","Predator","Backflip","Crippling Poison+1","Wraith Form v2","Masterful Stab+1","All Out Attack+1","Doppelganger+1","Noxious Fumes","Die Die Die","Cloak And Dagger","Ghostly","Ghostly","Ghostly"],"relics":["Ring of the Snake","MawBank","Ornamental Fan","Matryoshka","Astrolabe"],"potions_floor_usage":[8,21,21],"damage_taken":[{"damage":5,"enemies":"2 Louse","floor":1,"turns":5},{"damage":7,"enemies":"Cultist","floor":2,"turns":5},{"damage":0,"enemies":"Jaw Worm","floor":4,"turns":5},{"damage":6,"enemies":"Looter","floor":7,"turns":3},{"damage":17,"enemies":"Lagavulin","floor":8,"turns":8},{"damage":4,"enemies":"Exordium Thugs","floor":11,"turns":5},{"damage":17,"enemies":"Exordium Wildlife","floor":13,"turns":4},{"damage":33,"enemies":"Hexaghost","floor":16,"turns":12},{"damage":14,"enemies":"Spheric Guardian","floor":18,"turns":7},{"damage":12,"enemies":"2 Thieves","floor":21,"turns":5},{"damage":30,"enemies":"Book of Stabbing","floor":24,"turns":6}],"seed_played":"-1387834285493257189","potions_obtained":[{"floor":7,"key":"SpeedPotion"},{"floor":8,"key":"EssenceOfSteel"},{"floor":13,"key":"EssenceOfSteel"}],"is_trial":false,"path_per_floor":["M","M","?","M","$","R","M","E","T","R","M","?","M","?","R","B",null,"M","?","$","M","?","R","E"],"character_chosen":"THE_SILENT","items_purchased":["Noxious Fumes","Die Die Die"],"campfire_rested":1,"item_purchase_floors":[20,20],"current_hp_per_floor":[54,47,47,47,47,47,41,24,24,43,39,61,44,44,44,11,52,38,38,38,26,26,26,0],"gold":304,"neow_bonus":"RANDOM_COMMON_RELIC","is_prod":false,"is_daily":false,"chose_seed":false,"campfire_upgraded":3,"win_rate":0,"timestamp":1562203720,"path_taken":["M","M","?","M","$","R","?","E","T","R","M","?","M","?","R","BOSS","M","?","$","M","?","R","E"],"build_version":"2019-07-01","purchased_purges":1,"victory":false,"max_hp_per_floor":[66,66,66,66,66,66,66,66,66,66,66,66,66,66,66,66,66,66,66,66,66,33,33,33],"card_choices":[{"not_picked":["Outmaneuver","Finisher"],"picked":"Flying Knee","floor":1},{"not_picked":["Riddle With Holes","Dodge and Roll"],"picked":"Deadly Poison","floor":2},{"not_picked":["Envenom","Flying Knee"],"picked":"PiercingWail","floor":4},{"not_picked":["Flying Knee","Acrobatics","Deflect"],"picked":"SKIP","floor":7},{"not_picked":["Choke","Bane"],"picked":"Predator","floor":8},{"not_picked":["Cloak And Dagger","Prepared"],"picked":"Backflip","floor":11},{"not_picked":["Malaise","Escape Plan"],"picked":"Crippling Poison","floor":13},{"not_picked":["Tools of the Trade","A Thousand Cuts"],"picked":"Wraith Form v2","floor":16},{"not_picked":["Prepared","Flying Knee+1","Poisoned Stab"],"picked":"SKIP","floor":18},{"not_picked":["Deadly Poison","Deflect"],"picked":"Cloak And Dagger","floor":21}],"player_experience":683002,"relics_obtained":[{"floor":8,"key":"Ornamental Fan"},{"floor":9,"key":"Matryoshka"}],"event_choices":[{"damage_healed":0,"gold_gain":0,"player_choice":"Upgraded","damage_taken":0,"max_hp_gain":0,"max_hp_loss":0,"event_name":"Upgrade Shrine","floor":3,"gold_loss":0,"cards_upgraded":["Neutralize"]},{"damage_healed":22,"gold_gain":0,"player_choice":"Banana","damage_taken":0,"max_hp_gain":0,"max_hp_loss":0,"event_name":"Big Fish","floor":12,"gold_loss":0},{"cards_removed":["Strike_G"],"damage_healed":0,"gold_gain":0,"player_choice":"Purged","damage_taken":0,"max_hp_gain":0,"max_hp_loss":0,"event_name":"Purifier","floor":14,"gold_loss":0},{"damage_healed":0,"gold_gain":0,"player_choice":"Ignored","damage_taken":0,"max_hp_gain":0,"max_hp_loss":0,"event_name":"The Mausoleum","floor":19,"gold_loss":0},{"damage_healed":0,"gold_gain":0,"player_choice":"Became a Ghost","damage_taken":0,"max_hp_gain":0,"max_hp_loss":33,"event_name":"Ghosts","floor":22,"gold_loss":0,"cards_obtained":["Ghostly","Ghostly","Ghostly"]}],"is_beta":false,"boss_relics":[{"not_picked":["HoveringKite","Tiny House"],"picked":"Astrolabe"}],"items_purged_floors":[20],"is_endless":false,"potions_floor_spawned":[7,8,13],"killed_by":"Book of Stabbing","ascension_level":18}