{"gold_per_floor":[115,40,60,60,78,78,103,103,103,103,119,140,140],"floor_reached":13,"playtime":548,"items_purged":[],"score":132,"play_id":"05ee8d3a-3cb0-4c03-9904-c4e16a825b23","local_time":"20190209191013","is_ascension_mode":true,"campfire_choices":[{"data":"Uppercut","floor":6,"key":"SMITH"},{"data":"Flex","floor":8,"key":"SMITH"}],"neow_cost":"NONE","seed_source_timestamp":35046769283052,"circlet_count":0,"master_deck":["AscendersBane","Strike_R","Strike_R","Strike_R","Defend_R","Defend_R","Defend_R","Defend_R","Bash","Pummel","Flex+1","Uppercut+1","Dual Wield","Headbutt","Twin Strike","Flame Barrier"],"relics":["Burning Blood","The Courier","Ornamental Fan","Golden Idol"],"potions_floor_usage":[],"damage_taken":[{"damage":7,"enemies":"Small Slimes","floor":1,"turns":4},{"damage":4,"enemies":"2 Louse","floor":3,"turns":3},{"damage":6,"enemies":"Jaw Worm","floor":5,"turns":3},{"damage":34,"enemies":"Gremlin Nob","floor":7,"turns":5},{"damage":14,"enemies":"Looter","floor":11,"turns":3},{"damage":16,"enemies":"Gremlin Gang","floor":12,"turns":7},{"damage":27,"enemies":"Lots of Slimes","floor":13,"turns":3}],"seed_played":"-1687559430682969771","potions_obtained":[{"floor":7,"key":"Regen Potion"},{"floor":11,"key":"Block Potion"}],"is_trial":false,"path_per_floor":["M","$","M","?","M","R","E","R","T","?","M","M","M"],"character_chosen":"IRONCLAD","items_purchased":["Uppercut"],"campfire_rested":0,"item_purchase_floors":[2],"current_hp_per_floor":[71,71,73,73,73,73,45,45,45,45,37,27,0],"gold":140,"neow_bonus":"TRANSFORM_CARD","is_prod":false,"is_daily":false,"chose_seed":false,"campfire_upgraded":2,"win_rate":0,"timestamp":1549761013,"path_taken":["M","$","M","?","M","R","E","R","T","?","M","M","M"],"build_version":"2019-01-23","purchased_purges":0,"victory":false,"max_hp_per_floor":[80,80,80,80,80,80,80,80,80,74,74,74,74],"card_choices":[{"not_picked":["Armaments","Cleave"],"picked":"Flex","floor":1},{"not_picked":["Sever Soul","Sentinel","Corruption"],"picked":"SKIP","floor":3},{"not_picked":["Armaments","Thunderclap"],"picked":"Dual Wield","floor":5},{"not_picked":["Feel No Pain","Cleave"],"picked":"Headbutt","floor":7},{"not_picked":["Flex","Blood for Blood"],"picked":"Twin Strike","floor":11},{"not_picked":["Havoc","Sever Soul"],"picked":"Flame Barrier","floor":12}],"player_experience":506385,"relics_obtained":[{"floor":7,"key":"The Courier"},{"floor":9,"key":"Ornamental Fan"}],"event_choices":[{"cards_removed":["Strike_R"],"damage_healed":0,"gold_gain":0,"player_choice":"Forget","damage_taken":0,"max_hp_gain":0,"max_hp_loss":0,"event_name":"Living Wall","floor":4,"gold_loss":0},{"damage_healed":0,"gold_gain":0,"player_choice":"Lose Max HP","damage_taken":0,"relics_obtained":["Golden Idol"],"max_hp_gain":0,"max_hp_loss":6,"event_name":"Golden Idol","floor":10,"gold_loss":0}],"is_beta":false,"boss_relics":[],"items_purged_floors":[],"is_endless":false,"potions_floor_spawned":[7,11],"killed_by":"Lots of Slimes","ascension_level":11}