{"gold_per_floor":[112,129,141,160,171,171,171,171,171,171,203,220,251,11,11,113,113,133,148,167,178,191,191,290,290,290,290,303,318,337,347,347,347],"floor_reached":33,"playtime":1965,"items_purged":["Strike_R"],"score":441,"play_id":"35189dcb-24f9-4134-be04-c75371a12126","local_time":"20190702200836","is_ascension_mode":true,"campfire_choices":[{"data":"Bash","floor":7.0,"key":"SMITH"},{"data":"Pommel Strike","floor":10.0,"key":"SMITH"},{"data":"Inflame","floor":15.0,"key":"SMITH"},{"floor":23.0,"key":"REST"},{"data":"Limit Break","floor":25.0,"key":"SMITH"},{"data":"Iron Wave","floor":27.0,"key":"SMITH"},{"floor":32.0,"key":"REST"}],"neow_cost":"NONE","seed_source_timestamp":0,"circlet_count":0,"master_deck":["Strike_R","Strike_R","Strike_R","Strike_R","Defend_R","Defend_R","Defend_R","Defend_R","Bash+1","Cleave","Pommel Strike+1","Battle Trance","Anger","Uppercut","Iron Wave+1","Shockwave","Inflame+1","Limit Break+1","Flame Barrier+1","Shrug It Off","Clothesline+1","Armaments","Inflame+1"],"special_seed":0,"relics":["Burning Blood","Potion Belt","Smiling Mask","Art of War","Paper Frog","Question Card","Orichalcum","White Beast Statue","Dodecahedron"],"potions_floor_usage":[33,33],"damage_taken":[{"damage":6.0,"enemies":"Cultist","floor":1.0,"turns":4.0},{"damage":0.0,"enemies":"Small Slimes","floor":2.0,"turns":3.0},{"damage":9.0,"enemies":"Jaw Worm","floor":3.0,"turns":3.0},{"damage":17.0,"enemies":"Large Slime","floor":4.0,"turns":8.0},{"damage":10.0,"enemies":"Gremlin Gang","floor":5.0,"turns":5.0},{"damage":8.0,"enemies":"Gremlin Nob","floor":11.0,"turns":3.0},{"damage":0.0,"enemies":"3 Louse","floor":12.0,"turns":2.0},{"damage":16.0,"enemies":"3 Sentries","floor":13.0,"turns":7.0},{"damage":0.0,"enemies":"Slime Boss","floor":16.0,"turns":5.0},{"damage":21.0,"enemies":"Spheric Guardian","floor":18.0,"turns":4.0},{"damage":19.0,"enemies":"Shell Parasite","floor":19.0,"turns":6.0},{"damage":9.0,"enemies":"Centurion and Healer","floor":20.0,"turns":6.0},{"damage":18.0,"enemies":"Cultist and Chosen","floor":21.0,"turns":5.0},{"damage":39.0,"enemies":"Sentry and Sphere","floor":22.0,"turns":6.0},{"damage":13.0,"enemies":"Centurion and Healer","floor":28.0,"turns":5.0},{"damage":24.0,"enemies":"Snake Plant","floor":29.0,"turns":4.0},{"damage":6.0,"enemies":"3 Cultists","floor":30.0,"turns":4.0},{"damage":0.0,"enemies":"Centurion and Healer","floor":31.0,"turns":5.0},{"damage":96,"enemies":"Automaton","floor":33,"turns":8}],"seed_played":"-7583655117312477551","potions_obtained":[{"floor":2.0,"key":"SpeedPotion"},{"floor":3.0,"key":"AttackPotion"},{"floor":4.0,"key":"SkillPotion"},{"floor":8.0,"key":"Ancient Potion"},{"floor":8.0,"key":"EssenceOfSteel"},{"floor":8.0,"key":"Explosive Potion"},{"floor":18.0,"key":"Fire Potion"},{"floor":19.0,"key":"BloodPotion"},{"floor":20.0,"key":"Poison Potion"},{"floor":21.0,"key":"FairyPotion"},{"floor":22.0,"key":"SneckoOil"},{"floor":28.0,"key":"Dexterity Potion"},{"floor":29.0,"key":"Regen Potion"},{"floor":30.0,"key":"Fire Potion"},{"floor":31.0,"key":"Swift Potion"}],"is_trial":false,"path_per_floor":["M","M","M","M","M","?","R","?","T","R","E","M","E","$","R","B",null,"M","M","M","M","M","R","?","R","T","R","M","M","M","M","R","B"],"character_chosen":"IRONCLAD","items_purchased":["Inflame","Orichalcum"],"campfire_rested":2,"item_purchase_floors":[14,14],"current_hp_per_floor":[72,78,75,64,60,53,53,53,53,53,51,57,47,47,47,53,73,58,45,62,50,17,41,41,41,41,41,34,16,28,34,58,0],"gold":347,"neow_bonus":"RANDOM_COMMON_RELIC","is_prod":false,"is_daily":false,"chose_seed":false,"campfire_upgraded":5,"win_rate":0,"timestamp":1562116116,"path_taken":["M","M","M","M","M","?","R","?","T","R","E","M","E","$","R","BOSS","M","?","M","M","M","R","?","R","T","R","M","M","M","M","R","BOSS"],"build_version":"2019-07-01","purchased_purges":1,"victory":false,"max_hp_per_floor":[80,80,80,80,80,80,80,80,80,80,80,80,80,80,80,80,80,80,80,80,80,80,80,80,80,80,80,80,80,80,80,80,80],"card_choices":[{"not_picked":["Corruption","Clash"],"picked":"Cleave","floor":1.0},{"not_picked":["Dropkick","Iron Wave"],"picked":"Pommel Strike","floor":2.0},{"not_picked":["Uppercut","Thunderclap"],"picked":"Battle Trance","floor":3.0},{"not_picked":["Bloodletting","Clash","Heavy Blade"],"picked":"SKIP","floor":4.0},{"not_picked":["Heavy Blade","Combust"],"picked":"Anger","floor":5.0},{"not_picked":["Burning Pact","Ghostly Armor"],"picked":"Uppercut","floor":11.0},{"not_picked":["Entrench","Thunderclap"],"picked":"Iron Wave","floor":12.0},{"not_picked":["Rage","Dual Wield"],"picked":"Shockwave","floor":13.0},{"not_picked":["Demon Form","Brutality","Offering"],"picked":"Limit Break","floor":16.0},{"not_picked":["Rampage","Spot Weakness","True Grit"],"picked":"Flame Barrier+1","floor":18.0},{"not_picked":["Twin Strike","Armaments","Body Slam","Searing Blow"],"picked":"SKIP","floor":19.0},{"not_picked":["Rupture","Rampage","Body Slam"],"picked":"Shrug It Off","floor":20.0},{"not_picked":["Armaments","Clothesline","Exhume","Carnage"],"picked":"SKIP","floor":21.0},{"not_picked":["Thunderclap+1","Twin Strike+1","Armaments"],"picked":"Clothesline+1","floor":22.0},{"not_picked":["Feel No Pain","Dropkick","Uppercut"],"picked":"Armaments","floor":28.0},{"not_picked":["Sword Boomerang","Twin Strike+1","Bloodletting+1"],"picked":"Inflame+1","floor":29.0},{"not_picked":["Armaments","Clash","Wild Strike","Clothesline"],"picked":"SKIP","floor":30.0},{"not_picked":["Ghostly Armor","Wild Strike","Armaments","Burning Pact+1"],"picked":"SKIP","floor":31.0}],"player_experience":111235,"relics_obtained":[{"floor":9.0,"key":"Art of War"},{"floor":11.0,"key":"Paper Frog"},{"floor":13.0,"key":"Question Card"},{"floor":26.0,"key":"Dodecahedron"}],"event_choices":[{"damage_healed":0.0,"max_hp_gain":0.0,"max_hp_loss":0.0,"gold_gain":0.0,"event_name":"Scrap Ooze","player_choice":"Success","floor":6.0,"gold_loss":0.0,"damage_taken":7.0,"relics_obtained":["Smiling Mask"]},{"damage_healed":0.0,"max_hp_gain":0.0,"max_hp_loss":0.0,"gold_gain":0.0,"event_name":"Lab","player_choice":"Got Potions","floor":8.0,"gold_loss":0.0,"damage_taken":0.0},{"damage_healed":0.0,"max_hp_gain":0.0,"max_hp_loss":0.0,"gold_gain":99.0,"event_name":"Nest","player_choice":"Stole From Cult","floor":24.0,"gold_loss":0.0,"damage_taken":0.0}],"is_beta":false,"boss_relics":[{"not_picked":["Black Blood","Busted Crown"],"picked":"White Beast Statue"}],"items_purged_floors":[14],"is_endless":false,"potions_floor_spawned":[2,3,4,18,19,20,21,22,28,29,30,31],"killed_by":"Automaton","ascension_level":8}