{"gold_per_floor":[109,122,122,134,154,179,190,190,190,190,207,207,218,29,29,132,132,149,349,367,385,404,434,449,449],"floor_reached":25,"playtime":1983,"items_purged":["Strike_G"],"score":229,"play_id":"f0ba1de5-1db6-41ef-a574-efd57fba5e19","local_time":"20181126211522","is_ascension_mode":false,"campfire_choices":[{"floor":8,"key":"REST"},{"data":"Neutralize","floor":10,"key":"SMITH"},{"floor":15,"key":"REST"}],"neow_cost":"NONE","seed_source_timestamp":1121800388656177,"circlet_count":0,"master_deck":["Defend_G","Defend_G","Defend_G","Defend_G","Strike_G","Strike_G","Strike_G","Strike_G","Survivor","Neutralize+1","Slice","Backflip","Finisher","Noxious Fumes","Footwork","Cloak And Dagger","Deflect","Infinite Blades","Flying Knee","Adrenaline","Deflect","Deflect+1","Caltrops+1","Dagger Throw"],"relics":["Ring of the Snake","Paper Crane","Shuriken","Happy Flower","Cursed Key"],"potions_floor_usage":[6,21,23,24],"damage_taken":[{"damage":1,"enemies":"Jaw Worm","floor":1,"turns":5},{"damage":0,"enemies":"Cultist","floor":2,"turns":5},{"damage":2,"enemies":"Small Slimes","floor":4,"turns":3},{"damage":1,"enemies":"Red Slaver","floor":5,"turns":6},{"damage":39,"enemies":"Lagavulin","floor":6,"turns":10},{"damage":12,"enemies":"Exordium Thugs","floor":7,"turns":6},{"damage":1,"enemies":"2 Fungi Beasts","floor":11,"turns":4},{"damage":5,"enemies":"Exordium Wildlife","floor":13,"turns":4},{"damage":35,"enemies":"The Guardian","floor":16,"turns":9},{"damage":0,"enemies":"Chosen","floor":18,"turns":4},{"damage":2,"enemies":"Shell Parasite","floor":20,"turns":4},{"damage":1,"enemies":"Snake Plant","floor":21,"turns":6},{"damage":1,"enemies":"Centurion and Healer","floor":22,"turns":6},{"damage":33,"enemies":"Slavers","floor":23,"turns":8},{"damage":38,"enemies":"Cultist and Chosen","floor":24,"turns":6},{"damage":10,"enemies":"Shelled Parasite and Fungi","floor":25,"turns":2}],"seed_played":"-2558976495623600922","potions_obtained":[{"floor":5,"key":"Explosive Potion"},{"floor":7,"key":"AttackPotion"},{"floor":16,"key":"Fire Potion"},{"floor":18,"key":"Poison Potion"},{"floor":23,"key":"SkillPotion"}],"is_trial":false,"path_per_floor":["M","M","?","M","M","E","M","R","T","R","M","T","M","$","R","B",null,"M","?","M","M","M","E","M","M"],"character_chosen":"THE_SILENT","items_purchased":["Infinite Blades","Flying Knee"],"campfire_rested":2,"item_purchase_floors":[14,14],"current_hp_per_floor":[76,76,76,74,73,34,22,45,45,45,44,44,39,39,62,27,77,77,77,75,74,73,40,2,0],"gold":449,"neow_bonus":"TEN_PERCENT_HP_BONUS","is_prod":false,"is_daily":false,"chose_seed":false,"campfire_upgraded":1,"win_rate":0,"timestamp":1543288522,"path_taken":["M","M","?","M","M","E","?","R","T","R","M","?","?","?","R","BOSS","M","?","M","?","M","E","M","M"],"build_version":"2018-11-15","purchased_purges":1,"victory":false,"max_hp_per_floor":[77,77,77,77,77,77,77,77,77,77,77,77,77,77,77,77,77,77,77,77,77,77,77,77,77],"card_choices":[{"not_picked":["Outmaneuver","Heel Hook"],"picked":"Slice","floor":1},{"not_picked":["Sucker Punch","Dagger Throw"],"picked":"Backflip","floor":2},{"not_picked":["Prepared","Outmaneuver","Dodge and Roll"],"picked":"SKIP","floor":4},{"not_picked":["Bullet Time","Expertise"],"picked":"Finisher","floor":5},{"not_picked":["Deflect","PiercingWail"],"picked":"Noxious Fumes","floor":6},{"not_picked":["Calculated Gamble","Tactician"],"picked":"Footwork","floor":7},{"not_picked":["Finisher","Deadly Poison"],"picked":"Cloak And Dagger","floor":11},{"not_picked":["Poisoned Stab","Escape Plan"],"picked":"Deflect","floor":13},{"not_picked":["Envenom","Wraith Form v2"],"picked":"Adrenaline","floor":16},{"not_picked":["Flying Knee","Sucker Punch"],"picked":"Deflect","floor":18},{"not_picked":["Well Laid Plans","Predator+1","Bane"],"picked":"SKIP","floor":20},{"not_picked":["Poisoned Stab","Outmaneuver"],"picked":"Deflect+1","floor":21},{"not_picked":["Sucker Punch","Poisoned Stab"],"picked":"Caltrops+1","floor":22},{"not_picked":["Storm of Steel","Bouncing Flask","Underhanded Strike"],"picked":"SKIP","floor":23},{"not_picked":["Sucker Punch","PiercingWail"],"picked":"Dagger Throw","floor":24}],"player_experience":123296,"relics_obtained":[{"floor":6,"key":"Paper Crane"},{"floor":9,"key":"Shuriken"},{"floor":12,"key":"Happy Flower"}],"event_choices":[{"cards_removed":["Defend_G"],"damage_healed":0,"gold_gain":0,"player_choice":"Purged","damage_taken":0,"max_hp_gain":0,"max_hp_loss":0,"event_name":"Purifier","floor":3,"gold_loss":0},{"damage_healed":0,"gold_gain":250,"player_choice":"Bet on Owner","damage_taken":0,"max_hp_gain":0,"max_hp_loss":0,"event_name":"The Joust","floor":19,"gold_loss":50}],"is_beta":false,"boss_relics":[{"not_picked":["HoveringKite","Philosopher\u0027s Stone"],"picked":"Cursed Key"}],"items_purged_floors":[14],"is_endless":false,"potions_floor_spawned":[5,7,16,18,20,23],"killed_by":"Shelled Parasite and Fungi","ascension_level":0}