{"gold_per_floor":[110,128,141,141,141,175,188,227,227,227,252,252,268,281,281,404,404,419,432,397,416,431,466,466,504,552,592,63,63,238,262,262,391,391,410,460,479,39,59,209,209,243,243,282,347,347,362,382,382,382],"floor_reached":50,"playtime":3341,"items_purged":["Doubt"],"score":801,"play_id":"03050ad8-d315-4095-9f12-0c923eccae19","local_time":"20190101154744","is_ascension_mode":true,"campfire_choices":[{"floor":10.0,"key":"REST"},{"floor":15.0,"key":"REST"},{"floor":24.0,"key":"REST"},{"floor":29.0,"key":"REST"},{"floor":32,"key":"REST"},{"floor":41,"key":"REST"},{"floor":46,"key":"REST"},{"floor":49,"key":"REST"}],"neow_cost":"NONE","seed_source_timestamp":1068040606264523,"circlet_count":0,"master_deck":["Strike_R","Strike_R","Strike_R","Strike_R","Strike_R+1","Defend_R","Defend_R","Defend_R","Defend_R","Bash+1","Battle Trance","Flame Barrier","Whirlwind","Uppercut","Armaments","Flex","Bludgeon+1","Second Wind","Twin Strike+1","Inflame+1","Battle Trance+1","Inflame","Flex","Panache","Warcry+1","Burning Pact","Demon Form","Burning Pact+1","Twin Strike+1","Inflame","Thinking Ahead","Sword Boomerang+1","Whirlwind+1","Flex+1","Sword Boomerang+1"],"special_seed":0,"relics":["Fusion Hammer","Golden Idol","Oddly Smooth Stone","Bag of Preparation","Bottled Lightning","SsserpentHead","Cursed Key","StoneCalendar","Happy Flower","Regal Pillow","Blood Vial","Turnip","Whetstone","Pocketwatch","Kunai","Black Star","Strange Spoon","Red Skull","Vajra","Dream Catcher","Letter Opener"],"potions_floor_usage":[33,42,45,50],"damage_taken":[{"damage":1.0,"enemies":"2 Louse","floor":1.0,"turns":2.0},{"damage":0.0,"enemies":"Small Slimes","floor":2.0,"turns":2.0},{"damage":0.0,"enemies":"Cultist","floor":3.0,"turns":3.0},{"damage":10.0,"enemies":"3 Sentries","floor":6.0,"turns":3.0},{"damage":0.0,"enemies":"3 Louse","floor":7.0,"turns":3.0},{"damage":13.0,"enemies":"Gremlin Nob","floor":8.0,"turns":4.0},{"damage":8.0,"enemies":"Looter","floor":11.0,"turns":2.0},{"damage":0.0,"enemies":"Exordium Wildlife","floor":13.0,"turns":2.0},{"damage":0.0,"enemies":"Lots of Slimes","floor":14.0,"turns":2.0},{"damage":0.0,"enemies":"Slime Boss","floor":16.0,"turns":9.0},{"damage":0.0,"enemies":"Spheric Guardian","floor":18.0,"turns":3.0},{"damage":0.0,"enemies":"Chosen","floor":19.0,"turns":3.0},{"damage":0.0,"enemies":"Snake Plant","floor":21.0,"turns":2.0},{"damage":5.0,"enemies":"Sentry and Sphere","floor":22.0,"turns":3.0},{"damage":21.0,"enemies":"Book of Stabbing","floor":23.0,"turns":6.0},{"damage":30.0,"enemies":"Slavers","floor":25.0,"turns":4.0},{"damage":39.0,"enemies":"Gremlin Leader","floor":27.0,"turns":6.0},{"damage":13,"enemies":"Colosseum Slavers","floor":30,"turns":3},{"damage":4,"enemies":"Colosseum Nobs","floor":30,"turns":3},{"damage":16,"enemies":"Snecko","floor":31,"turns":4},{"damage":50,"enemies":"Automaton","floor":33,"turns":7},{"damage":4,"enemies":"Orb Walker","floor":35,"turns":3},{"damage":0,"enemies":"3 Shapes","floor":37,"turns":7},{"damage":7,"enemies":"Jaw Worm Horde","floor":39,"turns":2},{"damage":22,"enemies":"Giant Head","floor":42,"turns":6},{"damage":48,"enemies":"Reptomancer","floor":44,"turns":5},{"damage":3,"enemies":"Sphere and 2 Shapes","floor":45,"turns":2},{"damage":36,"enemies":"4 Shapes","floor":47,"turns":1},{"damage":0,"enemies":"Maw","floor":48,"turns":4},{"damage":66,"enemies":"Time Eater","floor":50,"turns":4}],"seed_played":"-408949524604552969","potions_obtained":[{"floor":1.0,"key":"Fruit Juice"},{"floor":7.0,"key":"Strength Potion"},{"floor":11.0,"key":"Fire Potion"},{"floor":13.0,"key":"SpeedPotion"},{"floor":14.0,"key":"Weak Potion"},{"floor":21.0,"key":"Weak Potion"},{"floor":27.0,"key":"Swift Potion"},{"floor":31,"key":"AttackPotion"},{"floor":39,"key":"Weak Potion"},{"floor":44,"key":"BloodPotion"},{"floor":45,"key":"AttackPotion"},{"floor":48,"key":"Fruit Juice"}],"is_trial":false,"path_per_floor":["M","M","M","?","?","E","M","E","T","R","M","?","M","M","R","B",null,"M","M","?","M","M","E","R","E","T","E","$","R","?","M","R","B",null,"M","?","M","$","M","?","R","E","T","E","M","R","M","M","R","B"],"character_chosen":"IRONCLAD","items_purchased":["Inflame","Whetstone","Flex","Panache","Inflame","Strange Spoon","Thinking Ahead"],"campfire_rested":8,"item_purchase_floors":[28,28,28,28,38,38,38],"current_hp_per_floor":[79,79,84,84,79,69,69,56,56,79,71,71,71,71,79,79,79,79,79,79,79,74,53,76,46,46,9,9,47,34,20,58,10,79,75,75,75,75,68,68,75,53,53,7,13,50,16,18,55,0],"gold":382,"neow_bonus":"BOSS_RELIC","is_prod":false,"is_daily":false,"chose_seed":false,"campfire_upgraded":0,"win_rate":0,"timestamp":1546379264,"path_taken":["M","M","M","?","?","E","M","E","T","R","M","?","M","M","R","BOSS","M","M","?","M","M","E","R","E","T","E","$","R","?","M","R","BOSS","M","?","M","$","M","?","R","E","T","E","?","R","M","M","R","BOSS"],"build_version":"2018-12-20","purchased_purges":1,"victory":false,"max_hp_per_floor":[80,80,85,85,79,79,79,79,79,79,79,79,79,79,79,79,79,79,79,79,79,79,79,79,79,79,79,79,79,79,79,79,79,79,79,75,75,75,75,75,75,75,75,75,75,75,75,75,75,80],"card_choices":[{"not_picked":["Intimidate","Hemokinesis"],"picked":"Battle Trance","floor":1.0},{"not_picked":["Bloodletting","Cleave"],"picked":"Flame Barrier","floor":2.0},{"not_picked":["Ghostly Armor","Warcry"],"picked":"Whirlwind","floor":3.0},{"not_picked":["Brutality","Thunderclap"],"picked":"Uppercut","floor":6.0},{"not_picked":["Perfected Strike","Sword Boomerang","Rage"],"picked":"SKIP","floor":7.0},{"not_picked":["Clash","Pommel Strike"],"picked":"Armaments","floor":8.0},{"not_picked":["Infernal Blade","Perfected Strike"],"picked":"Flex","floor":11.0},{"not_picked":["Iron Wave","Ghostly Armor","Perfected Strike"],"picked":"SKIP","floor":13.0},{"not_picked":["Second Wind","Cleave","Body Slam"],"picked":"SKIP","floor":14.0},{"not_picked":["Dark Embrace","Limit Break"],"picked":"Bludgeon","floor":16.0},{"not_picked":["Havoc","Uppercut"],"picked":"Second Wind","floor":18.0},{"not_picked":["Havoc","Anger"],"picked":"Twin Strike+1","floor":19.0},{"not_picked":["Clash+1","Second Wind","Pommel Strike"],"picked":"SKIP","floor":21.0},{"not_picked":["Armaments","Fire Breathing"],"picked":"Inflame+1","floor":22.0},{"not_picked":["Wild Strike","Reckless Charge","Blood for Blood"],"picked":"SKIP","floor":23.0},{"not_picked":["Cleave","Exhume","Perfected Strike"],"picked":"SKIP","floor":25.0},{"not_picked":["Thunderclap+1","Dual Wield"],"picked":"Battle Trance+1","floor":27.0},{"not_picked":["Twin Strike","Anger+1"],"picked":"Warcry+1","floor":30},{"not_picked":["Reckless Charge","Shockwave"],"picked":"Burning Pact","floor":31},{"not_picked":["Bludgeon","Juggernaut"],"picked":"Demon Form","floor":33},{"not_picked":["Wild Strike+1","Havoc"],"picked":"Burning Pact+1","floor":35},{"not_picked":["Pommel Strike","Clothesline"],"picked":"Twin Strike+1","floor":37},{"not_picked":["Flex","Sever Soul+1"],"picked":"Sword Boomerang+1","floor":39},{"not_picked":["True Grit+1","Clothesline+1","Flex"],"picked":"SKIP","floor":42},{"not_picked":["Cleave","Headbutt"],"picked":"Whirlwind+1","floor":44},{"not_picked":["Body Slam+1","Havoc+1"],"picked":"Flex+1","floor":45},{"not_picked":["Fire Breathing","Whirlwind+1"],"picked":"Sword Boomerang+1","floor":47},{"not_picked":["Flex+1","Corruption","Intimidate"],"picked":"SKIP","floor":48}],"player_experience":356968,"relics_obtained":[{"floor":6.0,"key":"Oddly Smooth Stone"},{"floor":8.0,"key":"Bag of Preparation"},{"floor":9.0,"key":"Bottled Lightning"},{"floor":23.0,"key":"Happy Flower"},{"floor":25.0,"key":"Regal Pillow"},{"floor":26.0,"key":"Blood Vial"},{"floor":27.0,"key":"Turnip"},{"floor":30,"key":"Pocketwatch"},{"floor":30,"key":"Kunai"},{"floor":42,"key":"Red Skull"},{"floor":42,"key":"Vajra"},{"floor":44,"key":"Dream Catcher"},{"floor":44,"key":"Letter Opener"}],"event_choices":[{"damage_healed":0.0,"max_hp_gain":0.0,"max_hp_loss":0.0,"gold_gain":0.0,"event_name":"Living Wall","player_choice":"Grow","floor":4.0,"gold_loss":0.0,"damage_taken":0.0,"cards_upgraded":["Bash"]},{"damage_healed":0.0,"max_hp_gain":0.0,"max_hp_loss":6.0,"gold_gain":0.0,"event_name":"Golden Idol","player_choice":"Lose Max HP","floor":5.0,"gold_loss":0.0,"damage_taken":0.0,"relics_obtained":["Golden Idol"]},{"damage_healed":0.0,"max_hp_gain":0.0,"max_hp_loss":0.0,"gold_gain":0.0,"event_name":"FaceTrader","player_choice":"Trade","floor":12.0,"gold_loss":0.0,"damage_taken":0.0,"relics_obtained":["SsserpentHead"]},{"damage_healed":0.0,"max_hp_gain":0.0,"max_hp_loss":0.0,"gold_gain":0.0,"event_name":"Addict","player_choice":"Obtained Relic","floor":20.0,"gold_loss":85.0,"damage_taken":0.0,"relics_obtained":["StoneCalendar"]},{"damage_healed":0,"gold_gain":0,"player_choice":"Fight","damage_taken":0,"max_hp_gain":0,"max_hp_loss":0,"event_name":"Colosseum","floor":30,"gold_loss":0},{"damage_healed":0,"gold_gain":0,"player_choice":"Fought Nobs","damage_taken":0,"max_hp_gain":0,"max_hp_loss":0,"event_name":"Colosseum","floor":30,"gold_loss":0},{"damage_healed":0,"gold_gain":0,"player_choice":"Max HP","damage_taken":0,"max_hp_gain":0,"max_hp_loss":4,"event_name":"Winding Halls","floor":36,"gold_loss":0},{"damage_healed":0,"gold_gain":100,"player_choice":"Pray","damage_taken":0,"max_hp_gain":0,"max_hp_loss":0,"event_name":"Golden Shrine","floor":40,"gold_loss":0}],"is_beta":false,"boss_relics":[{"not_picked":["Runic Cube","Lizard Tail"],"picked":"Cursed Key"},{"not_picked":["Runic Dome","Pandora\u0027s Box"],"picked":"Black Star"}],"items_purged_floors":[28],"is_endless":false,"potions_floor_spawned":[1,7,11,13,14,19,21,27,31,39,44,45,48],"killed_by":"Time Eater","ascension_level":4}