{"gold_per_floor":[118,130,130,146,169,169,169,344,367,406,406,419,419,185,185,314,314,333,333,364,364,384,384],"floor_reached":23,"playtime":829,"items_purged":["Strike_B"],"score":223,"play_id":"df29a8ea-47be-4e7a-a922-39ce020e67a9","local_time":"20191011091358","is_ascension_mode":true,"campfire_choices":[{"floor":6,"key":"REST"},{"floor":13,"key":"REST"},{"floor":15,"key":"REST"}],"neow_cost":"NONE","seed_source_timestamp":129300722909700,"circlet_count":0,"master_deck":["Defend_B","Defend_B","Defend_B","Defend_B","Zap","Dualcast","FTL","Gash","Leap","Double Energy","Machine Learning","Genetic Algorithm","Bite","Bite","Bite","Bite","Bite","Gash+1"],"relics":["FrozenCore","NeowsBlessing","Golden Idol","Centennial Puzzle","Whetstone","Membership Card","Red Mask"],"potions_floor_usage":[10,22,22],"damage_taken":[{"damage":0,"enemies":"Cultist","floor":1,"turns":1},{"damage":0,"enemies":"2 Louse","floor":2,"turns":1},{"damage":0,"enemies":"Jaw Worm","floor":4,"turns":1},{"damage":10,"enemies":"Looter","floor":5,"turns":3},{"damage":32,"enemies":"Lagavulin","floor":10,"turns":6},{"damage":1,"enemies":"Large Slime","floor":12,"turns":5},{"damage":35,"enemies":"Slime Boss","floor":16,"turns":10},{"damage":12,"enemies":"Shell Parasite","floor":18,"turns":9},{"damage":53,"enemies":"Masked Bandits","floor":20,"turns":8},{"damage":2,"enemies":"3 Byrds","floor":22,"turns":3},{"damage":29,"enemies":"Gremlin Leader","floor":23,"turns":2}],"seed_played":"-6063347708539299120","potions_obtained":[{"floor":1,"key":"LiquidBronze"},{"floor":2,"key":"Strength Potion"},{"floor":5,"key":"Weak Potion"},{"floor":10,"key":"PowerPotion"},{"floor":12,"key":"Regen Potion"}],"is_trial":false,"path_per_floor":["M","M","?","M","M","R","?","?","T","E","?","M","R","$","R","B",null,"M","?","?","?","M","E"],"character_chosen":"DEFECT","items_purchased":["Membership Card"],"campfire_rested":3,"item_purchase_floors":[14],"current_hp_per_floor":[75,75,57,57,47,69,69,69,69,37,30,29,51,51,73,38,75,63,63,10,10,23,0],"gold":384,"neow_bonus":"THREE_ENEMY_KILL","is_prod":false,"is_daily":false,"chose_seed":false,"campfire_upgraded":0,"win_rate":0,"timestamp":1570799638,"path_taken":["M","?","?","M","M","R","?","?","T","E","?","?","R","?","R","BOSS","M","?","?","?","M","E"],"build_version":"2019-07-17","purchased_purges":1,"victory":false,"max_hp_per_floor":[75,75,75,75,75,75,75,75,75,75,75,75,75,75,75,75,75,75,75,75,52,52,52],"card_choices":[{"not_picked":["Undo","Hello World"],"picked":"FTL","floor":2},{"not_picked":["Ball Lightning","Chaos"],"picked":"Gash","floor":4},{"not_picked":["Lockon","Streamline"],"picked":"Leap","floor":5},{"not_picked":["Redo","Conserve Battery"],"picked":"Double Energy","floor":10},{"not_picked":["Fission","Ball Lightning","Cold Snap"],"picked":"SKIP","floor":12},{"not_picked":["Rainbow","Meteor Strike"],"picked":"Machine Learning","floor":16},{"not_picked":["Ball Lightning+1","Fusion","Leap"],"picked":"SKIP","floor":18},{"not_picked":["Streamline","Hologram"],"picked":"Genetic Algorithm","floor":20},{"not_picked":["Stack","Coolheaded"],"picked":"Gash+1","floor":22}],"player_experience":116660,"relics_obtained":[{"floor":9,"key":"Centennial Puzzle"},{"floor":10,"key":"Whetstone"},{"floor":20,"key":"Red Mask"}],"event_choices":[{"damage_healed":0,"gold_gain":0,"player_choice":"Take Damage","damage_taken":18,"relics_obtained":["Golden Idol"],"max_hp_gain":0,"max_hp_loss":0,"event_name":"Golden Idol","floor":3,"gold_loss":0},{"damage_healed":0,"gold_gain":0,"player_choice":"Searched \u00271\u0027 times","damage_taken":0,"max_hp_gain":0,"max_hp_loss":0,"event_name":"Dead Adventurer","floor":7,"gold_loss":0},{"damage_healed":0,"gold_gain":175,"player_choice":"AGREE","damage_taken":0,"max_hp_gain":0,"max_hp_loss":0,"event_name":"Liars Game","floor":8,"gold_loss":0,"cards_obtained":["Doubt"]},{"cards_removed":["Doubt"],"damage_healed":0,"gold_gain":0,"player_choice":"Card Removal","damage_taken":7,"max_hp_gain":0,"max_hp_loss":0,"event_name":"Golden Wing","floor":11,"gold_loss":0},{"damage_healed":0,"gold_gain":0,"player_choice":"Ignored","damage_taken":0,"max_hp_gain":0,"max_hp_loss":0,"event_name":"Ghosts","floor":19,"gold_loss":0},{"damage_healed":0,"gold_gain":0,"player_choice":"Fought Bandits","damage_taken":0,"max_hp_gain":0,"max_hp_loss":0,"event_name":"Masked Bandits","floor":20,"gold_loss":0},{"damage_healed":0,"gold_gain":0,"player_choice":"Became a vampire","damage_taken":0,"max_hp_gain":0,"max_hp_loss":23,"event_name":"Vampires","floor":21,"gold_loss":0,"cards_obtained":["Bite","Bite","Bite","Bite","Bite"]}],"is_beta":false,"boss_relics":[{"not_picked":["Busted Crown","Runic Dome"],"picked":"FrozenCore"}],"items_purged_floors":[14],"is_endless":false,"potions_floor_spawned":[1,2,5,10,12,18],"killed_by":"Gremlin Leader","ascension_level":1}