{"gold_per_floor":[118,118,131,182,182,182,182,208,208,208,208,227,227,227,227,227],"floor_reached":16,"playtime":727,"items_purged":[],"score":126,"play_id":"a12cfe85-85a4-4acf-906e-1d15a9c37202","local_time":"20191008032217","is_ascension_mode":true,"campfire_choices":[{"data":"Armaments","floor":6,"key":"SMITH"},{"data":"Immolate","floor":10,"key":"SMITH"},{"floor":15,"key":"REST"}],"neow_cost":"NONE","seed_source_timestamp":70040697195999,"circlet_count":0,"master_deck":["Strike_R","Strike_R","Strike_R+1","Strike_R","Defend_R","Defend_R","Defend_R","Defend_R+1","Bash","Cleave","Armaments+1","Immolate+1","Dropkick","Warcry+1","Thunderclap"],"relics":["Burning Blood","Toxic Egg 2","Pear","Mummified Hand"],"potions_floor_usage":[],"damage_taken":[{"damage":0,"enemies":"2 Louse","floor":1,"turns":5},{"damage":4,"enemies":"Cultist","floor":3,"turns":4},{"damage":24,"enemies":"3 Sentries","floor":8,"turns":5},{"damage":6,"enemies":"Jaw Worm","floor":12,"turns":2},{"damage":89,"enemies":"Hexaghost","floor":16,"turns":9}],"seed_played":"-6768012780744582090","potions_obtained":[{"floor":1,"key":"AttackPotion"},{"floor":8,"key":"Swift Potion"}],"is_trial":false,"path_per_floor":["M","?","M","?","$","R","$","E","T","R","T","M","?","?","R","B"],"character_chosen":"IRONCLAD","items_purchased":[],"campfire_rested":1,"item_purchase_floors":[],"current_hp_per_floor":[80,80,80,80,80,80,80,62,72,72,72,72,77,58,86,0],"gold":227,"neow_bonus":"REMOVE_CARD","is_prod":false,"is_daily":false,"chose_seed":false,"campfire_upgraded":2,"win_rate":0,"timestamp":1570519337,"path_taken":["M","?","?","?","$","R","$","E","T","R","?","M","?","?","R","BOSS"],"build_version":"2019-07-17","purchased_purges":0,"victory":false,"max_hp_per_floor":[80,80,80,80,80,80,80,80,90,90,90,90,95,95,95,95],"card_choices":[{"not_picked":["Disarm","Wild Strike"],"picked":"Cleave","floor":1},{"not_picked":["Wild Strike","Headbutt"],"picked":"Dropkick","floor":3},{"not_picked":["Fiend Fire","Body Slam"],"picked":"Warcry","floor":8},{"not_picked":["True Grit+1","Wild Strike"],"picked":"Thunderclap","floor":12}],"player_experience":92512,"relics_obtained":[{"floor":8,"key":"Toxic Egg 2"},{"floor":9,"key":"Pear"},{"floor":11,"key":"Mummified Hand"}],"event_choices":[{"damage_healed":0,"gold_gain":0,"player_choice":"2 cards matched","damage_taken":0,"max_hp_gain":0,"max_hp_loss":0,"event_name":"Match and Keep!","floor":2,"gold_loss":0,"cards_obtained":["Armaments","Immolate"]},{"damage_healed":0,"gold_gain":51,"player_choice":"Gained Gold","damage_taken":0,"max_hp_gain":0,"max_hp_loss":0,"event_name":"Golden Wing","floor":4,"gold_loss":0},{"damage_healed":0,"gold_gain":0,"player_choice":"Donut","damage_taken":0,"max_hp_gain":5,"max_hp_loss":0,"event_name":"Big Fish","floor":13,"gold_loss":0},{"damage_healed":0,"gold_gain":0,"player_choice":"Entered Light","damage_taken":19,"max_hp_gain":0,"max_hp_loss":0,"event_name":"Shining Light","floor":14,"gold_loss":0,"cards_upgraded":["Defend_R","Strike_R"]}],"is_beta":false,"boss_relics":[],"items_purged_floors":[],"is_endless":false,"potions_floor_spawned":[1,8],"killed_by":"Hexaghost","ascension_level":1}