{"gold_per_floor":[112,22,37,37,37,92,110,140,186,204,204,204,221,240,240,341,341,358,358,97,115,115,115],"floor_reached":23,"playtime":1049,"items_purged":["Strike_G"],"score":351,"play_id":"c24cb531-2539-4c51-9ec4-125ef10190e1","local_time":"20190110191400","is_ascension_mode":true,"campfire_choices":[{"floor":11,"key":"REST"},{"floor":15,"key":"REST"}],"neow_cost":"NONE","seed_source_timestamp":139753100774881,"circlet_count":0,"master_deck":["Defend_G","Defend_G","Defend_G","Defend_G","Defend_G","Survivor","Neutralize","Infinite Blades","Blur","Dagger Spray","Backflip","Deflect","A Thousand Cuts","Poisoned Stab","Caltrops","Caltrops","Slice","A Thousand Cuts","Footwork","Well Laid Plans","Dagger Throw","Bite","Bite","Bite","Bite","Bite"],"relics":["Ring of the Snake","NeowsBlessing","Blue Candle","Tiny Chest","Art of War","Vajra","Question Card","Cursed Key","Oddly Smooth Stone"],"potions_floor_usage":[8,8,18,23,23],"damage_taken":[{"damage":0,"enemies":"Small Slimes","floor":1,"turns":1},{"damage":0,"enemies":"2 Louse","floor":3,"turns":1},{"damage":0,"enemies":"Gremlin Nob","floor":6,"turns":1},{"damage":0,"enemies":"Jaw Worm","floor":7,"turns":5},{"damage":0,"enemies":"3 Sentries","floor":8,"turns":4},{"damage":0,"enemies":"Exordium Thugs","floor":10,"turns":4},{"damage":0,"enemies":"3 Louse","floor":13,"turns":3},{"damage":0,"enemies":"Lots of Slimes","floor":14,"turns":1},{"damage":29,"enemies":"Slime Boss","floor":16,"turns":9},{"damage":14,"enemies":"2 Thieves","floor":18,"turns":4},{"damage":16,"enemies":"Spheric Guardian","floor":21,"turns":5},{"damage":35,"enemies":"Slavers","floor":23,"turns":3}],"seed_played":"6949189106336624386","potions_obtained":[{"floor":1,"key":"Strength Potion"},{"floor":3,"key":"SteroidPotion"},{"floor":8,"key":"FearPotion"},{"floor":16,"key":"Weak Potion"},{"floor":21,"key":"EssenceOfSteel"}],"is_trial":false,"path_per_floor":["M","$","M","?","?","E","M","E","T","M","R","T","M","M","R","B",null,"M","T","$","M","?","E"],"character_chosen":"THE_SILENT","items_purchased":["Blur","Dagger Spray","Well Laid Plans","Oddly Smooth Stone"],"campfire_rested":2,"item_purchase_floors":[2,2,20,20],"current_hp_per_floor":[63,63,63,49,16,16,16,16,16,16,37,37,37,37,58,29,60,46,46,46,30,30,0],"gold":115,"neow_bonus":"THREE_ENEMY_KILL","is_prod":false,"is_daily":false,"chose_seed":false,"campfire_upgraded":0,"win_rate":0,"timestamp":1547169240,"path_taken":["M","$","M","?","?","E","M","E","T","M","R","?","?","M","R","BOSS","M","?","$","M","?","E"],"build_version":"2019-01-03v4","purchased_purges":1,"victory":false,"max_hp_per_floor":[70,70,70,70,70,70,70,70,70,70,70,70,70,70,70,70,70,70,70,70,70,49,49],"card_choices":[{"not_picked":["Choke","Deflect"],"picked":"Infinite Blades","floor":1},{"not_picked":["Blade Dance","Outmaneuver"],"picked":"Backflip","floor":3},{"not_picked":["Outmaneuver","Finisher"],"picked":"Deflect","floor":6},{"not_picked":["Skewer","Deflect"],"picked":"A Thousand Cuts","floor":7},{"not_picked":["Bane","Setup"],"picked":"Poisoned Stab","floor":8},{"not_picked":["Bane","Calculated Gamble"],"picked":"Caltrops","floor":10},{"not_picked":["Bane","All Out Attack","Acrobatics"],"picked":"Caltrops","floor":13},{"not_picked":["Acrobatics","Terror","Accuracy"],"picked":"Slice","floor":14},{"not_picked":["Adrenaline","Burst","Unload"],"picked":"A Thousand Cuts","floor":16},{"not_picked":["Masterful Stab","Flechettes+1","Riddle With Holes+1"],"picked":"Footwork","floor":18},{"not_picked":["Outmaneuver","Sucker Punch+1","Caltrops"],"picked":"Dagger Throw","floor":21}],"player_experience":395774,"relics_obtained":[{"floor":6,"key":"Tiny Chest"},{"floor":8,"key":"Art of War"},{"floor":9,"key":"Vajra"},{"floor":12,"key":"Question Card"}],"event_choices":[{"damage_healed":0,"gold_gain":0,"player_choice":"Entered Light","damage_taken":14,"max_hp_gain":0,"max_hp_loss":0,"event_name":"Shining Light","floor":4,"gold_loss":0,"cards_upgraded":["Strike_G","Strike_G"]},{"damage_healed":0,"gold_gain":0,"player_choice":"Success","damage_taken":33,"relics_obtained":["Blue Candle"],"max_hp_gain":0,"max_hp_loss":0,"event_name":"Scrap Ooze","floor":5,"gold_loss":0},{"damage_healed":0,"gold_gain":0,"player_choice":"Became a vampire","damage_taken":0,"max_hp_gain":0,"max_hp_loss":21,"event_name":"Vampires","floor":22,"gold_loss":0,"cards_obtained":["Bite","Bite","Bite","Bite","Bite"]}],"is_beta":false,"boss_relics":[{"not_picked":["Coffee Dripper","Snecko Eye"],"picked":"Cursed Key"}],"items_purged_floors":[20],"is_endless":false,"potions_floor_spawned":[1,3,8,16,21],"killed_by":"Slavers","ascension_level":6}