{"gold_per_floor":[116,133,133,148,159,159,185,185,185,198,163,179,213,231,231,326,326,346,222,256,355,355],"floor_reached":22,"playtime":3052,"items_purged":["Strike_R"],"score":196,"play_id":"3acb9e49-5eb3-4769-bc72-d88c98fa0062","local_time":"20181124120004","is_ascension_mode":false,"campfire_choices":[{"data":"Combust","floor":6,"key":"SMITH"},{"data":"Armaments","floor":8,"key":"SMITH"},{"floor":15,"key":"REST"}],"neow_cost":"NONE","seed_source_timestamp":914615844507001,"circlet_count":0,"master_deck":["Strike_R","Strike_R","Strike_R","Strike_R","Defend_R+1","Defend_R","Defend_R","Defend_R+1","Bash","Combust+1","Bloodletting","Anger","Headbutt","Armaments+1","Cleave","Fire Breathing","Feed","Writhe","Parasite","Shame","Flex","Shrug It Off","Pommel Strike"],"relics":["Burning Blood","PreservedInsect","Smiling Mask","Ornamental Fan","Calling Bell","Question Card","Charon\u0027s Ashes","War Paint","Red Mask"],"potions_floor_usage":[16],"damage_taken":[{"damage":4,"enemies":"2 Louse","floor":1,"turns":3},{"damage":3,"enemies":"Cultist","floor":2,"turns":3},{"damage":12,"enemies":"Small Slimes","floor":4,"turns":3},{"damage":23,"enemies":"Exordium Thugs","floor":5,"turns":4},{"damage":22,"enemies":"3 Sentries","floor":7,"turns":5},{"damage":14,"enemies":"Large Slime","floor":10,"turns":5},{"damage":9,"enemies":"3 Louse","floor":12,"turns":3},{"damage":33,"enemies":"Lagavulin","floor":13,"turns":4},{"damage":1,"enemies":"2 Fungi Beasts","floor":14,"turns":2},{"damage":53,"enemies":"The Guardian","floor":16,"turns":10},{"damage":35,"enemies":"3 Byrds","floor":18,"turns":5},{"damage":48,"enemies":"Masked Bandits","floor":20,"turns":6},{"damage":0,"enemies":"Chosen","floor":22,"turns":4}],"seed_played":"-253041413275250771","potions_obtained":[{"floor":1,"key":"Ancient Potion"},{"floor":2,"key":"Strength Potion"},{"floor":12,"key":"Ancient Potion"},{"floor":13,"key":"SpeedPotion"},{"floor":14,"key":"Swift Potion"}],"is_trial":false,"path_per_floor":["M","M","?","M","M","R","E","R","T","M","?","M","E","M","R","B",null,"M","$","?","?","M"],"character_chosen":"IRONCLAD","items_purchased":["Shrug It Off","Strength Potion"],"campfire_rested":1,"item_purchase_floors":[19,19],"current_hp_per_floor":[88,88,88,82,65,65,49,49,49,41,63,60,33,38,64,17,88,62,62,23,23,23],"gold":355,"neow_bonus":"TEN_PERCENT_HP_BONUS","is_prod":false,"is_daily":false,"chose_seed":false,"campfire_upgraded":2,"win_rate":0.0,"timestamp":1543082404,"path_taken":["M","M","?","M","?","R","E","R","T","M","?","M","E","M","R","BOSS","M","$","?","?","M"],"build_version":"2018-11-15","purchased_purges":1,"victory":false,"max_hp_per_floor":[88,88,88,88,88,88,88,88,88,88,88,88,88,88,88,88,88,91,91,94,94,94],"card_choices":[{"not_picked":["Clash","Reckless Charge"],"picked":"Combust","floor":1},{"not_picked":["Rage","Power Through"],"picked":"Bloodletting","floor":2},{"not_picked":["Heavy Blade","Pummel"],"picked":"Anger","floor":4},{"not_picked":["Cleave","Shockwave"],"picked":"Headbutt","floor":5},{"not_picked":["Feel No Pain","Ghostly Armor"],"picked":"Armaments","floor":7},{"not_picked":["Wild Strike","Searing Blow"],"picked":"Cleave","floor":10},{"not_picked":["Sword Boomerang","Evolve","Clothesline"],"picked":"SKIP","floor":12},{"not_picked":["Reckless Charge","Corruption"],"picked":"Fire Breathing","floor":13},{"not_picked":["Cleave","Clothesline","Rage"],"picked":"SKIP","floor":14},{"not_picked":["Impervious","Dark Embrace"],"picked":"Feed","floor":16},{"not_picked":["Wild Strike","True Grit","Corruption"],"picked":"Flex","floor":18},{"not_picked":["Body Slam","Heavy Blade","Clash"],"picked":"Pommel Strike","floor":20}],"player_experience":74945,"relics_obtained":[{"floor":7,"key":"PreservedInsect"},{"floor":9,"key":"Smiling Mask"},{"floor":13,"key":"Ornamental Fan"},{"floor":17,"key":"Question Card"},{"floor":17,"key":"Charon\u0027s Ashes"},{"floor":17,"key":"War Paint"},{"floor":20,"key":"Red Mask"}],"event_choices":[{"damage_healed":0,"gold_gain":0,"player_choice":"Bought 0 Potions","damage_taken":0,"max_hp_gain":0,"max_hp_loss":0,"event_name":"The Woman in Blue","floor":3,"gold_loss":0},{"damage_healed":22,"gold_gain":0,"player_choice":"Healed","damage_taken":0,"max_hp_gain":0,"max_hp_loss":0,"event_name":"The Cleric","floor":11,"gold_loss":35},{"damage_healed":0,"gold_gain":0,"player_choice":"Fought Bandits","damage_taken":0,"max_hp_gain":0,"max_hp_loss":0,"event_name":"Masked Bandits","floor":20,"gold_loss":0},{"damage_healed":0,"gold_gain":99,"player_choice":"Stole From Cult","damage_taken":0,"max_hp_gain":0,"max_hp_loss":0,"event_name":"Nest","floor":21,"gold_loss":0}],"is_beta":false,"boss_relics":[{"not_picked":["Philosopher\u0027s Stone","Velvet Choker"],"picked":"Calling Bell"}],"items_purged_floors":[19],"is_endless":false,"potions_floor_spawned":[1,2,12,13,14],"killed_by":"Chosen","ascension_level":0}