{"gold_per_floor":[114,114,114,114,41,41,72,72,72,82,101,120,133,156,156,257,257,267,115,131,131,142,177,177,196,250,250,262,262,262,274,274,371,371,382,382,396,70,46,46,76,76,76,107,118,118,149,166,166,166,166,166,20,20],"floor_reached":54,"playtime":4041,"items_purged":["Strike_G"],"score":770,"play_id":"c5a3043e-a03c-4505-bfef-59bb3343aff8","local_time":"20181125222627","is_ascension_mode":false,"campfire_choices":[{"data":"Caltrops","floor":6,"key":"SMITH"},{"data":"Footwork","floor":8,"key":"SMITH"},{"data":"Neutralize","floor":15,"key":"SMITH"},{"floor":24,"key":"REST"},{"floor":27,"key":"REST"},{"floor":30,"key":"REST"},{"floor":32,"key":"REST"},{"floor":40,"key":"RECALL"},{"floor":42,"key":"REST"},{"floor":46,"key":"REST"},{"floor":49,"key":"REST"},{"data":"Defend_G","floor":52,"key":"SMITH"}],"neow_cost":"NONE","seed_source_timestamp":1037388072164252,"circlet_count":0,"master_deck":["Defend_G","Defend_G+1","Defend_G+1","Defend_G","Defend_G","Strike_G","Strike_G+1","Strike_G","Survivor","Neutralize+1","Deadly Poison+1","Caltrops+1","Footwork+1","Poisoned Stab","Slice+1","Flying Knee","Acrobatics","Malaise","Backflip+1","Dash+1","All Out Attack+1","Escape Plan+1","Footwork+1","Dagger Spray+1","Necronomicurse","Terror+1","Die Die Die+1","Deflect+1","Dodge and Roll+1","Deadly Poison","Backstab+1","Regret","Dash+1","Calculated Gamble+1","Escape Plan","Distraction+1"],"relics":["Ring of the Snake","NeowsBlessing","Centennial Puzzle","Question Card","Ancient Tea Set","Black Star","Lantern","Pantograph","Mummified Hand","Bottled Flame","Whetstone","Necronomicon","Cursed Key","Bottled Tornado","Snake Skull","Dream Catcher","Omamori","Oddly Smooth Stone","Mercury Hourglass","Shuriken","War Paint"],"potions_floor_usage":[18,22,23,25,31,33,33,41,45],"damage_taken":[{"damage":0,"enemies":"Cultist","floor":1,"turns":1},{"damage":0,"enemies":"3 Sentries","floor":7,"turns":1},{"damage":0,"enemies":"Small Slimes","floor":10,"turns":1},{"damage":0,"enemies":"2 Louse","floor":11,"turns":2},{"damage":0,"enemies":"Blue Slaver","floor":12,"turns":4},{"damage":0,"enemies":"Exordium Thugs","floor":13,"turns":5},{"damage":19,"enemies":"Hexaghost","floor":16,"turns":8},{"damage":10,"enemies":"Spheric Guardian","floor":18,"turns":9},{"damage":0,"enemies":"Chosen","floor":20,"turns":5},{"damage":21,"enemies":"Centurion and Healer","floor":22,"turns":7},{"damage":21,"enemies":"Slavers","floor":23,"turns":7},{"damage":23,"enemies":"3 Cultists","floor":25,"turns":9},{"damage":0,"enemies":"Shelled Parasite and Fungi","floor":28,"turns":5},{"damage":7,"enemies":"Snecko","floor":31,"turns":7},{"damage":59,"enemies":"Collector","floor":33,"turns":14},{"damage":0,"enemies":"3 Shapes","floor":35,"turns":3},{"damage":14,"enemies":"3 Darklings","floor":37,"turns":3},{"damage":16,"enemies":"Reptomancer","floor":41,"turns":8},{"damage":26,"enemies":"Giant Head","floor":44,"turns":10},{"damage":0,"enemies":"Writhing Mass","floor":45,"turns":6},{"damage":18,"enemies":"Nemesis","floor":47,"turns":7},{"damage":14,"enemies":"Jaw Worm Horde","floor":48,"turns":5},{"damage":41,"enemies":"Donu and Deca","floor":50,"turns":12},{"damage":76,"enemies":"Shield and Spear","floor":54,"turns":5}],"seed_played":"1441916612496427750","potions_obtained":[{"floor":7,"key":"SkillPotion"},{"floor":11,"key":"GhostInAJar"},{"floor":16,"key":"SteroidPotion"},{"floor":20,"key":"SpeedPotion"},{"floor":22,"key":"AttackPotion"},{"floor":25,"key":"EssenceOfSteel"},{"floor":28,"key":"Block Potion"},{"floor":33,"key":"Block Potion"},{"floor":41,"key":"PowerPotion"},{"floor":47,"key":"Ancient Potion"}],"is_trial":false,"path_per_floor":["M","?","?","?","$","R","E","R","T","M","M","M","M","T","R","B",null,"M","$","M","?","M","E","R","M","T","R","M","?","R","M","R","B",null,"M","?","M","$","$","R","E","R","T","E","M","R","E","M","R","B",null,"R","$","E"],"character_chosen":"THE_SILENT","items_purchased":["Caltrops","Lantern","Bottled Tornado","Deadly Poison","War Paint"],"campfire_rested":7,"item_purchase_floors":[5,19,38,39,53],"current_hp_per_floor":[70,56,49,70,70,70,70,70,70,70,70,70,70,70,70,51,70,60,60,60,60,39,18,39,16,16,37,37,21,42,35,56,11,70,70,70,56,56,56,56,40,61,61,35,35,56,38,24,45,29,70,70,70,0],"gold":20,"neow_bonus":"THREE_ENEMY_KILL","is_prod":false,"is_daily":false,"chose_seed":false,"campfire_upgraded":4,"win_rate":0,"timestamp":1543206387,"path_taken":["M","?","?","?","?","R","E","R","T","M","M","M","?","?","R","BOSS","M","$","M","?","M","E","R","M","T","R","M","?","R","M","R","BOSS","M","?","?","?","$","R","E","R","T","E","M","R","E","M","R","BOSS","R","$","E"],"build_version":"2018-11-15","purchased_purges":1,"victory":false,"max_hp_per_floor":[70,70,70,70,70,70,70,70,70,70,70,70,70,70,70,70,70,70,70,70,70,70,70,70,70,70,70,70,70,70,70,70,70,70,70,70,70,70,70,70,70,70,70,70,70,70,70,70,70,70,70,70,70,70],"card_choices":[{"not_picked":["Quick Slash","Backflip"],"picked":"Deadly Poison","floor":1},{"not_picked":["Slice","PiercingWail"],"picked":"Footwork","floor":7},{"not_picked":["Outmaneuver","Finisher","Dodge and Roll"],"picked":"Poisoned Stab","floor":10},{"not_picked":["Finisher","Blade Dance","Underhanded Strike"],"picked":"Slice","floor":11},{"not_picked":["Underhanded Strike","Distraction","Endless Agony"],"picked":"Flying Knee","floor":12},{"not_picked":["Skewer","Bane","Phantasmal Killer"],"picked":"Acrobatics","floor":13},{"not_picked":["Adrenaline","Bullet Time","Die Die Die"],"picked":"Malaise","floor":16},{"not_picked":["Outmaneuver","Dagger Spray","Crippling Poison"],"picked":"Backflip+1","floor":18},{"not_picked":["Cloak And Dagger","Quick Slash+1","Outmaneuver+1"],"picked":"Dash+1","floor":20},{"not_picked":["Masterful Stab","Blade Dance+1","Accuracy"],"picked":"All Out Attack","floor":22},{"not_picked":["Accuracy","Blade Dance","Prepared"],"picked":"Escape Plan","floor":23},{"not_picked":["Quick Slash","Cloak And Dagger+1","Night Terror"],"picked":"Footwork+1","floor":25},{"not_picked":["Footwork","Escape Plan+1","All Out Attack"],"picked":"Dagger Spray+1","floor":28},{"not_picked":["PiercingWail","Footwork","Masterful Stab+1"],"picked":"Terror+1","floor":31},{"not_picked":["Burst","Malaise","Unload"],"picked":"Die Die Die","floor":33},{"not_picked":["Masterful Stab","Quick Slash+1","Skewer"],"picked":"Deflect+1","floor":35},{"not_picked":["Finisher+1","Acrobatics+1","Sucker Punch+1"],"picked":"Dodge and Roll+1","floor":37},{"not_picked":["Cloak And Dagger+1","Phantasmal Killer","Bane+1","Dagger Throw+1"],"picked":"SKIP","floor":41},{"not_picked":["Slice+1","Finisher","Bane"],"picked":"Backstab+1","floor":42},{"not_picked":["Deflect","Calculated Gamble+1","Dodge and Roll"],"picked":"Dash+1","floor":44},{"not_picked":["Riddle With Holes","Caltrops+1","Distraction+1","Dagger Spray"],"picked":"SKIP","floor":45},{"not_picked":["Eviscerate","Skewer","Flechettes"],"picked":"Calculated Gamble+1","floor":47},{"not_picked":["Dagger Throw","Flying Knee","Outmaneuver"],"picked":"Escape Plan","floor":48},{"not_picked":["Outmaneuver","Storm of Steel","Calculated Gamble+1"],"picked":"Distraction+1","floor":49}],"player_experience":107796,"relics_obtained":[{"floor":7,"key":"Centennial Puzzle"},{"floor":9,"key":"Question Card"},{"floor":14,"key":"Ancient Tea Set"},{"floor":23,"key":"Mummified Hand"},{"floor":23,"key":"Bottled Flame"},{"floor":26,"key":"Whetstone"},{"floor":29,"key":"Necronomicon"},{"floor":41,"key":"Snake Skull"},{"floor":41,"key":"Dream Catcher"},{"floor":44,"key":"Omamori"},{"floor":44,"key":"Oddly Smooth Stone"},{"floor":47,"key":"Mercury Hourglass"},{"floor":47,"key":"Shuriken"}],"event_choices":[{"damage_healed":0,"gold_gain":0,"player_choice":"Entered Light","damage_taken":14,"max_hp_gain":0,"max_hp_loss":0,"event_name":"Shining Light","floor":2,"gold_loss":0,"cards_upgraded":["Strike_G","Defend_G"]},{"cards_removed":["Strike_G"],"damage_healed":0,"gold_gain":0,"player_choice":"Card Removal","damage_taken":7,"max_hp_gain":0,"max_hp_loss":0,"event_name":"Golden Wing","floor":3,"gold_loss":0},{"damage_healed":23,"gold_gain":0,"player_choice":"Banana","damage_taken":0,"max_hp_gain":0,"max_hp_loss":0,"event_name":"Big Fish","floor":4,"gold_loss":0},{"damage_healed":0,"gold_gain":0,"player_choice":"Opened","damage_taken":0,"relics_obtained":["Pantograph"],"max_hp_gain":0,"max_hp_loss":0,"event_name":"The Mausoleum","floor":21,"gold_loss":0},{"damage_healed":0,"gold_gain":0,"player_choice":"Obtained Book","damage_taken":16,"max_hp_gain":0,"max_hp_loss":0,"event_name":"Cursed Tome","floor":29,"gold_loss":0},{"damage_healed":0,"gold_gain":0,"player_choice":"Upgraded","damage_taken":0,"max_hp_gain":0,"max_hp_loss":0,"event_name":"Upgrade Shrine","floor":36,"gold_loss":0,"cards_upgraded":["Die Die Die"]}],"is_beta":false,"boss_relics":[{"not_picked":["Fusion Hammer","Sozu"],"picked":"Black Star"},{"not_picked":["Calling Bell","Philosopher\u0027s Stone"],"picked":"Cursed Key"}],"items_purged_floors":[38],"is_endless":false,"potions_floor_spawned":[7,11,16,20,22,25,28,33,41,47],"killed_by":"Shield and Spear","ascension_level":0}