{"gold_per_floor":[114,128,142,72,90,90,90,121,170,170,18,18,18,44,44,148,148,162,174,190,65,65,65],"floor_reached":23,"playtime":1241,"items_purged":[],"score":217,"play_id":"7bdc4de9-5cb4-40fe-991c-62e0d203af03","local_time":"20181224144421","is_ascension_mode":true,"campfire_choices":[{"data":"Neutralize","floor":6,"key":"SMITH"},{"data":"Deflect","floor":10,"key":"SMITH"},{"data":"Footwork","floor":13,"key":"SMITH"},{"floor":15,"key":"REST"}],"neow_cost":"NONE","seed_source_timestamp":375268919330405,"circlet_count":0,"master_deck":["Defend_G+1","Defend_G+1","Defend_G+1","Defend_G+1","Strike_G+1","Strike_G+1","Strike_G+1","Strike_G+1","Strike_G+1","Survivor","Neutralize+1","Flying Knee","Flying Knee","All Out Attack","Deflect+1","Dodge and Roll","Footwork+1","Storm of Steel","Corpse Explosion","Quick Slash","Dodge and Roll","Footwork","Slice"],"relics":["Runic Pyramid","Bottled Lightning","Bag of Preparation","Philosopher\u0027s Stone"],"potions_floor_usage":[],"damage_taken":[{"damage":0,"enemies":"Jaw Worm","floor":1,"turns":4},{"damage":1,"enemies":"Cultist","floor":2,"turns":5},{"damage":0,"enemies":"2 Louse","floor":3,"turns":3},{"damage":1,"enemies":"Looter","floor":5,"turns":3},{"damage":29,"enemies":"Lagavulin","floor":8,"turns":7},{"damage":13,"enemies":"Slime Boss","floor":16,"turns":11},{"damage":20,"enemies":"Shell Parasite","floor":18,"turns":9},{"damage":3,"enemies":"3 Byrds","floor":19,"turns":4},{"damage":28,"enemies":"Snecko","floor":20,"turns":8},{"damage":19,"enemies":"Gremlin Leader","floor":23,"turns":4}],"seed_played":"912437907605522763","potions_obtained":[{"floor":3,"key":"SteroidPotion"},{"floor":5,"key":"EssenceOfSteel"},{"floor":16,"key":"Energy Potion"}],"is_trial":false,"path_per_floor":["M","M","M","$","M","R","?","E","T","R","$","$","R","T","R","B",null,"M","M","M","$","?","E"],"character_chosen":"THE_SILENT","items_purchased":["All Out Attack","Footwork","Storm of Steel","Footwork","Slice"],"campfire_rested":1,"item_purchase_floors":[4,11,11,21,21],"current_hp_per_floor":[70,69,69,69,68,68,68,39,39,39,39,39,39,39,60,47,70,50,47,19,19,19,0],"gold":65,"neow_bonus":"BOSS_RELIC","is_prod":false,"is_daily":false,"chose_seed":false,"campfire_upgraded":3,"win_rate":0,"timestamp":1545684261,"path_taken":["M","M","M","$","M","R","?","E","T","R","?","$","R","?","R","BOSS","M","M","M","$","?","E"],"build_version":"2018-12-20","purchased_purges":0,"victory":false,"max_hp_per_floor":[70,70,70,70,70,70,70,70,70,70,70,70,70,70,70,70,70,70,70,70,70,70,70],"card_choices":[{"not_picked":["Prepared","Infinite Blades","Bane"],"picked":"SKIP","floor":1},{"not_picked":["Dodge and Roll","Dagger Throw"],"picked":"Flying Knee","floor":2},{"not_picked":["Sucker Punch","Backflip"],"picked":"Flying Knee","floor":3},{"not_picked":["Adrenaline","Expertise"],"picked":"Deflect","floor":5},{"not_picked":["Expertise","Cloak And Dagger"],"picked":"Dodge and Roll","floor":8},{"not_picked":["Glass Knife","Malaise"],"picked":"Corpse Explosion","floor":16},{"not_picked":["Outmaneuver","Catalyst"],"picked":"Quick Slash","floor":18},{"not_picked":["Outmaneuver","Sucker Punch","Quick Slash"],"picked":"SKIP","floor":19},{"not_picked":["Cloak And Dagger","Poisoned Stab+1"],"picked":"Dodge and Roll","floor":20}],"player_experience":300017,"relics_obtained":[{"floor":8,"key":"Bottled Lightning"},{"floor":14,"key":"Bag of Preparation"}],"event_choices":[{"cards_removed":["Defend_G"],"damage_healed":0,"gold_gain":0,"player_choice":"Offered Basic","damage_taken":0,"max_hp_gain":0,"max_hp_loss":0,"event_name":"Bonfire Elementals","floor":7,"gold_loss":0},{"damage_healed":0,"gold_gain":0,"player_choice":"Simplicity","damage_taken":0,"max_hp_gain":0,"max_hp_loss":0,"event_name":"Back to Basics","floor":22,"gold_loss":0,"cards_upgraded":["Defend_G","Defend_G","Defend_G","Defend_G","Strike_G","Strike_G","Strike_G","Strike_G","Strike_G"]}],"is_beta":false,"boss_relics":[{"not_picked":["White Beast Statue","WristBlade"],"picked":"Philosopher\u0027s Stone"}],"items_purged_floors":[],"is_endless":false,"potions_floor_spawned":[3,5,16],"killed_by":"Gremlin Leader","ascension_level":3}