{"gold_per_floor":[118,40,55,55,130,130,144,144,144,144,144,193,214,229,229,358,358,376,400,425,444,369,413,436,436,482,166,166,66,66,109,109,229,229,249,124,139,139,264,264,264,298,298,298,0,0,18,34,34,34],"floor_reached":51,"playtime":2948,"items_purged":["Strike_B","Strike_B","Defend_B","Steam"],"score":811,"play_id":"067999a6-d114-4723-ad77-2f32f9fa092c","local_time":"20181202232214","is_ascension_mode":true,"campfire_choices":[{"data":"Sunder","floor":6,"key":"SMITH"},{"data":"Fusion","floor":8,"key":"SMITH"},{"data":"Zap","floor":10,"key":"SMITH"},{"data":"Dualcast","floor":15,"key":"SMITH"},{"data":"Defragment","floor":25,"key":"SMITH"},{"floor":30,"key":"REST"},{"floor":32,"key":"REST"},{"data":"Rainbow","floor":40,"key":"SMITH"},{"data":"Conserve Battery","floor":44,"key":"SMITH"},{"data":"Electrodynamics","floor":46,"key":"SMITH"},{"data":"Capacitor","floor":49,"key":"SMITH"}],"neow_cost":"NONE","seed_source_timestamp":1646835634142571,"circlet_count":0,"master_deck":["Strike_B","Defend_B+1","Defend_B","Defend_B+1","Zap+1","Dualcast+1","Cold Snap+1","Sunder+1","Fusion+1","Conserve Battery+1","Leap","Electrodynamics+1","Rip and Tear","Doom and Gloom+1","Capacitor+1","Skim","Defragment+1","Rainbow+1","Parasite"],"relics":["Cracked Core","Centennial Puzzle","Pear","Happy Flower","Golden Idol","War Paint","Runic Pyramid","Art of War","Pen Nib","Symbiotic Virus","MutagenicStrength","Potion Belt","Eternal Feather","FossilizedHelix","Cables","DataDisk","Whetstone"],"potions_floor_usage":[23,42,50,50,50],"damage_taken":[{"damage":1,"enemies":"Jaw Worm","floor":1,"turns":4},{"damage":5,"enemies":"Small Slimes","floor":3,"turns":2},{"damage":0,"enemies":"2 Louse","floor":7,"turns":2},{"damage":0,"enemies":"Looter","floor":13,"turns":2},{"damage":5,"enemies":"Red Slaver","floor":14,"turns":2},{"damage":11,"enemies":"The Guardian","floor":16,"turns":12},{"damage":4,"enemies":"3 Byrds","floor":18,"turns":4},{"damage":0,"enemies":"Spheric Guardian","floor":19,"turns":3},{"damage":8,"enemies":"Centurion and Healer","floor":20,"turns":5},{"damage":6,"enemies":"Shelled Parasite and Fungi","floor":21,"turns":5},{"damage":33,"enemies":"Slavers","floor":23,"turns":3},{"damage":4,"enemies":"Cultist and Chosen","floor":24,"turns":5},{"damage":8,"enemies":"Gremlin Leader","floor":31,"turns":6},{"damage":22,"enemies":"Automaton","floor":33,"turns":8},{"damage":2,"enemies":"Orb Walker","floor":35,"turns":3},{"damage":11,"enemies":"3 Shapes","floor":37,"turns":4},{"damage":0,"enemies":"Mind Bloom Boss Battle","floor":39,"turns":4},{"damage":15,"enemies":"Reptomancer","floor":42,"turns":6},{"damage":8,"enemies":"Writhing Mass","floor":47,"turns":4},{"damage":0,"enemies":"Sphere and 2 Shapes","floor":48,"turns":3},{"damage":42,"enemies":"Time Eater","floor":50,"turns":6}],"seed_played":"1253224441516317759","potions_obtained":[{"floor":1,"key":"GamblersBrew"},{"floor":14,"key":"SpeedPotion"},{"floor":18,"key":"Weak Potion"},{"floor":24,"key":"Explosive Potion"},{"floor":33,"key":"Block Potion"},{"floor":39,"key":"Fruit Juice"},{"floor":42,"key":"Explosive Potion"}],"is_trial":false,"path_per_floor":["M","$","M","?","?","R","M","R","T","R","?","T","M","M","R","B",null,"M","M","M","M","?","E","M","R","T","$","?","$","R","E","R","B",null,"M","$","M","?","?","R","?","E","T","R","$","R","M","M","R","B",null],"character_chosen":"DEFECT","items_purchased":["Sunder","Symbiotic Virus","Whetstone"],"campfire_rested":2,"item_purchase_floors":[2,27,45],"current_hp_per_floor":[74,74,69,76,65,65,65,65,65,65,65,65,65,60,60,49,79,75,75,67,61,61,28,24,24,24,24,24,24,47,39,62,40,79,77,77,66,66,66,75,75,65,65,74,74,83,75,75,84,42],"gold":34,"neow_bonus":"RANDOM_COMMON_RELIC","is_prod":false,"is_daily":false,"chose_seed":false,"campfire_upgraded":9,"win_rate":0,"timestamp":1543814534,"path_taken":["M","$","M","?","?","R","M","R","T","R","?","?","M","?","R","BOSS","M","M","M","M","?","E","M","R","T","$","?","$","R","E","R","BOSS","M","$","M","?","?","R","?","E","T","R","$","R","?","M","R","BOSS"],"build_version":"2018-11-15","purchased_purges":4,"victory":true,"max_hp_per_floor":[75,75,75,85,85,85,85,85,85,85,79,79,79,79,79,79,79,79,79,79,79,79,79,79,79,79,79,79,79,79,79,79,79,79,79,79,79,79,79,79,79,84,84,84,84,84,84,84,84,84],"card_choices":[{"not_picked":["Rip and Tear","Barrage"],"picked":"Cold Snap","floor":1},{"not_picked":["Hologram","Coolheaded"],"picked":"Beam Cell","floor":3},{"not_picked":["Rip and Tear","Compile Driver"],"picked":"Fusion","floor":7},{"not_picked":["Stack","Sunder"],"picked":"Conserve Battery","floor":13},{"not_picked":["Consume","Coolheaded"],"picked":"Leap","floor":14},{"not_picked":["Amplify","Rainbow"],"picked":"Electrodynamics","floor":16},{"not_picked":["Conserve Battery+1","Redo+1"],"picked":"Rip and Tear","floor":18},{"not_picked":["Capacitor","Rip and Tear"],"picked":"Doom and Gloom","floor":19},{"not_picked":["Go for the Eyes","Leap"],"picked":"Capacitor","floor":20},{"not_picked":["Static Discharge+1","Go for the Eyes"],"picked":"Skim","floor":21},{"not_picked":["Barrage","All For One"],"picked":"Steam","floor":23},{"not_picked":["White Noise","Sweeping Beam"],"picked":"Defragment","floor":24},{"not_picked":["Stack","Auto Shields","Ball Lightning"],"picked":"SKIP","floor":31},{"not_picked":["All For One","Hyperbeam"],"picked":"Rainbow","floor":33},{"not_picked":["Redo","Turbo+1","Beam Cell+1"],"picked":"SKIP","floor":35},{"not_picked":["Ball Lightning","Genetic Algorithm","Gash+1"],"picked":"SKIP","floor":37},{"not_picked":["Redo+1","Self Repair","Leap+1"],"picked":"SKIP","floor":42},{"not_picked":["Conserve Battery+1","Core Surge","Turbo+1"],"picked":"SKIP","floor":47},{"not_picked":["FTL+1","Scrape","Barrage"],"picked":"SKIP","floor":48}],"player_experience":179138,"relics_obtained":[{"floor":9,"key":"Happy Flower"},{"floor":12,"key":"War Paint"},{"floor":23,"key":"Art of War"},{"floor":26,"key":"Pen Nib"},{"floor":31,"key":"Potion Belt"},{"floor":39,"key":"FossilizedHelix"},{"floor":42,"key":"Cables"},{"floor":43,"key":"DataDisk"}],"event_choices":[{"damage_healed":0,"gold_gain":0,"player_choice":"Success","damage_taken":3,"relics_obtained":["Pear"],"max_hp_gain":0,"max_hp_loss":0,"event_name":"Scrap Ooze","floor":4,"gold_loss":0},{"damage_healed":0,"gold_gain":75,"player_choice":"Gather Gold","damage_taken":11,"max_hp_gain":0,"max_hp_loss":0,"event_name":"World of Goop","floor":5,"gold_loss":0},{"damage_healed":0,"gold_gain":0,"player_choice":"Lose Max HP","damage_taken":0,"relics_obtained":["Golden Idol"],"max_hp_gain":0,"max_hp_loss":6,"event_name":"Golden Idol","floor":11,"gold_loss":0},{"cards_removed":["Strike_B"],"damage_healed":0,"gold_gain":0,"player_choice":"Gave Gold","damage_taken":0,"max_hp_gain":0,"max_hp_loss":0,"event_name":"Beggar","floor":22,"gold_loss":75},{"damage_healed":0,"gold_gain":0,"player_choice":"Inject Mutagens","damage_taken":0,"relics_obtained":["MutagenicStrength"],"max_hp_gain":0,"max_hp_loss":0,"event_name":"Drug Dealer","floor":28,"gold_loss":0},{"cards_removed":["Beam Cell"],"damage_healed":0,"gold_gain":0,"player_choice":"Removed Attack","damage_taken":0,"max_hp_gain":0,"max_hp_loss":0,"event_name":"Falling","floor":38,"gold_loss":0},{"damage_healed":0,"gold_gain":0,"player_choice":"Fight","damage_taken":0,"max_hp_gain":0,"max_hp_loss":0,"event_name":"MindBloom","floor":39,"gold_loss":0},{"damage_healed":0,"gold_gain":0,"player_choice":"Got Potions","damage_taken":0,"max_hp_gain":0,"max_hp_loss":0,"event_name":"Lab","floor":41,"gold_loss":0}],"is_beta":false,"boss_relics":[{"not_picked":["Fusion Hammer","Runic Dome"],"picked":"Runic Pyramid"},{"not_picked":["Snecko Eye","Calling Bell"],"picked":"Eternal Feather"}],"items_purged_floors":[27,29,36,45],"is_endless":false,"potions_floor_spawned":[1,14,18,19,24,33,39,42,48],"ascension_level":1}