{"gold_per_floor":[99,99,99,99,99,99,99,99,99,99,49,49,49,49,49,49,49,49,49,49,49,49,49,49,49,49,49,49,49,49,49,49,49,49,49,49,49,49,49,49,49,49,49,49,49,49,49,0,0,0],"floor_reached":51,"playtime":2679,"items_purged":[],"score":1111,"play_id":"37790991-7280-42a3-9146-6ad84b58455c","local_time":"20190926135454","is_ascension_mode":true,"campfire_choices":[{"data":"Eruption","floor":6.0,"key":"SMITH"},{"floor":8.0,"key":"REST"},{"data":"CrushJoints","floor":15.0,"key":"SMITH"},{"floor":29.0,"key":"REST"},{"floor":32.0,"key":"REST"},{"floor":41.0,"key":"REST"},{"floor":49.0,"key":"REST"}],"neow_cost":"NONE","seed_source_timestamp":0,"circlet_count":0,"master_deck":["Strike_P","Strike_P+1","Strike_P","Defend_P","Defend_P","Defend_P","Eruption+1","Vigilance","Consecrate","CrushJoints+1","Weave+1","ClearTheMind","SandsOfTime","SashWhip","CutThroughFate+1","CutThroughFate+1","DeusExMachina","WheelKick+1","Wireheading+1","Protect","Protect+1","WindmillStrike+1","Vault+1","SandsOfTime+1","Wallop+1","EmptyFist+1","Crescendo+1","ThirdEye+1","CutThroughFate+1"],"special_seed":0,"relics":["Ectoplasm","Omamori","Centennial Puzzle","Molten Egg 2","Fusion Hammer","MutagenicStrength","Ornamental Fan","PreservedInsect","Whetstone","Incense Burner","Snecko Eye","Juzu Bracelet","Strawberry","Turnip","Smiling Mask","Pocketwatch","Red Mask"],"potions_floor_usage":[50,50,50],"damage_taken":[{"damage":0.0,"enemies":"Jaw Worm","floor":1.0,"turns":2.0},{"damage":6.0,"enemies":"2 Louse","floor":2.0,"turns":2.0},{"damage":0.0,"enemies":"Cultist","floor":3.0,"turns":2.0},{"damage":8.0,"enemies":"Blue Slaver","floor":4.0,"turns":3.0},{"damage":5.0,"enemies":"Exordium Thugs","floor":7.0,"turns":5.0},{"damage":23.0,"enemies":"Gremlin Nob","floor":10.0,"turns":4.0},{"damage":0.0,"enemies":"Lots of Slimes","floor":12.0,"turns":1.0},{"damage":10.0,"enemies":"3 Sentries","floor":13.0,"turns":3.0},{"damage":0.0,"enemies":"2 Fungi Beasts","floor":14.0,"turns":1.0},{"damage":0.0,"enemies":"Slime Boss","floor":16.0,"turns":3.0},{"damage":0.0,"enemies":"3 Byrds","floor":18.0,"turns":3.0},{"damage":0.0,"enemies":"2 Thieves","floor":20.0,"turns":1.0},{"damage":7.0,"enemies":"Shelled Parasite and Fungi","floor":22.0,"turns":2.0},{"damage":9.0,"enemies":"Book of Stabbing","floor":23.0,"turns":2.0},{"damage":5.0,"enemies":"Snake Plant","floor":25.0,"turns":2.0},{"damage":16.0,"enemies":"Slavers","floor":28.0,"turns":2.0},{"damage":2.0,"enemies":"Book of Stabbing","floor":30.0,"turns":2.0},{"damage":0.0,"enemies":"Snecko","floor":31.0,"turns":2.0},{"damage":2.0,"enemies":"Automaton","floor":33.0,"turns":5.0},{"damage":0.0,"enemies":"3 Shapes","floor":35.0,"turns":2.0},{"damage":1.0,"enemies":"3 Darklings","floor":37.0,"turns":3.0},{"damage":20.0,"enemies":"Writhing Mass","floor":38.0,"turns":2.0},{"damage":0.0,"enemies":"Spire Growth","floor":39.0,"turns":2.0},{"damage":0.0,"enemies":"Nemesis","floor":40.0,"turns":3.0},{"damage":0.0,"enemies":"Giant Head","floor":42.0,"turns":3.0},{"damage":0.0,"enemies":"Reptomancer","floor":44.0,"turns":3.0},{"damage":0.0,"enemies":"Mind Bloom Boss Battle","floor":45.0,"turns":2.0},{"damage":1.0,"enemies":"Transient","floor":47.0,"turns":5.0},{"damage":69,"enemies":"Time Eater","floor":50,"turns":7}],"seed_played":"-3965670418850077065","potions_obtained":[{"floor":1.0,"key":"Strength Potion"},{"floor":4.0,"key":"DuplicationPotion"},{"floor":10.0,"key":"Swift Potion"},{"floor":14.0,"key":"Strength Potion"},{"floor":20.0,"key":"Energy Potion"},{"floor":25.0,"key":"FearPotion"},{"floor":33.0,"key":"PowerPotion"},{"floor":35.0,"key":"StancePotion"},{"floor":37.0,"key":"PowerPotion"}],"is_trial":false,"path_per_floor":["M","M","M","M","?","R","M","R","T","E","?","M","E","M","R","B",null,"M","?","M","?","M","E","$","M","T","$","E","R","E","M","R","B",null,"M","?","M","M","M","E","R","E","T","E","?","$","M","?","R","B",null],"character_chosen":"WATCHER","items_purchased":[],"campfire_rested":5,"item_purchase_floors":[],"current_hp_per_floor":[65,59,59,51,44,44,39,58,58,35,35,35,25,25,25,25,65,65,65,65,65,58,49,49,44,44,44,28,47,45,45,64,62,65,65,65,64,44,44,44,63,70,70,70,70,70,69,69,72,3],"gold":0,"neow_bonus":"BOSS_RELIC","is_prod":false,"is_daily":false,"chose_seed":false,"campfire_upgraded":2,"win_rate":1,"timestamp":1569524094,"path_taken":["M","M","M","M","?","R","M","R","T","E","?","M","E","M","R","BOSS","M","?","?","?","M","E","?","M","T","$","E","R","E","?","R","BOSS","M","?","?","M","?","E","R","E","T","E","?","$","M","?","R","BOSS"],"build_version":"2019-09-25","purchased_purges":0,"victory":true,"max_hp_per_floor":[65,65,65,65,65,65,65,65,65,65,65,65,65,65,65,65,65,65,65,65,65,65,65,65,65,65,65,65,65,65,65,65,65,65,65,65,65,65,65,65,65,72,72,72,72,72,72,72,72,72],"card_choices":[{"not_picked":["FlowState","Meditate"],"picked":"Consecrate","floor":1.0},{"not_picked":["EmptyFist","Conclude"],"picked":"CrushJoints","floor":2.0},{"not_picked":["MentalFortress","BowlingBash"],"picked":"Weave","floor":3.0},{"not_picked":["EmptyBody","Weave"],"picked":"ClearTheMind","floor":4.0},{"not_picked":["ForeignInfluence","ClearTheMind","SpiritShield"],"picked":"SKIP","floor":7.0},{"not_picked":["Nirvana","CleanseEvil"],"picked":"SandsOfTime","floor":10.0},{"not_picked":["Conclude","Weave"],"picked":"SashWhip","floor":12.0},{"not_picked":["Crescendo","Brilliance"],"picked":"CutThroughFate","floor":13.0},{"not_picked":["Prostrate","CrushJoints+1"],"picked":"CutThroughFate+1","floor":14.0},{"not_picked":["Unraveling","Pray"],"picked":"DeusExMachina","floor":16.0},{"not_picked":["MentalFortress+1","EmptyFist+1"],"picked":"WheelKick+1","floor":18.0},{"not_picked":["ThirdEye","ClearTheMind+1"],"picked":"Wireheading","floor":20.0},{"not_picked":["SashWhip+1","PathToVictory"],"picked":"Protect","floor":22.0},{"not_picked":["CleanseEvil","Meditate"],"picked":"Protect+1","floor":23.0},{"not_picked":["DeceiveReality","FollowUp+1"],"picked":"WindmillStrike+1","floor":25.0},{"not_picked":["MentalFortress+1","ThirdEye+1"],"picked":"Vault+1","floor":28.0},{"not_picked":["Ragnarok+1","PathToVictory","Conclude+1"],"picked":"SKIP","floor":30.0},{"not_picked":["FlyingSleeves+1","SpiritShield"],"picked":"SandsOfTime+1","floor":31.0},{"not_picked":["SashWhip+1","WaveOfTheHand","ThirdEye"],"picked":"SKIP","floor":35.0},{"not_picked":["FlyingSleeves+1","FearNoEvil+1"],"picked":"Wallop+1","floor":37.0},{"not_picked":["BowlingBash+1","Fasting+1"],"picked":"EmptyFist+1","floor":38.0},{"not_picked":["EmptyBody","SashWhip+1","Collect"],"picked":"SKIP","floor":39.0},{"not_picked":["PathToVictory","Tantrum+1"],"picked":"Crescendo+1","floor":40.0},{"not_picked":["Worship+1","Indignation+1"],"picked":"ThirdEye+1","floor":42.0},{"not_picked":["Scrawl+1","ClearTheMind"],"picked":"CutThroughFate+1","floor":44.0},{"not_picked":["ForeignInfluence+1","Protect","FlurryOfBlows+1"],"picked":"SKIP","floor":47.0}],"player_experience":149897,"relics_obtained":[{"floor":9.0,"key":"Omamori"},{"floor":10.0,"key":"Centennial Puzzle"},{"floor":13.0,"key":"Molten Egg 2"},{"floor":23.0,"key":"Ornamental Fan"},{"floor":26.0,"key":"PreservedInsect"},{"floor":28.0,"key":"Whetstone"},{"floor":30.0,"key":"Incense Burner"},{"floor":40.0,"key":"Juzu Bracelet"},{"floor":42.0,"key":"Strawberry"},{"floor":43.0,"key":"Turnip"},{"floor":44.0,"key":"Smiling Mask"},{"floor":45.0,"key":"Pocketwatch"}],"event_choices":[{"cards_removed":["Defend_P"],"damage_healed":0.0,"max_hp_gain":0.0,"max_hp_loss":0.0,"gold_gain":0.0,"event_name":"Golden Wing","player_choice":"Card Removal","floor":5.0,"gold_loss":0.0,"damage_taken":7.0},{"cards_removed":["Strike_P"],"damage_healed":0.0,"max_hp_gain":0.0,"max_hp_loss":0.0,"gold_gain":0.0,"event_name":"The Cleric","player_choice":"Card Removal","floor":11.0,"gold_loss":50.0,"damage_taken":0.0},{"damage_healed":0.0,"max_hp_gain":0.0,"max_hp_loss":0.0,"gold_gain":0.0,"event_name":"N\u0027loth","player_choice":"Ignored","floor":19.0,"gold_loss":0.0,"damage_taken":0.0},{"damage_healed":0.0,"max_hp_gain":0.0,"max_hp_loss":0.0,"gold_gain":0.0,"event_name":"Drug Dealer","player_choice":"Inject Mutagens","floor":21.0,"gold_loss":0.0,"damage_taken":0.0,"relics_obtained":["MutagenicStrength"]},{"damage_healed":0.0,"max_hp_gain":0.0,"max_hp_loss":0.0,"gold_gain":0.0,"event_name":"Accursed Blacksmith","player_choice":"Forge","floor":36.0,"gold_loss":0.0,"damage_taken":0.0,"cards_upgraded":["Wireheading"]},{"damage_healed":0.0,"max_hp_gain":0.0,"max_hp_loss":0.0,"gold_gain":0.0,"event_name":"MindBloom","player_choice":"Fight","floor":45.0,"gold_loss":0.0,"damage_taken":0.0},{"damage_healed":0.0,"max_hp_gain":0.0,"max_hp_loss":0.0,"gold_gain":0.0,"event_name":"Tomb of Lord Red Mask","player_choice":"Paid","floor":48.0,"gold_loss":49.0,"damage_taken":0.0,"relics_obtained":["Red Mask"]}],"is_beta":true,"boss_relics":[{"not_picked":["Astrolabe","Velvet Choker"],"picked":"Fusion Hammer"},{"not_picked":["Runic Dome","Tiny House"],"picked":"Snecko Eye"}],"items_purged_floors":[],"is_endless":false,"potions_floor_spawned":[1,4,10,14,20,25,33,35,37,39,45],"ascension_level":4}