{"gold_per_floor":[119,139,18,38,48,58,58,58,85,114,128,83,83,96,96,199,199,217,236,80,94,106,106],"floor_reached":23,"playtime":1968,"items_purged":["Strike_G"],"score":197,"play_id":"7d8f0d0a-cae3-4bb5-a1ea-e14ca80cc939","local_time":"20181122101755","is_ascension_mode":false,"campfire_choices":[{"data":"Neutralize","floor":7,"key":"SMITH"},{"floor":13,"key":"REST"},{"data":"Poisoned Stab","floor":15,"key":"SMITH"}],"neow_cost":"NONE","seed_source_timestamp":736765568233047,"circlet_count":0,"master_deck":["Defend_G","Defend_G","Defend_G","Defend_G","Strike_G","Strike_G","Strike_G","Strike_G","Survivor","Neutralize+1","Dagger Throw","Crippling Poison","Poisoned Stab","Blade Dance","Backflip","Blade Dance","Flying Knee","Flying Knee","Poisoned Stab+1","A Thousand Cuts","Poisoned Stab","Heel Hook","Leg Sweep","Backstab"],"relics":["Ring of the Snake","Bronze Scales","Regal Pillow","White Beast Statue","Pen Nib"],"potions_floor_usage":[21,21,23],"damage_taken":[{"damage":0,"enemies":"2 Louse","floor":1,"turns":2},{"damage":0,"enemies":"Cultist","floor":2,"turns":4},{"damage":0,"enemies":"Jaw Worm","floor":4,"turns":4},{"damage":7,"enemies":"Blue Slaver","floor":5,"turns":5},{"damage":7,"enemies":"Looter","floor":6,"turns":2},{"damage":25,"enemies":"Gremlin Nob","floor":10,"turns":4},{"damage":1,"enemies":"2 Fungi Beasts","floor":11,"turns":3},{"damage":8,"enemies":"Red Slaver","floor":14,"turns":3},{"damage":28,"enemies":"Hexaghost","floor":16,"turns":9},{"damage":3,"enemies":"Shell Parasite","floor":18,"turns":5},{"damage":30,"enemies":"2 Thieves","floor":19,"turns":4},{"damage":5,"enemies":"Snake Plant","floor":21,"turns":5},{"damage":21,"enemies":"Centurion and Healer","floor":22,"turns":6},{"damage":24,"enemies":"Slavers","floor":23,"turns":1}],"seed_played":"6026713124771523404","potions_obtained":[{"floor":1,"key":"EssenceOfSteel"},{"floor":5,"key":"Explosive Potion"},{"floor":10,"key":"Strength Potion"},{"floor":14,"key":"Strength Potion"},{"floor":19,"key":"Ancient Potion"},{"floor":21,"key":"Swift Potion"},{"floor":22,"key":"Ancient Potion"}],"is_trial":false,"path_per_floor":["M","M","$","M","M","M","R","?","T","E","M","$","R","M","R","B",null,"M","M","$","M","M","E"],"character_chosen":"THE_SILENT","items_purchased":["Poisoned Stab","Poisoned Stab","Pen Nib"],"campfire_rested":1,"item_purchase_floors":[3,12,20],"current_hp_per_floor":[77,77,77,77,70,63,63,63,63,38,37,37,75,67,67,39,77,74,44,44,39,18,0],"gold":106,"neow_bonus":"TEN_PERCENT_HP_BONUS","is_prod":false,"is_daily":false,"chose_seed":false,"campfire_upgraded":2,"win_rate":0.0,"timestamp":1542903475,"path_taken":["M","M","$","M","M","M","R","?","T","E","?","$","R","M","R","BOSS","M","M","$","M","M","E"],"build_version":"2018-11-15","purchased_purges":1,"victory":false,"max_hp_per_floor":[77,77,77,77,77,77,77,77,77,77,77,77,77,77,77,77,77,77,77,77,77,77,77],"card_choices":[{"not_picked":["Caltrops","Deadly Poison"],"picked":"Dagger Throw","floor":1},{"not_picked":["Calculated Gamble","Escape Plan"],"picked":"Crippling Poison","floor":2},{"not_picked":["Expertise","Prepared"],"picked":"Blade Dance","floor":4},{"not_picked":["Blur","Deflect"],"picked":"Backflip","floor":5},{"not_picked":["Underhanded Strike","Blur"],"picked":"Blade Dance","floor":6},{"not_picked":["Reflex","All Out Attack"],"picked":"Flying Knee","floor":10},{"not_picked":["Dagger Throw","Flechettes"],"picked":"Flying Knee","floor":11},{"not_picked":["Outmaneuver","Flying Knee","Backflip"],"picked":"SKIP","floor":14},{"not_picked":["Die Die Die","Unload"],"picked":"A Thousand Cuts","floor":16},{"not_picked":["Blur","Slice"],"picked":"Poisoned Stab","floor":18},{"not_picked":["Flechettes+1","Tactician"],"picked":"Heel Hook","floor":19},{"not_picked":["Sucker Punch","Dagger Spray"],"picked":"Leg Sweep","floor":21},{"not_picked":["Blade Dance","Reflex+1"],"picked":"Backstab","floor":22}],"player_experience":4478,"relics_obtained":[{"floor":9,"key":"Bronze Scales"},{"floor":10,"key":"Regal Pillow"}],"event_choices":[{"cards_removed":["Defend_G"],"damage_healed":0,"gold_gain":0,"player_choice":"Offered Basic","damage_taken":0,"max_hp_gain":0,"max_hp_loss":0,"event_name":"Bonfire Elementals","floor":8,"gold_loss":0}],"is_beta":false,"boss_relics":[{"not_picked":["Snecko Eye","Runic Dome"],"picked":"White Beast Statue"}],"items_purged_floors":[3],"is_endless":false,"potions_floor_spawned":[1,5,10,14,18,19,21,22],"killed_by":"Slavers","ascension_level":0}