{"gold_per_floor":[117,117,127,145,165,193,193,222,249,276,172,172,192,204,204,276,276,286,305,40,40,40,40,40],"floor_reached":24,"playtime":1873,"items_purged":["Strike_G","Strike_G"],"score":434,"play_id":"4ab2ab70-eae9-4d00-893e-210935059171","local_time":"20190621211413","is_ascension_mode":true,"campfire_choices":[{"data":"Neutralize","floor":7.0,"key":"SMITH"},{"floor":12,"key":"REST"},{"data":"Quick Slash","floor":15,"key":"SMITH"},{"floor":23,"key":"REST"}],"neow_cost":"NONE","seed_source_timestamp":0,"circlet_count":0,"master_deck":["AscendersBane","Defend_G+1","Defend_G+1","Defend_G","Defend_G","Defend_G","Strike_G","Strike_G","Strike_G","Survivor","Neutralize+1","Die Die Die+1","Well Laid Plans","PiercingWail","Quick Slash+1","Noxious Fumes","Backflip","Backflip","Backflip","Adrenaline","Writhe","Heavy Blade"],"special_seed":0,"relics":["Ring of the Snake","Smiling Mask","Art of War","Lantern","War Paint","Snecko Eye","PrismaticShard","Dream Catcher"],"potions_floor_usage":[16,24,24],"damage_taken":[{"damage":0.0,"enemies":"2 Louse","floor":1.0,"turns":2.0},{"damage":0.0,"enemies":"Cultist","floor":3.0,"turns":4.0},{"damage":0.0,"enemies":"Small Slimes","floor":4.0,"turns":2.0},{"damage":0.0,"enemies":"2 Fungi Beasts","floor":5.0,"turns":3.0},{"damage":33.0,"enemies":"Gremlin Nob","floor":6.0,"turns":5.0},{"damage":22.0,"enemies":"Lagavulin","floor":8.0,"turns":10.0},{"damage":0.0,"enemies":"3 Sentries","floor":10.0,"turns":7.0},{"damage":2,"enemies":"Blue Slaver","floor":13,"turns":5},{"damage":0,"enemies":"Exordium Wildlife","floor":14,"turns":3},{"damage":5,"enemies":"Hexaghost","floor":16,"turns":14},{"damage":13,"enemies":"Shell Parasite","floor":18,"turns":10},{"damage":22,"enemies":"Spheric Guardian","floor":19,"turns":7},{"damage":40,"enemies":"Gremlin Leader","floor":24,"turns":6}],"seed_played":"511577092401084469","potions_obtained":[{"floor":3.0,"key":"Weak Potion"},{"floor":4.0,"key":"Block Potion"},{"floor":6.0,"key":"Ancient Potion"},{"floor":10,"key":"Strength Potion"},{"floor":14,"key":"Poison Potion"},{"floor":19,"key":"Weak Potion"}],"is_trial":false,"path_per_floor":["M","?","M","M","M","E","R","E","T","E","$","R","M","M","R","B",null,"M","M","$","?","?","R","E"],"character_chosen":"THE_SILENT","items_purchased":["Block Potion","PrismaticShard"],"campfire_rested":2,"item_purchase_floors":[11,20],"current_hp_per_floor":[59,59,59,59,59,26,26,4,4,4,4,23,21,21,21,16,54,41,19,19,19,19,38,0],"gold":40,"neow_bonus":"ONE_RANDOM_RARE_CARD","is_prod":false,"is_daily":false,"chose_seed":false,"campfire_upgraded":2,"win_rate":0,"timestamp":1561169653,"path_taken":["M","?","M","M","M","E","R","E","T","E","$","R","M","M","R","BOSS","M","M","$","?","?","R","E"],"build_version":"2019-01-23","purchased_purges":2,"victory":false,"max_hp_per_floor":[66,66,66,66,66,66,66,66,66,66,66,66,66,66,66,66,66,66,66,66,66,66,66,66],"card_choices":[{"not_picked":["Acrobatics","Poisoned Stab"],"picked":"Well Laid Plans","floor":1.0},{"not_picked":["Prepared","Escape Plan"],"picked":"PiercingWail","floor":3.0},{"not_picked":["Dagger Throw","Backflip"],"picked":"Quick Slash","floor":4.0},{"not_picked":["Reflex","Heel Hook","Bane"],"picked":"SKIP","floor":5.0},{"not_picked":["Choke","Dagger Throw"],"picked":"Noxious Fumes","floor":6.0},{"not_picked":["Acrobatics","Dodge and Roll"],"picked":"Backflip","floor":8.0},{"not_picked":["Dagger Throw","Sucker Punch","Storm of Steel"],"picked":"SKIP","floor":10},{"not_picked":["Prepared","Flying Knee"],"picked":"Backflip","floor":13},{"not_picked":["Blur","Eviscerate"],"picked":"Backflip","floor":14},{"not_picked":["Tools of the Trade","Burst"],"picked":"Adrenaline","floor":16},{"not_picked":["Quick Slash","Accuracy","Bane+1"],"picked":"SKIP","floor":18},{"not_picked":["Slice","Quick Slash","All Out Attack+1"],"picked":"SKIP","floor":19},{"not_picked":["Barrage","Bloodletting"],"picked":"Heavy Blade","floor":23}],"player_experience":620155,"relics_obtained":[{"floor":6.0,"key":"Smiling Mask"},{"floor":8.0,"key":"Art of War"},{"floor":9.0,"key":"Lantern"},{"floor":10,"key":"War Paint"}],"event_choices":[{"damage_healed":0.0,"max_hp_gain":0.0,"max_hp_loss":0.0,"gold_gain":0.0,"event_name":"Upgrade Shrine","player_choice":"Upgraded","floor":2.0,"gold_loss":0.0,"damage_taken":0.0,"cards_upgraded":["Die Die Die"]},{"damage_healed":0,"gold_gain":0,"player_choice":"Ignored","damage_taken":0,"max_hp_gain":0,"max_hp_loss":0,"event_name":"Cursed Tome","floor":21,"gold_loss":0},{"damage_healed":0,"gold_gain":0,"player_choice":"Opened","damage_taken":0,"relics_obtained":["Dream Catcher"],"max_hp_gain":0,"max_hp_loss":0,"event_name":"The Mausoleum","floor":22,"gold_loss":0,"cards_obtained":["Writhe"]}],"is_beta":false,"boss_relics":[{"not_picked":["Busted Crown","Black Star"],"picked":"Snecko Eye"}],"items_purged_floors":[11,20],"is_endless":false,"potions_floor_spawned":[3,4,6,10,13,14,19],"killed_by":"Gremlin Leader","ascension_level":16}