{"gold_per_floor":[116,135,154,7,7,35,35,47,47,59,24,52,52,52,52,157,157,176,176,101,113,113,140,160,160,208,108,123,123,136,61,61,159,159,176,187,236,247,247],"floor_reached":39,"playtime":3244,"items_purged":["Defend_R","Defend_R"],"score":461,"play_id":"2a373a3f-6f4c-41c5-b7ad-eb22fd3858b9","local_time":"20181123180317","is_ascension_mode":false,"campfire_choices":[{"data":"Shrug It Off","floor":7,"key":"SMITH"},{"data":"Infernal Blade","floor":13,"key":"SMITH"},{"data":"Flex","floor":15,"key":"SMITH"},{"data":"Flex","floor":25,"key":"SMITH"},{"data":"Strike_R","floor":29,"key":"SMITH"},{"floor":32,"key":"REST"}],"neow_cost":"NONE","seed_source_timestamp":849813304887750,"circlet_count":0,"master_deck":["Strike_R","Strike_R","Strike_R","Strike_R+1","Defend_R+1","Defend_R","Bash","Heavy Blade","Flex+1","Second Wind","Shrug It Off+1","Twin Strike","Infernal Blade+1","Flex+1","Flex+1","Anger","Thunderclap","Demon Form","Metallicize+1"],"relics":["Black Blood","Lantern","Sundial","Gambling Chip","Pocketwatch","Shuriken","Enchiridion","Omamori","Vajra","Lizard Tail","FossilizedHelix"],"potions_floor_usage":[10,23,35,37,37,38,38],"damage_taken":[{"damage":5,"enemies":"2 Louse","floor":1,"turns":3},{"damage":6,"enemies":"Jaw Worm","floor":2,"turns":3},{"damage":1,"enemies":"Cultist","floor":3,"turns":3},{"damage":32,"enemies":"3 Sentries","floor":6,"turns":10},{"damage":4,"enemies":"3 Louse","floor":8,"turns":4},{"damage":13,"enemies":"Large Slime","floor":10,"turns":5},{"damage":5,"enemies":"Gremlin Nob","floor":12,"turns":3},{"damage":0,"enemies":"Slime Boss","floor":16,"turns":5},{"damage":5,"enemies":"Spheric Guardian","floor":18,"turns":3},{"damage":33,"enemies":"Shell Parasite","floor":21,"turns":4},{"damage":11,"enemies":"Book of Stabbing","floor":23,"turns":3},{"damage":12,"enemies":"3 Cultists","floor":24,"turns":4},{"damage":4,"enemies":"Cultist and Chosen","floor":28,"turns":3},{"damage":21,"enemies":"Snake Plant","floor":30,"turns":2},{"damage":64,"enemies":"Champ","floor":33,"turns":7},{"damage":24,"enemies":"3 Darklings","floor":35,"turns":4},{"damage":15,"enemies":"Orb Walker","floor":36,"turns":2},{"damage":48,"enemies":"2 Orb Walkers","floor":37,"turns":4},{"damage":40,"enemies":"Spire Growth","floor":38,"turns":5},{"damage":55,"enemies":"Transient","floor":39,"turns":5}],"seed_played":"-1663411500186354473","potions_obtained":[{"floor":6,"key":"AttackPotion"},{"floor":10,"key":"SneckoOil"},{"floor":12,"key":"LiquidBronze"},{"floor":23,"key":"Ancient Potion"},{"floor":28,"key":"SpeedPotion"},{"floor":30,"key":"BloodPotion"},{"floor":35,"key":"SkillPotion"},{"floor":37,"key":"Weak Potion"}],"is_trial":false,"path_per_floor":["M","M","M","$","?","E","R","M","T","M","?","E","R","T","R","B",null,"M","?","$","M","?","E","M","R","T","$","M","R","M","?","R","B",null,"M","M","?","M","M"],"character_chosen":"IRONCLAD","items_purchased":["Lantern"],"campfire_rested":1,"item_purchase_floors":[4],"current_hp_per_floor":[88,88,88,88,70,44,44,46,46,39,61,62,62,62,62,68,88,88,88,88,65,49,48,46,46,46,46,52,52,41,41,67,13,88,74,69,39,54,0],"gold":247,"neow_bonus":"TEN_PERCENT_HP_BONUS","is_prod":false,"is_daily":false,"chose_seed":false,"campfire_upgraded":5,"win_rate":0.0,"timestamp":1543017797,"path_taken":["M","M","M","$","?","E","R","M","T","M","?","E","R","?","R","BOSS","M","?","$","M","?","E","M","R","T","$","M","R","M","?","R","BOSS","M","M","?","M","M"],"build_version":"2018-11-15","purchased_purges":2,"victory":false,"max_hp_per_floor":[88,88,88,88,88,88,88,88,88,88,88,88,88,88,88,88,88,88,88,88,88,88,88,88,88,88,88,88,88,88,88,88,88,88,88,88,88,88,88],"card_choices":[{"not_picked":["Warcry","Carnage"],"picked":"Heavy Blade","floor":1},{"not_picked":["Clothesline","Armaments"],"picked":"Flex","floor":2},{"not_picked":["Perfected Strike","Clothesline"],"picked":"Second Wind","floor":3},{"not_picked":["Bludgeon","Sword Boomerang"],"picked":"Shrug It Off","floor":6},{"not_picked":["Hemokinesis","Rupture"],"picked":"Twin Strike","floor":8},{"not_picked":["True Grit","Shrug It Off"],"picked":"Infernal Blade","floor":10},{"not_picked":["Clothesline","Corruption"],"picked":"Flex","floor":12},{"not_picked":["True Grit","Intimidate+1"],"picked":"Flex","floor":18},{"not_picked":["Twin Strike","Clothesline"],"picked":"Anger","floor":21},{"not_picked":["Second Wind","Fire Breathing","Heavy Blade"],"picked":"SKIP","floor":23},{"not_picked":["Heavy Blade","Headbutt","True Grit"],"picked":"SKIP","floor":24},{"not_picked":["Perfected Strike","Anger","Searing Blow"],"picked":"SKIP","floor":28},{"not_picked":["Flame Barrier","Perfected Strike"],"picked":"Thunderclap","floor":30},{"not_picked":["Impervious","Juggernaut"],"picked":"Demon Form","floor":33},{"not_picked":["Anger+1","Sever Soul+1"],"picked":"Metallicize+1","floor":35},{"not_picked":["Thunderclap","Power Through","Heavy Blade"],"picked":"SKIP","floor":36},{"not_picked":["Brutality","Headbutt","Combust+1"],"picked":"SKIP","floor":38}],"player_experience":55824,"relics_obtained":[{"floor":6,"key":"Sundial"},{"floor":9,"key":"Gambling Chip"},{"floor":12,"key":"Pocketwatch"},{"floor":14,"key":"Shuriken"},{"floor":22,"key":"Enchiridion"},{"floor":23,"key":"Omamori"},{"floor":26,"key":"Vajra"},{"floor":37,"key":"FossilizedHelix"}],"event_choices":[{"damage_healed":0,"gold_gain":0,"player_choice":"Entered Light","damage_taken":18,"max_hp_gain":0,"max_hp_loss":0,"event_name":"Shining Light","floor":5,"gold_loss":0,"cards_upgraded":["Defend_R","Flex"]},{"damage_healed":22,"gold_gain":0,"player_choice":"Healed","damage_taken":0,"max_hp_gain":0,"max_hp_loss":0,"event_name":"The Cleric","floor":11,"gold_loss":35},{"damage_healed":0,"gold_gain":0,"player_choice":"Ignored","damage_taken":0,"max_hp_gain":0,"max_hp_loss":0,"event_name":"Ghosts","floor":19,"gold_loss":0},{"damage_healed":0,"gold_gain":0,"player_choice":"Obtained Book","damage_taken":16,"max_hp_gain":0,"max_hp_loss":0,"event_name":"Cursed Tome","floor":22,"gold_loss":0},{"cards_removed":["Strike_R"],"damage_healed":0,"gold_gain":0,"player_choice":"Gave Gold","damage_taken":0,"max_hp_gain":0,"max_hp_loss":0,"event_name":"Beggar","floor":31,"gold_loss":75},{"damage_healed":0,"gold_gain":0,"player_choice":"Fight","damage_taken":0,"max_hp_gain":0,"max_hp_loss":0,"event_name":"Mysterious Sphere","floor":37,"gold_loss":0}],"is_beta":false,"boss_relics":[{"not_picked":["Philosopher\u0027s Stone","Calling Bell"],"picked":"Black Blood"},{"not_picked":["Snecko Eye","Busted Crown"],"picked":"Lizard Tail"}],"items_purged_floors":[20,27],"is_endless":false,"potions_floor_spawned":[6,10,12,23,28,30,35,37],"killed_by":"Transient","ascension_level":0}