{"gold_per_floor":[112,112,41,53,53,53,80,99,122,47,47,47,77,90,90,190,190,200,115,128,138,138,38,38,56,105,105,136,159,491,401,401,498,498,509,609,623,417,433,433,83,95,168,203,203,216,216,23,23,23],"floor_reached":51,"playtime":4045,"items_purged":["Defend_B","Defend_B","Dualcast","Strike_B+1"],"score":889,"play_id":"06d2204a-f3bd-449d-8568-97e19408dace","local_time":"20190110163135","is_ascension_mode":true,"campfire_choices":[{"data":"Ball Lightning","floor":6,"key":"SMITH"},{"floor":12,"key":"REST"},{"data":"Go for the Eyes","floor":15,"key":"SMITH"},{"data":"Machine Learning","floor":24,"key":"SMITH"},{"data":"Capacitor","floor":27,"key":"SMITH"},{"data":"Rip and Tear","floor":32,"key":"SMITH"},{"floor":40,"key":"REST"},{"floor":49,"key":"REST"}],"neow_cost":"PERCENT_DAMAGE","seed_source_timestamp":126987685491016,"circlet_count":0,"master_deck":["Strike_B+1","Defend_B","Defend_B","Zap","Ball Lightning+1","Auto Shields","Capacitor+1","Defragment+1","Glacier","Reinforced Body","Ball Lightning+1","Compile Driver","FTL","Barrage","Go for the Eyes+1","Machine Learning+1","Rainbow","Undo+1","Reinforced Body+1","Glacier+1","Sweeping Beam+1","Hologram","Coolheaded+1","Rip and Tear+1","Echo Form","Loop","Ball Lightning","Hologram+1","Electrodynamics","Capacitor"],"relics":["Cracked Core","Prayer Wheel","Oddly Smooth Stone","Blood Vial","Happy Flower","Sozu","Bag of Marbles","Omamori","Mercury Hourglass","Whetstone","Old Coin","Fusion Hammer","Torii","Runic Capacitor","Bottled Tornado","Pantograph","Lee\u0027s Waffle"],"potions_floor_usage":[7,39,50],"damage_taken":[{"damage":0,"enemies":"2 Louse","floor":1,"turns":1},{"damage":0,"enemies":"Cultist","floor":4,"turns":3},{"damage":15,"enemies":"Gremlin Nob","floor":7,"turns":5},{"damage":6,"enemies":"Jaw Worm","floor":8,"turns":3},{"damage":6,"enemies":"3 Sentries","floor":13,"turns":6},{"damage":0,"enemies":"Looter","floor":14,"turns":2},{"damage":24,"enemies":"Hexaghost","floor":16,"turns":7},{"damage":1,"enemies":"2 Thieves","floor":18,"turns":4},{"damage":2,"enemies":"3 Byrds","floor":20,"turns":4},{"damage":12,"enemies":"Snake Plant","floor":21,"turns":4},{"damage":0,"enemies":"Cultist and Chosen","floor":25,"turns":5},{"damage":2,"enemies":"Book of Stabbing","floor":28,"turns":7},{"damage":14,"enemies":"Gremlin Leader","floor":30,"turns":7},{"damage":10,"enemies":"Collector","floor":33,"turns":9},{"damage":13,"enemies":"3 Darklings","floor":35,"turns":4},{"damage":3,"enemies":"Mind Bloom Boss Battle","floor":36,"turns":6},{"damage":0,"enemies":"3 Shapes","floor":37,"turns":2},{"damage":18,"enemies":"Maw","floor":39,"turns":6},{"damage":0,"enemies":"Spire Growth","floor":42,"turns":5},{"damage":1,"enemies":"Nemesis","floor":44,"turns":7},{"damage":30,"enemies":"4 Shapes","floor":46,"turns":3},{"damage":7,"enemies":"Awakened One","floor":50,"turns":11}],"seed_played":"-544873549849236947","potions_obtained":[{"floor":1,"key":"PowerPotion"},{"floor":8,"key":"Swift Potion"},{"floor":13,"key":"FocusPotion"}],"is_trial":false,"path_per_floor":["M","?","$","M","?","R","E","M","T","$","?","R","E","M","R","B",null,"M","?","M","M","?","$","R","M","T","R","E","T","E","?","R","B",null,"M","?","M","$","M","R","$","M","T","E","?","M","?","$","R","B",null],"character_chosen":"DEFECT","items_purchased":["Capacitor","Capacitor","Runic Capacitor","Lee\u0027s Waffle"],"campfire_rested":3,"item_purchase_floors":[3,38,41,48],"current_hp_per_floor":[54,54,54,54,54,54,39,33,33,33,33,55,51,53,53,31,64,65,65,65,55,55,55,55,57,57,57,57,57,45,45,45,37,66,55,54,56,56,40,62,62,64,64,65,65,37,37,82,82,75],"gold":23,"neow_bonus":"ONE_RARE_RELIC","is_prod":false,"is_daily":false,"chose_seed":false,"campfire_upgraded":5,"win_rate":0,"timestamp":1547159495,"path_taken":["M","?","?","?","?","R","E","M","T","?","?","R","E","?","R","BOSS","M","?","M","M","?","$","R","?","T","R","E","?","E","?","R","BOSS","M","?","M","$","M","R","$","M","T","E","?","M","?","?","R","BOSS"],"build_version":"2019-01-03v4","purchased_purges":4,"victory":true,"max_hp_per_floor":[75,75,75,75,75,75,75,75,75,75,75,75,75,75,75,75,75,75,75,75,75,75,75,75,75,75,75,75,75,75,75,75,75,75,75,75,75,75,75,75,75,75,75,75,75,75,75,82,82,82],"card_choices":[{"not_picked":["Rebound","Sweeping Beam"],"picked":"Ball Lightning","floor":1},{"not_picked":["Steam","Leap"],"picked":"Auto Shields","floor":1},{"not_picked":["Streamline","Cold Snap"],"picked":"Defragment","floor":4},{"not_picked":["Gash","Compile Driver"],"picked":"Glacier","floor":4},{"not_picked":["Rebound","Creative AI"],"picked":"Reinforced Body","floor":7},{"not_picked":["Conserve Battery","Rebound"],"picked":"Ball Lightning","floor":8},{"not_picked":["Gash","FTL"],"picked":"Compile Driver","floor":8},{"not_picked":["Rip and Tear","Steam"],"picked":"Barrage","floor":13},{"not_picked":["Redo","Streamline"],"picked":"Go for the Eyes","floor":14},{"not_picked":["Turbo","Rebound"],"picked":"Machine Learning","floor":14},{"not_picked":["Hyperbeam","Meteor Strike"],"picked":"Rainbow","floor":16},{"not_picked":["Gash","Sunder"],"picked":"Undo+1","floor":18},{"not_picked":["Streamline+1","Genetic Algorithm+1","Redo"],"picked":"SKIP","floor":18},{"not_picked":["Gash","Force Field"],"picked":"Reinforced Body+1","floor":20},{"not_picked":["Sunder","Gash","White Noise"],"picked":"SKIP","floor":20},{"not_picked":["Blizzard+1","Conserve Battery"],"picked":"Glacier+1","floor":21},{"not_picked":["Beam Cell","Redo","Stack"],"picked":"SKIP","floor":21},{"not_picked":["Steam","Compile Driver+1"],"picked":"Sweeping Beam+1","floor":25},{"not_picked":["Steam","Beam Cell"],"picked":"Hologram","floor":25},{"not_picked":["Rebound","Recycle"],"picked":"Coolheaded+1","floor":28},{"not_picked":["Self Repair+1","Cold Snap"],"picked":"Rip and Tear","floor":30},{"not_picked":["Thunder Strike","Meteor Strike"],"picked":"Echo Form","floor":33},{"not_picked":["Streamline","Gash"],"picked":"Loop","floor":35},{"not_picked":["Barrage","Steam+1"],"picked":"Ball Lightning","floor":35},{"not_picked":["Sweeping Beam","Force Field+1"],"picked":"Hologram+1","floor":36},{"not_picked":["Barrage+1","Cold Snap+1"],"picked":"Electrodynamics","floor":37},{"not_picked":["Genetic Algorithm","Beam Cell+1","Turbo+1"],"picked":"SKIP","floor":37},{"not_picked":["Reprogram","Auto Shields+1","Barrage"],"picked":"SKIP","floor":39},{"not_picked":["Coolheaded","Doom and Gloom+1","Heatsinks+1"],"picked":"SKIP","floor":39},{"not_picked":["Self Repair+1","Creative AI","Streamline"],"picked":"SKIP","floor":42},{"not_picked":["Auto Shields","Gash","Coolheaded"],"picked":"SKIP","floor":42},{"not_picked":["Glacier+1","Sweeping Beam","Creative AI"],"picked":"SKIP","floor":44},{"not_picked":["Coolheaded","Storm+1","Steam+1"],"picked":"SKIP","floor":46},{"not_picked":["Cold Snap+1","Self Repair","Scrape"],"picked":"SKIP","floor":46}],"player_experience":387462,"relics_obtained":[{"floor":7,"key":"Oddly Smooth Stone"},{"floor":9,"key":"Blood Vial"},{"floor":13,"key":"Happy Flower"},{"floor":26,"key":"Omamori"},{"floor":28,"key":"Mercury Hourglass"},{"floor":29,"key":"Whetstone"},{"floor":30,"key":"Old Coin"},{"floor":36,"key":"Torii"},{"floor":43,"key":"Bottled Tornado"},{"floor":44,"key":"Pantograph"}],"event_choices":[{"cards_removed":["Strike_B"],"damage_healed":0,"gold_gain":0,"player_choice":"Offered Basic","damage_taken":0,"max_hp_gain":0,"max_hp_loss":0,"event_name":"Bonfire Elementals","floor":2,"gold_loss":0},{"damage_healed":0,"gold_gain":0,"player_choice":"Grow","damage_taken":0,"max_hp_gain":0,"max_hp_loss":0,"event_name":"Living Wall","floor":5,"gold_loss":0,"cards_upgraded":["Defragment"]},{"damage_healed":0,"gold_gain":0,"player_choice":"1 cards matched","damage_taken":0,"max_hp_gain":0,"max_hp_loss":0,"event_name":"Match and Keep!","floor":11,"gold_loss":0,"cards_obtained":["FTL"]},{"damage_healed":0,"gold_gain":0,"player_choice":"Obtained Relic","damage_taken":0,"relics_obtained":["Bag of Marbles"],"max_hp_gain":0,"max_hp_loss":0,"event_name":"Addict","floor":19,"gold_loss":85},{"damage_healed":0,"gold_gain":0,"player_choice":"Got Potions","damage_taken":0,"max_hp_gain":0,"max_hp_loss":0,"event_name":"Lab","floor":22,"gold_loss":0},{"cards_removed":["Strike_B"],"damage_healed":0,"gold_gain":0,"player_choice":"Upgrade and Remove","damage_taken":0,"max_hp_gain":0,"max_hp_loss":0,"event_name":"Designer","floor":31,"gold_loss":90,"cards_upgraded":["Ball Lightning"]},{"damage_healed":0,"gold_gain":0,"player_choice":"Fight","damage_taken":0,"max_hp_gain":0,"max_hp_loss":0,"event_name":"MindBloom","floor":36,"gold_loss":0},{"damage_healed":0,"gold_gain":0,"player_choice":"Memory 1","damage_taken":0,"max_hp_gain":0,"max_hp_loss":0,"event_name":"SensoryStone","floor":45,"gold_loss":0},{"damage_healed":0,"gold_gain":0,"player_choice":"Ignored","damage_taken":0,"max_hp_gain":0,"max_hp_loss":0,"event_name":"The Moai Head","floor":47,"gold_loss":0}],"is_beta":false,"boss_relics":[{"not_picked":["Philosopher\u0027s Stone","Calling Bell"],"picked":"Sozu"},{"not_picked":["Black Star","Nuclear Battery"],"picked":"Fusion Hammer"}],"items_purged_floors":[10,23,38,41],"is_endless":false,"potions_floor_spawned":[1,8,13,21,25,28,36,37],"ascension_level":5}