{"gold_per_floor":[113,113,86,97,97,97,126,126,126,1,1,15,30,30,30,109,109,128,146,146,0,48,48,48,48,48,48,63,14,40,55,55,133,133,145,70,70,70,70,70,90,90,145,145,27,27,0,35,35,35,35,35,35,61,61],"floor_reached":55,"playtime":3716,"items_purged":[],"score":1628,"play_id":"8e3c0b36-a279-42db-9655-39e03ce60bff","local_time":"20190616122623","is_ascension_mode":true,"campfire_choices":[{"data":"Barricade","floor":6,"key":"SMITH"},{"data":"Flame Barrier","floor":8,"key":"SMITH"},{"data":"Shrug It Off","floor":11,"key":"SMITH"},{"data":"Defend_R","floor":15,"key":"SMITH"},{"data":"Defend_R","floor":23,"key":"SMITH"},{"data":"Demon Form","floor":25,"key":"SMITH"},{"data":"Pommel Strike","floor":27,"key":"SMITH"},{"data":"Defend_R","floor":32,"key":"SMITH"},{"data":"Juggernaut","floor":40,"key":"SMITH"},{"floor":42,"key":"RECALL"},{"data":"Body Slam","floor":46,"key":"SMITH"},{"data":"Defend_R","floor":49,"key":"SMITH"},{"data":"Bash","floor":52,"key":"SMITH"}],"neow_cost":"NONE","seed_source_timestamp":82031062977980,"circlet_count":0,"master_deck":["AscendersBane","Defend_R+1","Defend_R+1","Defend_R+1","Defend_R+1","Bash+1","Anger","Shrug It Off+1","Barricade+1","Flame Barrier+1","Disarm+1","Havoc+1","Shrug It Off+1","Impervious+1","Demon Form+1","Warcry+1","Pommel Strike+1","Rage+1","Shrug It Off+1","Limit Break+1","Juggernaut+1","Entrench+1","Body Slam+1","PanicButton+1","Flame Barrier+1"],"relics":["Burning Blood","NeowsBlessing","Juzu Bracelet","Bottled Tornado","Toxic Egg 2","PreservedInsect","Coffee Dripper","Art of War","Boot","Bronze Scales","Busted Crown","Red Mask","Sundial","Bottled Lightning"],"potions_floor_usage":[16,30,48],"damage_taken":[{"damage":0,"enemies":"Cultist","floor":1,"turns":1},{"damage":0,"enemies":"Small Slimes","floor":4,"turns":1},{"damage":0,"enemies":"3 Sentries","floor":7,"turns":2},{"damage":4,"enemies":"Jaw Worm","floor":12,"turns":5},{"damage":1,"enemies":"2 Fungi Beasts","floor":13,"turns":6},{"damage":0,"enemies":"Hexaghost","floor":16,"turns":17},{"damage":0,"enemies":"Shell Parasite","floor":18,"turns":7},{"damage":0,"enemies":"Chosen","floor":19,"turns":8},{"damage":0,"enemies":"3 Cultists","floor":28,"turns":8},{"damage":0,"enemies":"Slavers","floor":30,"turns":8},{"damage":10,"enemies":"Chosen and Byrds","floor":31,"turns":6},{"damage":0,"enemies":"Champ","floor":33,"turns":9},{"damage":13,"enemies":"Orb Walker","floor":35,"turns":4},{"damage":23,"enemies":"3 Darklings","floor":41,"turns":5},{"damage":3,"enemies":"Nemesis","floor":48,"turns":7},{"damage":0,"enemies":"Donu and Deca","floor":50,"turns":8},{"damage":22,"enemies":"Shield and Spear","floor":54,"turns":7},{"damage":57,"enemies":"The Heart","floor":55,"turns":11}],"seed_played":"-2148542981463867958","potions_obtained":[{"floor":1,"key":"Weak Potion"},{"floor":7,"key":"GamblersBrew"},{"floor":19,"key":"Block Potion"},{"floor":28,"key":"SpeedPotion"},{"floor":30,"key":"SmokeBomb"}],"is_trial":false,"path_per_floor":["M","?","$","M","?","R","E","R","T","$","R","M","M","T","R","B",null,"M","M","?","$","T","R","?","R","T","R","M","$","E","M","R","B",null,"M","$","?","$","?","R","M","R","T","?","$","R","?","E","R","B",null,"R","$","E","B"],"character_chosen":"IRONCLAD","items_purchased":["Shrug It Off","Disarm+1","Havoc+1","Art of War","Shrug It Off+1","Entrench+1","Body Slam","PanicButton+1"],"campfire_rested":0,"item_purchase_floors":[3,10,10,21,29,36,45,45],"current_hp_per_floor":[74,63,63,69,62,62,68,68,68,68,68,70,75,75,75,75,75,75,75,75,75,75,75,75,75,75,75,75,75,75,71,71,75,75,68,68,75,75,75,75,58,58,58,58,58,58,58,61,61,67,70,70,70,54,0],"gold":61,"neow_bonus":"THREE_ENEMY_KILL","is_prod":false,"is_daily":false,"chose_seed":false,"campfire_upgraded":12,"win_rate":0,"timestamp":1560705983,"path_taken":["M","?","$","M","?","R","E","R","T","$","R","M","M","?","R","BOSS","M","M","?","$","?","R","?","R","T","R","M","?","E","M","R","BOSS","M","$","?","$","?","R","M","R","T","?","?","R","?","E","R","BOSS","R","$","E","BOSS"],"build_version":"2019-01-23","purchased_purges":0,"victory":false,"max_hp_per_floor":[75,75,75,75,75,75,75,75,75,75,75,75,75,75,75,75,75,75,75,75,75,75,75,75,75,75,75,75,75,75,75,75,75,75,75,75,75,75,75,75,75,75,75,71,71,71,71,71,71,71,71,71,71,71,71],"card_choices":[{"not_picked":["Seeing Red","Twin Strike"],"picked":"Anger","floor":1},{"not_picked":["Heavy Blade","Carnage"],"picked":"Barricade","floor":4},{"not_picked":["Perfected Strike","Havoc"],"picked":"Flame Barrier","floor":7},{"not_picked":["Clothesline","Thunderclap"],"picked":"Shrug It Off+1","floor":12},{"not_picked":["Clothesline","Headbutt"],"picked":"Impervious+1","floor":13},{"not_picked":["Fiend Fire","Offering+1"],"picked":"Demon Form","floor":16},{"not_picked":["Iron Wave","Clothesline"],"picked":"Warcry+1","floor":18},{"not_picked":["Twin Strike","Headbutt","Pommel Strike"],"picked":"SKIP","floor":19},{"not_picked":["Rupture","Iron Wave","Sword Boomerang"],"picked":"SKIP","floor":28},{"not_picked":["Twin Strike","Perfected Strike","Rampage+1"],"picked":"SKIP","floor":30},{"not_picked":["Feel No Pain","Wild Strike"],"picked":"Limit Break+1","floor":31},{"not_picked":["Dark Embrace","Limit Break+1"],"picked":"Juggernaut","floor":33},{"not_picked":["Perfected Strike"],"picked":"SKIP","floor":35},{"not_picked":["Perfected Strike"],"picked":"SKIP","floor":41},{"not_picked":["Heavy Blade+1"],"picked":"SKIP","floor":48},{"not_picked":[],"picked":"Flame Barrier+1","floor":54}],"player_experience":576981,"relics_obtained":[{"floor":7,"key":"Bottled Tornado"},{"floor":9,"key":"Toxic Egg 2"},{"floor":14,"key":"PreservedInsect"},{"floor":22,"key":"Boot"},{"floor":30,"key":"Bronze Scales"},{"floor":48,"key":"Sundial"},{"floor":54,"key":"Bottled Lightning"}],"event_choices":[{"damage_healed":0,"gold_gain":0,"player_choice":"Success","damage_taken":11,"relics_obtained":["Juzu Bracelet"],"max_hp_gain":0,"max_hp_loss":0,"event_name":"Scrap Ooze","floor":2,"gold_loss":0},{"cards_removed":["Strike_R"],"damage_healed":0,"gold_gain":0,"player_choice":"Card Removal","damage_taken":7,"max_hp_gain":0,"max_hp_loss":0,"event_name":"Golden Wing","floor":5,"gold_loss":0},{"damage_healed":0,"gold_gain":0,"cards_transformed":["Strike_R"],"player_choice":"Transformed","damage_taken":0,"max_hp_gain":0,"max_hp_loss":0,"event_name":"Transmorgrifier","floor":20,"gold_loss":0,"cards_obtained":["Pommel Strike"]},{"damage_healed":0,"gold_gain":0,"cards_transformed":["Strike_R","Strike_R"],"player_choice":"Became Test Subject","damage_taken":0,"max_hp_gain":0,"max_hp_loss":0,"event_name":"Drug Dealer","floor":24,"gold_loss":0,"cards_obtained":["Sever Soul","Rage"]},{"cards_removed":["Sever Soul"],"damage_healed":7,"gold_gain":0,"player_choice":"Offered Uncommon","damage_taken":0,"max_hp_gain":0,"max_hp_loss":0,"event_name":"Bonfire Elementals","floor":37,"gold_loss":0},{"cards_removed":["Strike_R"],"damage_healed":0,"gold_gain":0,"player_choice":"Removed Attack","damage_taken":0,"max_hp_gain":0,"max_hp_loss":0,"event_name":"Falling","floor":39,"gold_loss":0},{"damage_healed":0,"gold_gain":0,"player_choice":"Max HP","damage_taken":0,"max_hp_gain":0,"max_hp_loss":4,"event_name":"Winding Halls","floor":44,"gold_loss":0},{"damage_healed":0,"gold_gain":0,"player_choice":"Paid","damage_taken":0,"relics_obtained":["Red Mask"],"max_hp_gain":0,"max_hp_loss":0,"event_name":"Tomb of Lord Red Mask","floor":47,"gold_loss":27}],"is_beta":false,"boss_relics":[{"not_picked":["Tiny House","Ectoplasm"],"picked":"Coffee Dripper"},{"not_picked":["Astrolabe","Pandora\u0027s Box"],"picked":"Busted Crown"}],"items_purged_floors":[],"is_endless":false,"potions_floor_spawned":[1,7,19,28,30],"killed_by":"The Heart","ascension_level":15}