{"gold_per_floor":[165,185,61,74,149,175,186,186,186,186,198,88,104,4,4,77,77,77,2,2,2,2,2,2,2,2,2,2,2,2,2,2,2,2,2,2,2,2,2],"floor_reached":39,"playtime":2524,"items_purged":["Strike_G","Strike_G"],"score":632,"play_id":"e9ff2df1-f730-45f6-9a59-58fb633e9819","local_time":"20190216200335","is_ascension_mode":true,"campfire_choices":[{"floor":8,"key":"REST"},{"floor":15,"key":"REST"},{"floor":23,"key":"REST"},{"floor":29,"key":"REST"},{"floor":32,"key":"REST"}],"neow_cost":"NONE","seed_source_timestamp":6851018909446,"circlet_count":0,"master_deck":["AscendersBane","Survivor","Neutralize","Quick Slash","Noxious Fumes+1","Deadly Poison","Dagger Spray","Blur+1","Bane","Footwork","Well Laid Plans","Dash","Adrenaline+1","Malaise+1","Escape Plan+1","Slice","Noxious Fumes","Caltrops+1","Night Terror+1","Skewer","Flying Knee","Reflex+1","Bouncing Flask+1","After Image","Bullet Time+1","Venomology+1","Malaise+1","Cloak And Dagger+1","Blur+1","Deflect+1"],"relics":["Tiny House","Toxic Egg 2","Bottled Tornado","Ectoplasm","Letter Opener","Pandora\u0027s Box"],"potions_floor_usage":[6,16,16,28,33,33,38,38],"damage_taken":[{"damage":8,"enemies":"Jaw Worm","floor":1,"turns":4},{"damage":1,"enemies":"Small Slimes","floor":2,"turns":3},{"damage":5,"enemies":"Cultist","floor":4,"turns":4},{"damage":27,"enemies":"Lagavulin","floor":6,"turns":8},{"damage":1,"enemies":"Red Slaver","floor":7,"turns":5},{"damage":22,"enemies":"Gremlin Gang","floor":11,"turns":4},{"damage":0,"enemies":"3 Louse","floor":13,"turns":3},{"damage":34,"enemies":"Slime Boss","floor":16,"turns":12},{"damage":12,"enemies":"3 Byrds","floor":18,"turns":5},{"damage":21,"enemies":"2 Thieves","floor":19,"turns":5},{"damage":8,"enemies":"Shelled Parasite and Fungi","floor":22,"turns":6},{"damage":0,"enemies":"Snecko","floor":24,"turns":12},{"damage":12,"enemies":"Snake Plant","floor":25,"turns":6},{"damage":5,"enemies":"Chosen and Byrds","floor":28,"turns":9},{"damage":11,"enemies":"Shelled Parasite and Fungi","floor":30,"turns":6},{"damage":42,"enemies":"Champ","floor":33,"turns":13},{"damage":23,"enemies":"Orb Walker","floor":35,"turns":5},{"damage":19,"enemies":"3 Darklings","floor":38,"turns":5},{"damage":27,"enemies":"Transient","floor":39,"turns":1}],"seed_played":"-8721097854926942448","potions_obtained":[{"floor":0,"key":"SneckoOil"},{"floor":2,"key":"FearPotion"},{"floor":6,"key":"Block Potion"},{"floor":16,"key":"GamblersBrew"},{"floor":24,"key":"AttackPotion"},{"floor":27,"key":"PowerPotion"},{"floor":30,"key":"Poison Potion"},{"floor":33,"key":"Weak Potion"}],"is_trial":false,"path_per_floor":["M","M","$","M","?","E","M","R","T","?","M","$","M","$","R","B",null,"M","M","$","?","M","R","M","M","T","?","M","R","M","?","R","B",null,"M","?","?","M","M"],"character_chosen":"THE_SILENT","items_purchased":["Dagger Spray","Well Laid Plans","Dash"],"campfire_rested":5,"item_purchase_floors":[3,12,12],"current_hp_per_floor":[60,59,59,54,43,16,15,37,37,37,15,15,15,15,37,3,57,45,24,24,24,16,38,38,26,26,26,21,43,32,32,54,12,59,36,36,36,17,0],"gold":2,"neow_bonus":"BOSS_RELIC","is_prod":false,"is_daily":false,"chose_seed":false,"campfire_upgraded":0,"win_rate":0,"timestamp":1550369015,"path_taken":["M","M","$","M","?","E","M","R","T","?","?","?","?","$","R","BOSS","M","M","$","?","M","R","M","M","T","?","M","R","?","?","R","BOSS","M","?","?","?","M"],"build_version":"2019-01-23","purchased_purges":2,"victory":false,"max_hp_per_floor":[75,75,75,75,75,75,75,75,75,75,75,75,75,75,75,75,75,75,75,75,75,75,75,75,75,75,75,75,75,75,75,75,75,75,75,75,75,75,75],"card_choices":[{"not_picked":["Deflect","Flying Knee"],"picked":"Quick Slash","floor":0},{"not_picked":["Backflip","Calculated Gamble"],"picked":"Noxious Fumes","floor":1},{"not_picked":["Backflip","Poisoned Stab"],"picked":"Deadly Poison","floor":2},{"not_picked":["Dodge and Roll","Slice","Poisoned Stab"],"picked":"SKIP","floor":4},{"not_picked":["Acrobatics","All Out Attack"],"picked":"Blur","floor":6},{"not_picked":["Heel Hook","Dagger Throw"],"picked":"Bane","floor":7},{"not_picked":["Acrobatics+1","Heel Hook"],"picked":"Footwork","floor":11},{"not_picked":["PiercingWail+1","Dagger Throw"],"picked":"Adrenaline+1","floor":13},{"not_picked":["Die Die Die","Phantasmal Killer+1"],"picked":"Malaise+1","floor":16},{"not_picked":["Outmaneuver+1","Masterful Stab"],"picked":"Escape Plan+1","floor":18},{"not_picked":["Accuracy","Setup+1","Dagger Spray"],"picked":"SKIP","floor":19},{"not_picked":["Deflect+1","Dagger Throw"],"picked":"Slice","floor":22},{"not_picked":["Bane+1","Dash+1"],"picked":"Noxious Fumes","floor":24},{"not_picked":["Terror+1","Setup+1","Endless Agony"],"picked":"SKIP","floor":25},{"not_picked":["Reflex+1","Eviscerate"],"picked":"Caltrops+1","floor":28},{"not_picked":["Night Terror+1","Deflect+1","Endless Agony"],"picked":"SKIP","floor":30},{"not_picked":["Grand Finale","Die Die Die"],"picked":"Night Terror+1","floor":33},{"not_picked":["Prepared+1","Dagger Throw"],"picked":"Cloak And Dagger+1","floor":35},{"not_picked":["Well Laid Plans","Sucker Punch"],"picked":"Deflect+1","floor":38}],"player_experience":524483,"relics_obtained":[{"floor":6,"key":"Toxic Egg 2"},{"floor":9,"key":"Bottled Tornado"},{"floor":26,"key":"Letter Opener"}],"event_choices":[{"damage_healed":0,"gold_gain":75,"player_choice":"Gather Gold","damage_taken":11,"max_hp_gain":0,"max_hp_loss":0,"event_name":"World of Goop","floor":5,"gold_loss":0},{"damage_healed":0,"gold_gain":0,"player_choice":"Upgraded","damage_taken":0,"max_hp_gain":0,"max_hp_loss":0,"event_name":"Upgrade Shrine","floor":10,"gold_loss":0,"cards_upgraded":["Noxious Fumes"]},{"damage_healed":0,"gold_gain":0,"player_choice":"Ignored","damage_taken":0,"max_hp_gain":0,"max_hp_loss":0,"event_name":"The Mausoleum","floor":21,"gold_loss":0},{"damage_healed":0,"gold_gain":0,"player_choice":"Got Potions","damage_taken":0,"max_hp_gain":0,"max_hp_loss":0,"event_name":"Lab","floor":27,"gold_loss":0},{"damage_healed":0,"gold_gain":0,"player_choice":"Ignored","damage_taken":0,"max_hp_gain":0,"max_hp_loss":0,"event_name":"Mysterious Sphere","floor":36,"gold_loss":0},{"damage_healed":0,"gold_gain":0,"player_choice":"Copied","damage_taken":0,"max_hp_gain":0,"max_hp_loss":0,"event_name":"Duplicator","floor":37,"gold_loss":0,"cards_obtained":["Blur"]}],"is_beta":false,"boss_relics":[{"not_picked":["Runic Dome","Snecko Eye"],"picked":"Ectoplasm"},{"not_picked":["Sozu","HoveringKite"],"picked":"Pandora\u0027s Box"}],"items_purged_floors":[3,14],"is_endless":false,"potions_floor_spawned":[2,6,16,24,30,33],"killed_by":"Transient","ascension_level":13}