{"gold_per_floor":[114,172,184,204,204,237,237,247,299,318,318,335,12,42,42,140,140,157,157,175,186,206,235,235,266,266,266,266,166,182,212,212,212],"floor_reached":33,"playtime":1460,"items_purged":["Strike_B","Strike_B"],"score":333,"play_id":"acc2b171-3ab9-4378-8658-6fd083ae4457","local_time":"20181205190409","is_ascension_mode":true,"campfire_choices":[{"data":"Sunder","floor":7,"key":"SMITH"},{"floor":11,"key":"REST"},{"floor":15,"key":"REST"},{"data":"Defragment","floor":24,"key":"SMITH"},{"floor":27,"key":"REST"},{"floor":32,"key":"REST"}],"neow_cost":"NONE","seed_source_timestamp":1892052609957260,"circlet_count":0,"master_deck":["Strike_B","Strike_B","Defend_B","Defend_B","Defend_B","Defend_B","Zap+1","Dualcast","Sunder+1","Cold Snap","Conserve Battery","Ball Lightning","Electrodynamics","Ball Lightning","Reinforced Body","Defragment+1","Defragment","Doubt","Leap"],"relics":["Cracked Core","NeowsBlessing","Sundial","Singing Bowl","Art of War","Cursed Key","Anchor","Blue Candle","Shuriken","Darkstone Periapt"],"potions_floor_usage":[6,23,25,25,25,31,33],"damage_taken":[{"damage":0,"enemies":"2 Louse","floor":1,"turns":1},{"damage":0,"enemies":"Small Slimes","floor":3,"turns":1},{"damage":0,"enemies":"Cultist","floor":4,"turns":1},{"damage":42,"enemies":"Gremlin Nob","floor":6,"turns":6},{"damage":1,"enemies":"Red Slaver","floor":8,"turns":4},{"damage":1,"enemies":"Exordium Wildlife","floor":10,"turns":3},{"damage":1,"enemies":"Gremlin Gang","floor":12,"turns":3},{"damage":9,"enemies":"Lagavulin","floor":14,"turns":5},{"damage":16,"enemies":"The Guardian","floor":16,"turns":8},{"damage":3,"enemies":"Spheric Guardian","floor":18,"turns":3},{"damage":5,"enemies":"Shell Parasite","floor":20,"turns":4},{"damage":9,"enemies":"Snake Plant","floor":21,"turns":4},{"damage":0,"enemies":"3 Cultists","floor":22,"turns":3},{"damage":23,"enemies":"Gremlin Leader","floor":23,"turns":5},{"damage":11,"enemies":"Book of Stabbing","floor":25,"turns":5},{"damage":10,"enemies":"Centurion and Healer","floor":30,"turns":5},{"damage":18,"enemies":"Slavers","floor":31,"turns":2},{"damage":46,"enemies":"Automaton","floor":33,"turns":6}],"seed_played":"3394974276243064912","potions_obtained":[{"floor":3,"key":"AttackPotion"},{"floor":4,"key":"GamblersBrew"},{"floor":14,"key":"Block Potion"},{"floor":16,"key":"PowerPotion"},{"floor":23,"key":"SneckoOil"},{"floor":30,"key":"FocusPotion"},{"floor":31,"key":"Strength Potion"}],"is_trial":false,"path_per_floor":["M","?","M","M","?","E","R","M","T","M","R","M","$","E","R","B",null,"M","?","M","M","M","E","R","E","T","R","?","$","M","E","R","B"],"character_chosen":"DEFECT","items_purchased":["Singing Bowl"],"campfire_rested":4,"item_purchase_floors":[13],"current_hp_per_floor":[75,75,75,75,75,33,33,32,32,31,53,52,52,45,68,52,77,74,74,69,60,62,41,41,30,30,54,39,39,31,13,39,0],"gold":212,"neow_bonus":"THREE_ENEMY_KILL","is_prod":false,"is_daily":false,"chose_seed":false,"campfire_upgraded":2,"win_rate":0,"timestamp":1544058249,"path_taken":["M","?","M","M","?","E","R","M","T","M","R","?","?","E","R","BOSS","M","?","M","M","?","E","R","E","T","R","?","$","M","E","R","BOSS"],"build_version":"2018-11-15","purchased_purges":2,"victory":false,"max_hp_per_floor":[75,75,75,75,75,75,75,75,75,75,75,75,75,77,77,77,77,77,77,77,77,79,81,81,81,81,81,86,86,88,88,88,88],"card_choices":[{"not_picked":["Conserve Battery","White Noise"],"picked":"Sunder","floor":1},{"not_picked":["Sweeping Beam","Gash"],"picked":"Cold Snap","floor":3},{"not_picked":["Sweeping Beam","Multi-Cast"],"picked":"Conserve Battery","floor":4},{"not_picked":["Static Discharge","Conserve Battery","Compile Driver"],"picked":"SKIP","floor":6},{"not_picked":["Rip and Tear","Consume","Conserve Battery"],"picked":"SKIP","floor":8},{"not_picked":["Melter","Self Repair","Rebound"],"picked":"SKIP","floor":10},{"not_picked":["Go for the Eyes","Stack"],"picked":"Ball Lightning","floor":12},{"not_picked":["Beam Cell","Turbo","Echo Form"],"picked":"Singing Bowl","floor":14},{"not_picked":["Hyperbeam","Fission"],"picked":"Electrodynamics","floor":16},{"not_picked":["Redo","Genetic Algorithm+1"],"picked":"Ball Lightning","floor":18},{"not_picked":["Rebound","Turbo+1"],"picked":"Reinforced Body","floor":20},{"not_picked":["Doom and Gloom+1","Beam Cell"],"picked":"Defragment","floor":21},{"not_picked":["Sweeping Beam","Compile Driver","Cold Snap"],"picked":"Singing Bowl","floor":22},{"not_picked":["Redo","Sweeping Beam","Streamline"],"picked":"Singing Bowl","floor":23},{"not_picked":["Biased Cognition","Melter"],"picked":"Defragment","floor":25},{"not_picked":["Self Repair","Steam","Storm"],"picked":"Singing Bowl","floor":30},{"not_picked":["Darkness","Seek"],"picked":"Leap","floor":31}],"player_experience":233815,"relics_obtained":[{"floor":6,"key":"Sundial"},{"floor":14,"key":"Art of War"},{"floor":23,"key":"Anchor"},{"floor":25,"key":"Blue Candle"},{"floor":26,"key":"Shuriken"},{"floor":31,"key":"Darkstone Periapt"}],"event_choices":[{"damage_healed":0,"gold_gain":58,"player_choice":"Gained Gold","damage_taken":0,"max_hp_gain":0,"max_hp_loss":0,"event_name":"Golden Wing","floor":2,"gold_loss":0},{"damage_healed":0,"gold_gain":0,"player_choice":"Upgraded","damage_taken":0,"max_hp_gain":0,"max_hp_loss":0,"event_name":"Upgrade Shrine","floor":5,"gold_loss":0,"cards_upgraded":["Zap"]},{"damage_healed":0,"gold_gain":0,"player_choice":"Ignored","damage_taken":0,"max_hp_gain":0,"max_hp_loss":0,"event_name":"N\u0027loth","floor":19,"gold_loss":0},{"damage_healed":0,"gold_gain":0,"player_choice":"Shed Blood","damage_taken":20,"max_hp_gain":5,"max_hp_loss":0,"event_name":"Forgotten Altar","floor":28,"gold_loss":0}],"is_beta":false,"boss_relics":[{"not_picked":["Empty Cage","Busted Crown"],"picked":"Cursed Key"}],"items_purged_floors":[13,29],"is_endless":false,"potions_floor_spawned":[3,4,14,16,20,23,30,31],"killed_by":"Automaton","ascension_level":1}