{"gold_per_floor":[116,131,141,158,158,190,190,224,224,239,239,239,252,268,268,371,371,346,346,358,374,374,374,392,421,421,421,437,437,437,464,464,562,562,574,586,511,511,527,527,527],"floor_reached":41,"playtime":3398,"items_purged":["Dualcast"],"score":492,"play_id":"9d05cdfc-f94e-4cc9-a7eb-a77ecdb6f6fe","local_time":"20181204201310","is_ascension_mode":true,"campfire_choices":[{"data":"Gash","floor":7.0,"key":"SMITH"},{"floor":11.0,"key":"REST"},{"data":"Gash","floor":15.0,"key":"SMITH"},{"floor":23,"key":"REST"},{"floor":27,"key":"REST"},{"floor":29,"key":"RECALL"},{"floor":32,"key":"REST"},{"floor":40,"key":"REST"}],"neow_cost":"NONE","seed_source_timestamp":1807784476892130,"circlet_count":0,"master_deck":["Strike_B","Strike_B","Strike_B","Defend_B+1","Defend_B+1","Defend_B","Defend_B","Go for the Eyes+1","Gash+1","Cold Snap","Loop","Self Repair","Gash+1","Hologram","Skim","Machine Learning","Conserve Battery","Glacier","Hologram","White Noise+1","Gash+1"],"special_seed":0,"relics":["Cracked Core","Shuriken","War Paint","Pear","Inserter","Ginger","Ornamental Fan","Strawberry","Empty Cage"],"potions_floor_usage":[25,31,36],"damage_taken":[{"damage":9.0,"enemies":"2 Louse","floor":1.0,"turns":3.0},{"damage":3.0,"enemies":"Jaw Worm","floor":2.0,"turns":4.0},{"damage":0.0,"enemies":"Cultist","floor":3.0,"turns":3.0},{"damage":2.0,"enemies":"Looter","floor":4.0,"turns":3.0},{"damage":18.0,"enemies":"Gremlin Nob","floor":6.0,"turns":4.0},{"damage":28.0,"enemies":"Lagavulin","floor":8.0,"turns":6.0},{"damage":0.0,"enemies":"Exordium Wildlife","floor":10.0,"turns":4.0},{"damage":16.0,"enemies":"Gremlin Gang","floor":13.0,"turns":4.0},{"damage":0.0,"enemies":"Exordium Thugs","floor":14.0,"turns":5.0},{"damage":15.0,"enemies":"The Guardian","floor":16.0,"turns":12.0},{"damage":44.0,"enemies":"2 Thieves","floor":18.0,"turns":5.0},{"damage":18,"enemies":"Chosen","floor":20,"turns":8},{"damage":21,"enemies":"Centurion and Healer","floor":21,"turns":9},{"damage":28,"enemies":"Snecko","floor":24,"turns":9},{"damage":34,"enemies":"Gremlin Leader","floor":25,"turns":10},{"damage":22,"enemies":"Sentry and Sphere","floor":28,"turns":10},{"damage":6,"enemies":"Book of Stabbing","floor":31,"turns":9},{"damage":57,"enemies":"Collector","floor":33,"turns":16},{"damage":18,"enemies":"Orb Walker","floor":35,"turns":7},{"damage":24,"enemies":"3 Shapes","floor":36,"turns":9},{"damage":71,"enemies":"Sphere and 2 Shapes","floor":39,"turns":8},{"damage":68,"enemies":"Nemesis","floor":41,"turns":6}],"seed_played":"3944823431017705585","potions_obtained":[{"floor":8.0,"key":"AttackPotion"},{"floor":10.0,"key":"Swift Potion"},{"floor":13.0,"key":"Swift Potion"},{"floor":16.0,"key":"LiquidBronze"},{"floor":20,"key":"LiquidBronze"},{"floor":25,"key":"Poison Potion"},{"floor":28,"key":"FocusPotion"},{"floor":33,"key":"SteroidPotion"},{"floor":36,"key":"FairyPotion"}],"is_trial":false,"path_per_floor":["M","M","M","M","?","E","R","E","T","M","R","?","M","M","R","B",null,"M","?","M","M","?","R","M","E","T","R","M","R","T","E","R","B",null,"M","M","$","?","M","R","E"],"character_chosen":"DEFECT","items_purchased":[],"campfire_rested":5,"item_purchase_floors":[],"current_hp_per_floor":[73,70,70,68,68,50,50,22,32,39,66,66,64,78,78,77,92,55,55,51,44,35,62,48,28,28,55,47,47,47,62,91,41,99,88,71,71,71,16,45,0],"gold":527,"neow_bonus":"TEN_PERCENT_HP_BONUS","is_prod":false,"is_daily":false,"chose_seed":false,"campfire_upgraded":2,"win_rate":0,"timestamp":1543975990,"path_taken":["M","M","M","M","?","E","R","E","T","M","R","?","?","M","R","BOSS","M","?","M","M","?","R","M","E","T","R","?","R","?","E","R","BOSS","M","M","?","?","M","R","E"],"build_version":"2018-11-15","purchased_purges":1,"victory":false,"max_hp_per_floor":[82,82,82,82,82,82,82,82,92,92,92,92,92,92,92,92,92,92,92,92,92,92,92,92,92,92,92,92,92,92,99,99,99,99,99,99,99,99,99,99,99],"card_choices":[{"not_picked":["Stack","Streamline"],"picked":"Go for the Eyes","floor":1.0},{"not_picked":["Conserve Battery","Rip and Tear"],"picked":"Gash","floor":2.0},{"not_picked":["Coolheaded","Turbo"],"picked":"Cold Snap","floor":3.0},{"not_picked":["Compile Driver","White Noise"],"picked":"Capacitor","floor":4.0},{"not_picked":["Cold Snap","Sweeping Beam"],"picked":"Loop","floor":6.0},{"not_picked":["Stack","Darkness"],"picked":"Self Repair","floor":8.0},{"not_picked":["Storm","Stack"],"picked":"Gash","floor":10.0},{"not_picked":["Coolheaded","Leap"],"picked":"Hologram","floor":13.0},{"not_picked":["Force Field","Redo"],"picked":"Skim","floor":14.0},{"not_picked":["Biased Cognition","Hyperbeam"],"picked":"Machine Learning","floor":16.0},{"not_picked":["Redo","Go for the Eyes","Steam"],"picked":"SKIP","floor":18.0},{"not_picked":["Hologram","Beam Cell"],"picked":"Conserve Battery","floor":20},{"not_picked":["Barrage","Turbo+1"],"picked":"Glacier","floor":21},{"not_picked":["Rebound+1","Coolheaded"],"picked":"Hologram","floor":24},{"not_picked":["Chaos","Heatsinks","Reprogram"],"picked":"SKIP","floor":25},{"not_picked":["Rebound+1","Melter+1","Cold Snap"],"picked":"SKIP","floor":28},{"not_picked":["Loop","Tempest","Rip and Tear"],"picked":"SKIP","floor":31},{"not_picked":["Redo","Coolheaded","Skim+1"],"picked":"SKIP","floor":35},{"not_picked":["Ball Lightning+1","Compile Driver"],"picked":"White Noise+1","floor":36},{"not_picked":["Skim+1","Streamline"],"picked":"Gash+1","floor":39}],"player_experience":211996,"relics_obtained":[{"floor":6.0,"key":"Shuriken"},{"floor":8.0,"key":"War Paint"},{"floor":9.0,"key":"Pear"},{"floor":25,"key":"Ginger"},{"floor":26,"key":"Ornamental Fan"},{"floor":31,"key":"Strawberry"}],"event_choices":[{"damage_healed":0.0,"max_hp_gain":0.0,"max_hp_loss":0.0,"gold_gain":0.0,"event_name":"Living Wall","player_choice":"Grow","floor":5.0,"gold_loss":0.0,"damage_taken":0.0,"cards_upgraded":["Go for the Eyes"]},{"damage_healed":0.0,"max_hp_gain":0.0,"max_hp_loss":0.0,"gold_gain":0.0,"cards_transformed":["Zap"],"event_name":"Transmorgrifier","player_choice":"Transformed","floor":12.0,"gold_loss":0.0,"damage_taken":0.0,"cards_obtained":["Self Repair"]},{"damage_healed":0,"gold_gain":0,"player_choice":"Ignored","damage_taken":0,"max_hp_gain":0,"max_hp_loss":0,"event_name":"Cursed Tome","floor":19,"gold_loss":0},{"damage_healed":0,"gold_gain":0,"player_choice":"Damaged","damage_taken":9,"max_hp_gain":0,"max_hp_loss":0,"event_name":"Wheel of Change","floor":22,"gold_loss":0},{"cards_removed":["Strike_B"],"damage_healed":0,"gold_gain":0,"player_choice":"Removed Attack","damage_taken":0,"max_hp_gain":0,"max_hp_loss":0,"event_name":"Falling","floor":38,"gold_loss":0}],"is_beta":false,"boss_relics":[{"not_picked":["Lizard Tail","Runic Pyramid"],"picked":"Inserter"},{"not_picked":["Calling Bell","Coffee Dripper"],"picked":"Empty Cage"}],"items_purged_floors":[37],"is_endless":false,"potions_floor_spawned":[8,10,13,16,20,25,28,33,36],"killed_by":"Nemesis","ascension_level":1}