{"gold_per_floor":[109,119,119,194,194,226,30,42,66,78,88,88,37,58,58,154,154,175,175,175,11,11,11,29,42,67,83,83,98,23,36,36,126,126,146,271,321,344,344],"floor_reached":39,"playtime":1463,"items_purged":[],"score":796,"play_id":"dc4838c9-724a-49de-b0e1-c21d744b9363","local_time":"20190920012218","is_ascension_mode":true,"campfire_choices":[{"floor":15,"key":"REST"},{"floor":28,"key":"REST"},{"data":"Limit Break","floor":32,"key":"SMITH"}],"neow_cost":"NONE","seed_source_timestamp":456076640876480,"circlet_count":0,"master_deck":["AscendersBane","Strike_R+1","Strike_R+1","Strike_R+1","Defend_R+1","Defend_R+1","Defend_R+1","Defend_R+1","Bash","Uppercut+1","Limit Break+1","Whirlwind","Shrug It Off","True Grit","Bludgeon","Feed","Corruption","Shrug It Off","Armaments+1","Headbutt","Heavy Blade","Fiend Fire","Shrug It Off"],"relics":["Burning Blood","NeowsBlessing","Pen Nib","Omamori","Golden Idol","Sozu","Vajra","Regal Pillow","Necronomicon","Lantern","Empty Cage","Calipers"],"potions_floor_usage":[16,18,33],"damage_taken":[{"damage":0,"enemies":"2 Louse","floor":1,"turns":1},{"damage":0,"enemies":"Jaw Worm","floor":2,"turns":1},{"damage":0,"enemies":"Gremlin Nob","floor":6,"turns":1},{"damage":11,"enemies":"Small Slimes","floor":8,"turns":3},{"damage":10,"enemies":"Blue Slaver","floor":10,"turns":4},{"damage":30,"enemies":"Large Slime","floor":11,"turns":7},{"damage":14,"enemies":"Exordium Wildlife","floor":14,"turns":5},{"damage":52,"enemies":"Slime Boss","floor":16,"turns":9},{"damage":21,"enemies":"2 Thieves","floor":18,"turns":3},{"damage":0,"enemies":"Spheric Guardian","floor":24,"turns":1},{"damage":0,"enemies":"Centurion and Healer","floor":25,"turns":3},{"damage":0,"enemies":"3 Cultists","floor":27,"turns":2},{"damage":16,"enemies":"Sentry and Sphere","floor":29,"turns":5},{"damage":18,"enemies":"Snecko","floor":31,"turns":3},{"damage":15,"enemies":"Automaton","floor":33,"turns":5},{"damage":25,"enemies":"3 Darklings","floor":35,"turns":8},{"damage":27,"enemies":"Mind Bloom Boss Battle","floor":36,"turns":12},{"damage":0,"enemies":"3 Shapes","floor":38,"turns":4},{"damage":44,"enemies":"Transient","floor":39,"turns":3}],"seed_played":"-5299811272681015135","potions_obtained":[{"floor":16,"key":"Block Potion"}],"is_trial":false,"path_per_floor":["M","M","?","?","?","E","$","M","T","M","M","?","$","M","R","B",null,"M","?","T","$","?","?","M","M","T","M","R","M","?","M","R","B",null,"M","?","?","M","M"],"character_chosen":"IRONCLAD","items_purchased":["Evolve","BloodPotion","Weak Potion","True Grit","Regal Pillow"],"campfire_rested":2,"item_purchase_floors":[7,7,7,13,21],"current_hp_per_floor":[74,75,75,64,57,63,63,58,58,54,30,30,30,22,42,13,54,42,42,42,42,21,21,27,33,33,39,71,61,61,49,49,40,63,44,23,23,29,0],"gold":344,"neow_bonus":"THREE_ENEMY_KILL","is_prod":false,"is_daily":false,"chose_seed":false,"campfire_upgraded":1,"win_rate":0,"timestamp":1568960538,"path_taken":["M","M","?","?","?","E","?","M","T","M","M","?","$","M","R","BOSS","M","?","?","?","?","?","?","M","T","M","R","M","?","M","R","BOSS","M","?","?","M","M"],"build_version":"2019-09-19","purchased_purges":0,"victory":false,"max_hp_per_floor":[75,75,75,75,75,75,75,75,75,75,75,68,68,68,68,68,68,71,71,71,71,71,71,71,71,71,71,71,71,71,71,71,71,71,71,71,71,71,71],"card_choices":[{"not_picked":["Iron Wave","Flex"],"picked":"Cleave","floor":1},{"not_picked":["Cleave","Power Through"],"picked":"Uppercut","floor":2},{"not_picked":["Warcry","Twin Strike"],"picked":"Limit Break","floor":6},{"not_picked":["Perfected Strike","Searing Blow"],"picked":"Whirlwind","floor":8},{"not_picked":["Anger","Ghostly Armor"],"picked":"Shrug It Off","floor":10},{"not_picked":["Armaments","Evolve","Body Slam"],"picked":"SKIP","floor":11},{"not_picked":["Sever Soul","Body Slam"],"picked":"Bludgeon","floor":14},{"not_picked":["Berserk","Juggernaut"],"picked":"Feed","floor":16},{"not_picked":["Body Slam","Whirlwind"],"picked":"Corruption","floor":18},{"not_picked":["Corruption+1","Clash"],"picked":"Shrug It Off","floor":24},{"not_picked":["Pommel Strike","Perfected Strike"],"picked":"Armaments+1","floor":25},{"not_picked":["Twin Strike","Anger","Wild Strike"],"picked":"SKIP","floor":27},{"not_picked":["Dark Embrace","Feel No Pain"],"picked":"Headbutt","floor":29},{"not_picked":["Twin Strike","Wild Strike"],"picked":"Heavy Blade","floor":31},{"not_picked":["Berserk","Impervious"],"picked":"Fiend Fire","floor":33},{"not_picked":["Armaments","Thunderclap+1","Clash"],"picked":"SKIP","floor":35},{"not_picked":["Intimidate+1","Searing Blow"],"picked":"Shrug It Off","floor":38}],"player_experience":746648,"relics_obtained":[{"floor":6,"key":"Pen Nib"},{"floor":9,"key":"Omamori"},{"floor":20,"key":"Vajra"},{"floor":22,"key":"Necronomicon"},{"floor":26,"key":"Lantern"},{"floor":36,"key":"Calipers"}],"event_choices":[{"damage_healed":0,"gold_gain":0,"player_choice":"Grow","damage_taken":0,"max_hp_gain":0,"max_hp_loss":0,"event_name":"Living Wall","floor":3,"gold_loss":0,"cards_upgraded":["Uppercut"]},{"damage_healed":0,"gold_gain":75,"player_choice":"Gather Gold","damage_taken":11,"max_hp_gain":0,"max_hp_loss":0,"event_name":"World of Goop","floor":4,"gold_loss":0},{"cards_removed":["Strike_R"],"damage_healed":0,"gold_gain":0,"player_choice":"Card Removal","damage_taken":7,"max_hp_gain":0,"max_hp_loss":0,"event_name":"Golden Wing","floor":5,"gold_loss":0},{"damage_healed":0,"gold_gain":0,"player_choice":"Lose Max HP","damage_taken":0,"relics_obtained":["Golden Idol"],"max_hp_gain":0,"max_hp_loss":7,"event_name":"Golden Idol","floor":12,"gold_loss":0},{"damage_healed":0,"gold_gain":0,"player_choice":"Simplicity","damage_taken":0,"max_hp_gain":0,"max_hp_loss":0,"event_name":"Back to Basics","floor":19,"gold_loss":0,"cards_upgraded":["Strike_R","Strike_R","Strike_R","Strike_R","Defend_R","Defend_R","Defend_R","Defend_R"]},{"damage_healed":0,"gold_gain":0,"player_choice":"Obtained Book","damage_taken":21,"max_hp_gain":0,"max_hp_loss":0,"event_name":"Cursed Tome","floor":22,"gold_loss":0},{"damage_healed":0,"gold_gain":0,"player_choice":"Ignored","damage_taken":0,"max_hp_gain":0,"max_hp_loss":0,"event_name":"The Mausoleum","floor":23,"gold_loss":0},{"cards_removed":["Cleave"],"damage_healed":0,"gold_gain":0,"player_choice":"Gave Gold","damage_taken":0,"max_hp_gain":0,"max_hp_loss":0,"event_name":"Beggar","floor":30,"gold_loss":75},{"damage_healed":0,"gold_gain":0,"player_choice":"Fight","damage_taken":0,"max_hp_gain":0,"max_hp_loss":0,"event_name":"MindBloom","floor":36,"gold_loss":0},{"damage_healed":0,"gold_gain":50,"player_choice":"Pray","damage_taken":0,"max_hp_gain":0,"max_hp_loss":0,"event_name":"Golden Shrine","floor":37,"gold_loss":0}],"is_beta":true,"boss_relics":[{"not_picked":["Runic Pyramid","Black Star"],"picked":"Sozu"},{"not_picked":["SlaversCollar","Snecko Eye"],"picked":"Empty Cage"}],"items_purged_floors":[],"is_endless":false,"potions_floor_spawned":[8,10,11,16,25,27,31,33,35,38],"killed_by":"Transient","ascension_level":19}