{"gold_per_floor":[111,14,14,24,24,49,49,64,64,64,82,110,110,139,139,238,238,257,20,39,39,73,101,115,140,140,140,160,160,16,46,46,150,150,170,170,14,29,29,62,62,95,121,141,175,187,137,147,147,147],"floor_reached":51,"playtime":4418,"items_purged":["Strike_R","Strike_R"],"score":1442,"play_id":"c14816a5-789f-48ad-99c2-6bfd9f838618","local_time":"20190201205201","is_ascension_mode":true,"campfire_choices":[{"data":"Bludgeon","floor":7.0,"key":"SMITH"},{"data":"True Grit","floor":10,"key":"SMITH"},{"data":"True Grit","floor":13,"key":"SMITH"},{"data":"Metallicize","floor":15,"key":"SMITH"},{"floor":27,"key":"REST"},{"data":"Uppercut","floor":29,"key":"SMITH"},{"floor":32,"key":"REST"},{"floor":41,"key":"REST"},{"floor":49,"key":"REST"}],"neow_cost":"NONE","seed_source_timestamp":0,"circlet_count":0,"master_deck":["AscendersBane","Strike_R","Strike_R","Strike_R","Defend_R","Defend_R","Defend_R","Defend_R","Bash","Immolate","True Grit+1","Metallicize+1","Bludgeon+1","Twin Strike+1","True Grit+1","Headbutt+1","Combust+1","Offering","Offering","Uppercut+1","Corruption+1","Havoc+1","Pommel Strike+1","Limit Break","Shrug It Off+1","Spot Weakness","Pummel+1","Disarm+1","Armaments+1"],"special_seed":0,"relics":["Burning Blood","Pear","Mercury Hourglass","Frozen Egg 2","Regal Pillow","Mark of Pain","Sling","Red Mask","Red Skull","Turnip","FossilizedHelix","Pen Nib","Runic Pyramid","Whetstone","Smiling Mask","Oddly Smooth Stone","Meat on the Bone"],"potions_floor_usage":[22,23,25,31,33,50,50],"damage_taken":[{"damage":0.0,"enemies":"2 Louse","floor":1.0,"turns":2.0},{"damage":0.0,"enemies":"Cultist","floor":4.0,"turns":2.0},{"damage":32.0,"enemies":"Gremlin Nob","floor":6.0,"turns":4.0},{"damage":0.0,"enemies":"Jaw Worm","floor":8.0,"turns":2.0},{"damage":11,"enemies":"Looter","floor":11,"turns":2},{"damage":11,"enemies":"3 Sentries","floor":12,"turns":4},{"damage":16,"enemies":"Gremlin Nob","floor":14,"turns":3},{"damage":24,"enemies":"The Guardian","floor":16,"turns":12},{"damage":24,"enemies":"Shell Parasite","floor":18,"turns":4},{"damage":13,"enemies":"Spheric Guardian","floor":20,"turns":3},{"damage":18,"enemies":"Masked Bandits","floor":22,"turns":3},{"damage":26,"enemies":"Gremlin Leader","floor":23,"turns":5},{"damage":6,"enemies":"Centurion and Healer","floor":24,"turns":3},{"damage":17,"enemies":"Book of Stabbing","floor":25,"turns":3},{"damage":17,"enemies":"Sentry and Sphere","floor":28,"turns":4},{"damage":40,"enemies":"Gremlin Leader","floor":31,"turns":6},{"damage":60,"enemies":"Champ","floor":33,"turns":7},{"damage":16,"enemies":"3 Darklings","floor":35,"turns":4},{"damage":4,"enemies":"3 Shapes","floor":38,"turns":4},{"damage":22,"enemies":"Reptomancer","floor":40,"turns":4},{"damage":25,"enemies":"Nemesis","floor":42,"turns":7},{"damage":2,"enemies":"Transient","floor":44,"turns":5},{"damage":21,"enemies":"Reptomancer","floor":45,"turns":5},{"damage":16,"enemies":"Jaw Worm Horde","floor":46,"turns":2},{"damage":22,"enemies":"Spire Growth","floor":48,"turns":4},{"damage":68,"enemies":"Awakened One","floor":50,"turns":7}],"seed_played":"2584728470245989075","potions_obtained":[{"floor":1.0,"key":"Swift Potion"},{"floor":8.0,"key":"BloodPotion"},{"floor":12,"key":"Fire Potion"},{"floor":20,"key":"Regen Potion"},{"floor":28,"key":"Strength Potion"},{"floor":33,"key":"GamblersBrew"},{"floor":35,"key":"PowerPotion"},{"floor":38,"key":"PowerPotion"}],"is_trial":false,"path_per_floor":["M","$","?","M","$","E","R","M","T","R","M","E","R","E","R","B",null,"M","$","M","?","?","E","M","E","T","R","M","R","$","E","R","B",null,"M","?","$","M","$","E","R","E","T","M","E","M","$","M","R","B",null],"character_chosen":"IRONCLAD","items_purchased":["True Grit","Metallicize","Corruption+1","Sling","Limit Break","BloodPotion","Spot Weakness"],"campfire_rested":4,"item_purchase_floors":[2,2,19,19,30,30,37],"current_hp_per_floor":[78,78,78,80,80,64,64,70,70,70,65,60,60,50,50,32,76,58,58,51,51,48,28,28,26,26,68,57,57,57,32,74,20,73,63,63,63,65,65,49,90,71,71,75,60,62,62,58,90,40],"gold":147,"neow_bonus":"ONE_RANDOM_RARE_CARD","is_prod":false,"is_daily":false,"chose_seed":false,"campfire_upgraded":5,"win_rate":0,"timestamp":1549075921,"path_taken":["M","$","?","M","?","E","R","M","T","R","M","E","R","E","R","BOSS","M","$","?","?","?","E","M","E","T","R","M","R","?","E","R","BOSS","M","?","?","?","$","E","R","E","T","M","E","M","?","M","R","BOSS"],"build_version":"2019-01-23","purchased_purges":2,"victory":true,"max_hp_per_floor":[80,80,80,80,80,90,90,90,90,90,90,90,90,90,90,90,90,90,90,90,90,90,90,90,90,90,90,90,90,90,90,90,90,90,90,90,90,90,90,90,90,90,90,90,90,90,90,90,90,90],"card_choices":[{"not_picked":["Warcry","Perfected Strike","Feel No Pain"],"picked":"SKIP","floor":1.0},{"not_picked":["Iron Wave","Havoc"],"picked":"Twin Strike","floor":4.0},{"not_picked":["Flex","Power Through","Dropkick"],"picked":"SKIP","floor":6.0},{"not_picked":["Power Through","Body Slam"],"picked":"True Grit","floor":8.0},{"not_picked":["Cleave","Blood for Blood"],"picked":"Headbutt","floor":11},{"not_picked":["Rage","Warcry"],"picked":"Combust","floor":12},{"not_picked":["Wild Strike","Evolve+1"],"picked":"Offering","floor":14},{"not_picked":["Dark Embrace+1","Juggernaut+1"],"picked":"Offering","floor":16},{"not_picked":["Headbutt","Cleave"],"picked":"Uppercut","floor":18},{"not_picked":["Pommel Strike","Sever Soul+1"],"picked":"Havoc+1","floor":20},{"not_picked":["Wild Strike","Evolve+1","Searing Blow+1"],"picked":"SKIP","floor":23},{"not_picked":["Dropkick","Armaments"],"picked":"Pommel Strike+1","floor":24},{"not_picked":["Warcry","Armaments","Berserk+1"],"picked":"SKIP","floor":25},{"not_picked":["Searing Blow+1","Rampage","Anger"],"picked":"SKIP","floor":28},{"not_picked":["Armaments","Combust+1","Sever Soul"],"picked":"SKIP","floor":31},{"not_picked":["Cleave+1","Pommel Strike"],"picked":"Shrug It Off+1","floor":35},{"not_picked":["Headbutt+1","Pommel Strike+1","Anger+1"],"picked":"SKIP","floor":38},{"not_picked":["Carnage","Clash"],"picked":"Pummel+1","floor":40},{"not_picked":["Shrug It Off+1","Flex+1"],"picked":"Disarm+1","floor":42},{"not_picked":["True Grit","Shrug It Off"],"picked":"Armaments+1","floor":44},{"not_picked":["Thunderclap","Iron Wave+1","Wild Strike"],"picked":"SKIP","floor":45},{"not_picked":["Body Slam+1","Immolate","Iron Wave"],"picked":"SKIP","floor":46},{"not_picked":["Headbutt+1","Iron Wave","Armaments"],"picked":"SKIP","floor":48}],"player_experience":493863,"relics_obtained":[{"floor":6.0,"key":"Pear"},{"floor":9,"key":"Mercury Hourglass"},{"floor":12,"key":"Frozen Egg 2"},{"floor":14,"key":"Regal Pillow"},{"floor":22,"key":"Red Mask"},{"floor":23,"key":"Red Skull"},{"floor":25,"key":"Turnip"},{"floor":26,"key":"FossilizedHelix"},{"floor":31,"key":"Pen Nib"},{"floor":40,"key":"Whetstone"},{"floor":42,"key":"Smiling Mask"},{"floor":43,"key":"Oddly Smooth Stone"},{"floor":45,"key":"Meat on the Bone"}],"event_choices":[{"damage_healed":0.0,"max_hp_gain":0.0,"max_hp_loss":0.0,"gold_gain":0.0,"event_name":"Match and Keep!","player_choice":"1 cards matched","floor":3.0,"gold_loss":0.0,"damage_taken":0.0,"cards_obtained":["Bludgeon"]},{"damage_healed":0,"gold_gain":0,"player_choice":"Fought Bandits","damage_taken":0,"max_hp_gain":0,"max_hp_loss":0,"event_name":"Masked Bandits","floor":22,"gold_loss":0},{"damage_healed":0,"gold_gain":0,"player_choice":"Ignored","damage_taken":0,"max_hp_gain":0,"max_hp_loss":0,"event_name":"Mysterious Sphere","floor":36,"gold_loss":0}],"is_beta":false,"boss_relics":[{"not_picked":["Runic Cube","Busted Crown"],"picked":"Mark of Pain"},{"not_picked":["Fusion Hammer","Black Blood"],"picked":"Runic Pyramid"}],"items_purged_floors":[37,47],"is_endless":false,"potions_floor_spawned":[1,8,12,18,20,28,33,35,38,44,46],"ascension_level":10}