{"gold_per_floor":[118,134,148,76,1,32,32,42,65,65,65,11,41,53,53,156,156,166,182,82,32,44,75,6,6,6,22,52,52,71,91,91,189,189,209,228,247,18,30,30,59,59,86,96,96,96,113,21,21,21],"floor_reached":51,"playtime":5427,"items_purged":["Defend_G","Storm of Steel"],"score":998,"play_id":"0dbcab0a-b04e-4c7a-ac1b-032cce31e1c0","local_time":"20190701233653","is_ascension_mode":true,"campfire_choices":[{"data":"Well Laid Plans","floor":7,"key":"SMITH"},{"data":"Neutralize","floor":11,"key":"SMITH"},{"floor":15,"key":"REST"},{"data":"Well Laid Plans","floor":25,"key":"SMITH"},{"data":"Tactician","floor":29,"key":"SMITH"},{"floor":32,"key":"REST"},{"floor":40,"key":"REST"},{"data":"Night Terror","floor":42,"key":"SMITH"},{"floor":45,"key":"REST"},{"floor":49,"key":"REST"}],"neow_cost":"NONE","seed_source_timestamp":632015198122258,"circlet_count":0,"master_deck":["Survivor","Neutralize+1","Backflip","Crippling Poison+1","PiercingWail","Well Laid Plans+1","Backstab","Leg Sweep","Poisoned Stab","Poisoned Stab","Deadly Poison","Corpse Explosion","Heel Hook","Bouncing Flask","Endless Agony","Acrobatics","Acrobatics","Tactician+1","Slice","Corpse Explosion","PiercingWail+1","PiercingWail+1","Well Laid Plans+1","PiercingWail+1","Prepared+1","Footwork","Prepared+1","Night Terror+1","Underhanded Strike+1","Noxious Fumes","Blur+1","Concentrate+1","Dark Shackles","Deadly Poison+1","Dark Shackles"],"relics":["Ring of the Snake","Omamori","Art of War","Bag of Preparation","Pen Nib","Pandora\u0027s Box","Meat on the Bone","Bottled Flame","Potion Belt","HoveringKite","Lantern","Bag of Marbles","Strawberry"],"potions_floor_usage":[6,18,23,33,33,50,50,50],"damage_taken":[{"damage":2,"enemies":"Cultist","floor":1,"turns":4},{"damage":0,"enemies":"Jaw Worm","floor":2,"turns":5},{"damage":0,"enemies":"2 Louse","floor":3,"turns":2},{"damage":24,"enemies":"Gremlin Nob","floor":6,"turns":4},{"damage":0,"enemies":"Lots of Slimes","floor":8,"turns":4},{"damage":20,"enemies":"3 Sentries","floor":13,"turns":6},{"damage":0,"enemies":"Red Slaver","floor":14,"turns":5},{"damage":16,"enemies":"Slime Boss","floor":16,"turns":10},{"damage":0,"enemies":"Chosen","floor":18,"turns":3},{"damage":11,"enemies":"2 Thieves","floor":19,"turns":3},{"damage":2,"enemies":"Snecko","floor":22,"turns":4},{"damage":5,"enemies":"Slavers","floor":23,"turns":2},{"damage":0,"enemies":"Snake Plant","floor":27,"turns":4},{"damage":0,"enemies":"Gremlin Leader","floor":28,"turns":6},{"damage":0,"enemies":"Centurion and Healer","floor":30,"turns":3},{"damage":2,"enemies":"Cultist and Chosen","floor":31,"turns":4},{"damage":29,"enemies":"Collector","floor":33,"turns":7},{"damage":0,"enemies":"3 Darklings","floor":35,"turns":3},{"damage":0,"enemies":"3 Shapes","floor":36,"turns":2},{"damage":0,"enemies":"Jaw Worm Horde","floor":37,"turns":1},{"damage":28,"enemies":"Writhing Mass","floor":39,"turns":7},{"damage":23,"enemies":"Nemesis","floor":41,"turns":9},{"damage":40,"enemies":"Spire Growth","floor":44,"turns":5},{"damage":13,"enemies":"Jaw Worm Horde","floor":47,"turns":4},{"damage":38,"enemies":"Awakened One","floor":50,"turns":16}],"seed_played":"1176591922461327066","potions_obtained":[{"floor":1,"key":"FearPotion"},{"floor":8,"key":"Dexterity Potion"},{"floor":13,"key":"AttackPotion"},{"floor":14,"key":"Energy Potion"},{"floor":18,"key":"Regen Potion"},{"floor":23,"key":"Energy Potion"},{"floor":31,"key":"Fire Potion"},{"floor":33,"key":"Fire Potion"},{"floor":47,"key":"PowerPotion"}],"is_trial":false,"path_per_floor":["M","M","M","$","$","E","R","M","T","?","R","$","E","M","R","B",null,"M","M","$","?","M","E","$","R","T","M","E","R","M","M","R","B",null,"M","M","M","$","M","R","E","R","T","M","R","?","M","$","R","B",null],"character_chosen":"THE_SILENT","items_purchased":["Well Laid Plans","Poisoned Stab","Well Laid Plans","Lantern","Noxious Fumes","Dark Shackles"],"campfire_rested":5,"item_purchase_floors":[4,12,24,38,38,48],"current_hp_per_floor":[61,61,61,61,61,37,37,37,37,37,37,37,17,17,38,22,58,58,47,47,47,45,40,40,40,40,40,40,40,40,38,59,45,64,64,64,64,64,36,57,46,46,53,25,48,48,47,47,70,44],"gold":21,"neow_bonus":"RANDOM_COMMON_RELIC","is_prod":false,"is_daily":false,"chose_seed":false,"campfire_upgraded":5,"win_rate":0,"timestamp":1562042213,"path_taken":["M","M","M","?","$","E","R","M","T","?","R","$","E","?","R","BOSS","M","?","$","?","M","E","$","R","T","M","E","R","M","M","R","BOSS","M","?","M","$","M","R","E","R","T","M","R","?","?","?","R","BOSS"],"build_version":"2019-07-01","purchased_purges":2,"victory":true,"max_hp_per_floor":[70,70,70,70,70,70,70,70,70,70,70,70,70,70,70,70,70,70,70,70,70,70,70,70,70,70,70,70,70,70,70,70,70,70,70,70,70,70,70,70,70,70,77,77,77,77,77,77,77,77],"card_choices":[{"not_picked":["Accuracy","Flying Knee"],"picked":"Backflip","floor":1},{"not_picked":["Backflip","Bane"],"picked":"Crippling Poison","floor":2},{"not_picked":["Prepared","Bouncing Flask"],"picked":"PiercingWail","floor":3},{"not_picked":["Heel Hook","Acrobatics"],"picked":"Backstab","floor":6},{"not_picked":["Accuracy","Infinite Blades"],"picked":"Leg Sweep","floor":8},{"not_picked":["Flying Knee","Cloak And Dagger"],"picked":"Poisoned Stab","floor":13},{"not_picked":["Underhanded Strike","Flying Knee"],"picked":"Deadly Poison","floor":14},{"not_picked":["Wraith Form v2","Doppelganger"],"picked":"Corpse Explosion","floor":16},{"not_picked":["Outmaneuver","Setup+1","Flying Knee"],"picked":"SKIP","floor":18},{"not_picked":["Prepared","Bane","Cloak And Dagger"],"picked":"SKIP","floor":19},{"not_picked":["Sucker Punch","Riddle With Holes"],"picked":"PiercingWail+1","floor":22},{"not_picked":["Acrobatics","Underhanded Strike"],"picked":"PiercingWail+1","floor":23},{"not_picked":["Distraction","Outmaneuver"],"picked":"PiercingWail+1","floor":27},{"not_picked":["PiercingWail","Dodge and Roll"],"picked":"Prepared+1","floor":28},{"not_picked":["Flying Knee","Poisoned Stab+1"],"picked":"Footwork","floor":30},{"not_picked":["Underhanded Strike","Dash"],"picked":"Prepared+1","floor":31},{"not_picked":["Doppelganger","A Thousand Cuts"],"picked":"Night Terror","floor":33},{"not_picked":["Bane+1","Flying Knee+1","Bouncing Flask"],"picked":"SKIP","floor":35},{"not_picked":["Deflect","Quick Slash","Caltrops+1"],"picked":"SKIP","floor":36},{"not_picked":["Flying Knee","Dagger Spray+1"],"picked":"Underhanded Strike+1","floor":37},{"not_picked":["Choke+1","Cloak And Dagger"],"picked":"Blur+1","floor":39},{"not_picked":["Quick Slash","Crippling Poison+1"],"picked":"Concentrate+1","floor":41},{"not_picked":["Prepared","Terror+1","Dagger Throw"],"picked":"SKIP","floor":44},{"not_picked":["Quick Slash","Prepared"],"picked":"Deadly Poison+1","floor":47}],"player_experience":100410,"relics_obtained":[{"floor":6,"key":"Art of War"},{"floor":9,"key":"Bag of Preparation"},{"floor":13,"key":"Pen Nib"},{"floor":23,"key":"Meat on the Bone"},{"floor":26,"key":"Bottled Flame"},{"floor":28,"key":"Potion Belt"},{"floor":41,"key":"Bag of Marbles"},{"floor":43,"key":"Strawberry"}],"event_choices":[{"damage_healed":0,"gold_gain":0,"player_choice":"Forge","damage_taken":0,"max_hp_gain":0,"max_hp_loss":0,"event_name":"Accursed Blacksmith","floor":10,"gold_loss":0,"cards_upgraded":["Crippling Poison"]},{"damage_healed":0,"gold_gain":0,"player_choice":"Bet on Owner","damage_taken":0,"max_hp_gain":0,"max_hp_loss":0,"event_name":"The Joust","floor":21,"gold_loss":50},{"damage_healed":0,"gold_gain":0,"player_choice":"1 cards matched","damage_taken":0,"max_hp_gain":0,"max_hp_loss":0,"event_name":"Match and Keep!","floor":46,"gold_loss":0,"cards_obtained":["Dark Shackles"]}],"is_beta":false,"boss_relics":[{"not_picked":["Runic Dome","White Beast Statue"],"picked":"Pandora\u0027s Box"},{"not_picked":["Lizard Tail","Astrolabe"],"picked":"HoveringKite"}],"items_purged_floors":[5,20],"is_endless":false,"potions_floor_spawned":[1,8,13,14,18,23,31,33,47],"ascension_level":6}