{"gold_per_floor":[114,63,63,79,154,180,207,207,207,240,240,240,4,31,31,136,136,155,171,351,351],"floor_reached":21,"playtime":986,"items_purged":[],"score":283,"play_id":"4240f269-752d-48d2-9abd-7317bafe8ebe","local_time":"20190110193212","is_ascension_mode":true,"campfire_choices":[{"data":"Neutralize","floor":8.0,"key":"SMITH"},{"data":"Deadly Poison","floor":11.0,"key":"SMITH"},{"data":"Poisoned Stab","floor":15.0,"key":"SMITH"}],"neow_cost":"NONE","seed_source_timestamp":140884627026283,"circlet_count":0,"master_deck":["Defend_G","Defend_G","Defend_G","Defend_G","Defend_G","Strike_G","Strike_G","Strike_G","Strike_G","Strike_G","Survivor","Neutralize+1","Dagger Throw","Dagger Spray","Deadly Poison+1","Bullet Time","Poisoned Stab+1","Die Die Die","Deadly Poison","Sucker Punch+1","Dramatic Entrance","Forethought"],"special_seed":0,"relics":["Ring of the Snake","NeowsBlessing","Meat on the Bone","Bag of Preparation","The Courier","Pen Nib","Bronze Scales","Omamori","Calipers","Philosopher\u0027s Stone"],"potions_floor_usage":[16,19],"damage_taken":[{"damage":0.0,"enemies":"2 Louse","floor":1.0,"turns":1.0},{"damage":0.0,"enemies":"Cultist","floor":4.0,"turns":1.0},{"damage":0.0,"enemies":"Gremlin Nob","floor":6.0,"turns":1.0},{"damage":18.0,"enemies":"Lagavulin","floor":10.0,"turns":7.0},{"damage":17.0,"enemies":"3 Sentries","floor":14.0,"turns":7.0},{"damage":22,"enemies":"Hexaghost","floor":16,"turns":8},{"damage":5,"enemies":"3 Byrds","floor":18,"turns":3},{"damage":11,"enemies":"2 Thieves","floor":19,"turns":3},{"damage":0,"enemies":"3 Cultists","floor":21,"turns":1}],"seed_played":"-5876711241172196769","potions_obtained":[{"floor":3.0,"key":"GamblersBrew"},{"floor":3.0,"key":"Strength Potion"},{"floor":3.0,"key":"Poison Potion"},{"floor":16,"key":"Block Potion"},{"floor":19,"key":"EssenceOfSteel"}],"is_trial":false,"path_per_floor":["M","$","?","M","?","E","T","R","T","E","R","?","$","E","R","B",null,"M","M","?","M"],"character_chosen":"THE_SILENT","items_purchased":["Dagger Spray","Bronze Scales","Omamori"],"campfire_rested":0,"item_purchase_floors":[2,13,13],"current_hp_per_floor":[63,63,63,63,52,52,52,52,52,46,46,69,69,52,52,42,63,58,47,12,12],"gold":351,"neow_bonus":"THREE_ENEMY_KILL","is_prod":false,"is_daily":false,"chose_seed":false,"campfire_upgraded":3,"win_rate":0,"timestamp":1547170332,"path_taken":["M","$","?","?","?","E","?","R","T","E","R","?","$","E","R","BOSS","M","M","?","M"],"build_version":"2019-01-03v4","purchased_purges":0,"victory":false,"max_hp_per_floor":[70,70,70,70,70,70,70,70,70,70,70,70,70,70,70,70,70,70,70,70,70],"card_choices":[{"not_picked":["PiercingWail","Distraction"],"picked":"Dagger Throw","floor":1.0},{"not_picked":["Dodge and Roll","Heel Hook"],"picked":"Deadly Poison","floor":4.0},{"not_picked":["Tools of the Trade","Expertise"],"picked":"Bullet Time","floor":6.0},{"not_picked":["Prepared","All Out Attack","Distraction"],"picked":"SKIP","floor":10.0},{"not_picked":["Reflex","Catalyst"],"picked":"Poisoned Stab","floor":14.0},{"not_picked":["Tools of the Trade","Bullet Time"],"picked":"Die Die Die","floor":16},{"not_picked":["Flechettes","Well Laid Plans+1"],"picked":"Deadly Poison","floor":18},{"not_picked":["Deflect+1","Outmaneuver"],"picked":"Sucker Punch+1","floor":19}],"player_experience":396877,"relics_obtained":[{"floor":6.0,"key":"Meat on the Bone"},{"floor":7.0,"key":"Bag of Preparation"},{"floor":9.0,"key":"The Courier"},{"floor":10.0,"key":"Pen Nib"},{"floor":14.0,"key":"Calipers"}],"event_choices":[{"damage_healed":0.0,"max_hp_gain":0.0,"max_hp_loss":0.0,"gold_gain":0.0,"event_name":"Lab","player_choice":"Got Potions","floor":3.0,"gold_loss":0.0,"damage_taken":0.0},{"damage_healed":0.0,"max_hp_gain":0.0,"max_hp_loss":0.0,"gold_gain":75.0,"event_name":"World of Goop","player_choice":"Gather Gold","floor":5.0,"gold_loss":0.0,"damage_taken":11.0},{"damage_healed":23.0,"max_hp_gain":0.0,"max_hp_loss":0.0,"gold_gain":0.0,"event_name":"Big Fish","player_choice":"Banana","floor":12.0,"gold_loss":0.0,"damage_taken":0.0},{"damage_healed":0,"gold_gain":180,"player_choice":"CARD CARD GOLD GOLD ","damage_taken":35,"max_hp_gain":0,"max_hp_loss":0,"event_name":"Knowing Skull","floor":20,"potions_obtained":[],"gold_loss":0,"cards_obtained":["Dramatic Entrance","Forethought"]}],"is_beta":false,"boss_relics":[{"not_picked":["HoveringKite","Velvet Choker"],"picked":"Philosopher\u0027s Stone"}],"items_purged_floors":[],"is_endless":false,"potions_floor_spawned":[4,16,18,19],"killed_by":"3 Cultists","ascension_level":6}