{"gold_per_floor":[112,132,144,144,161,161,192,192,218,231,258,268,288,58,58,154,154,164,164,182,56,56,56,56,86,98,77,77,77,106,118,118,216,216,233,233,80,98,108,108,108,124,151,171,9,9,109,125,125,125],"floor_reached":51,"playtime":4602,"items_purged":["Strike_G","Defend_G","Defend_G"],"score":905,"play_id":"0911cc98-8b84-4fc2-b317-a2c2e95f03b1","local_time":"20190130220740","is_ascension_mode":true,"campfire_choices":[{"data":"Dagger Spray","floor":6,"key":"SMITH"},{"floor":8,"key":"REST"},{"data":"Noxious Fumes","floor":15,"key":"SMITH"},{"data":"Skewer","floor":23,"key":"SMITH"},{"data":"Footwork","floor":29,"key":"SMITH"},{"data":"Calculated Gamble","floor":32,"key":"SMITH"},{"data":"Well Laid Plans","floor":40,"key":"SMITH"},{"data":"Burst","floor":46,"key":"SMITH"},{"floor":49,"key":"REST"}],"neow_cost":"NONE","seed_source_timestamp":540377844575652,"circlet_count":0,"master_deck":["Defend_G","Defend_G","Defend_G","Strike_G","Strike_G","Strike_G","Strike_G","Survivor","Neutralize+1","Flying Knee","Backflip","Dagger Spray+1","Cloak And Dagger","Backflip","Dodge and Roll","Crippling Poison","Noxious Fumes+1","Backstab","Blur","Skewer+1","Backflip","Ghostly","Ghostly","Ghostly","Ghostly","Ghostly","Dagger Throw","Footwork+1","Calculated Gamble+1","Burst+1","Dash","Dash","PiercingWail+1","Caltrops","Well Laid Plans+1","Noxious Fumes","Backflip","Footwork+1","Adrenaline","Cloak And Dagger+1","Backflip","Backstab","PiercingWail"],"relics":["Ring of the Snake","PreservedInsect","Bag of Marbles","Regal Pillow","Art of War","Sozu","Ninja Scroll","MawBank","The Courier","Orrery","Strawberry","Du-Vu Doll"],"potions_floor_usage":[2,11,33,50],"damage_taken":[{"damage":0,"enemies":"2 Louse","floor":1,"turns":3},{"damage":0,"enemies":"Cultist","floor":2,"turns":3},{"damage":1,"enemies":"Small Slimes","floor":3,"turns":4},{"damage":14,"enemies":"2 Fungi Beasts","floor":5,"turns":3},{"damage":9,"enemies":"3 Sentries","floor":7,"turns":7},{"damage":2,"enemies":"Blue Slaver","floor":10,"turns":4},{"damage":0,"enemies":"Gremlin Nob","floor":11,"turns":2},{"damage":0,"enemies":"Large Slime","floor":12,"turns":5},{"damage":0,"enemies":"Exordium Thugs","floor":13,"turns":3},{"damage":28,"enemies":"Hexaghost","floor":16,"turns":12},{"damage":4,"enemies":"2 Thieves","floor":18,"turns":4},{"damage":6,"enemies":"Chosen","floor":20,"turns":5},{"damage":0,"enemies":"Gremlin Leader","floor":25,"turns":5},{"damage":0,"enemies":"Slavers","floor":30,"turns":5},{"damage":3,"enemies":"Snake Plant","floor":31,"turns":4},{"damage":7,"enemies":"Collector","floor":33,"turns":13},{"damage":3,"enemies":"3 Darklings","floor":35,"turns":5},{"damage":0,"enemies":"3 Shapes","floor":38,"turns":4},{"damage":0,"enemies":"Jaw Worm Horde","floor":39,"turns":4},{"damage":0,"enemies":"Transient","floor":42,"turns":5},{"damage":0,"enemies":"Maw","floor":44,"turns":9},{"damage":0,"enemies":"Mind Bloom Boss Battle","floor":47,"turns":9},{"damage":0,"enemies":"Sphere and 2 Shapes","floor":48,"turns":9},{"damage":27,"enemies":"Awakened One","floor":50,"turns":25}],"seed_played":"-639263727569565478","potions_obtained":[{"floor":0,"key":"FearPotion"},{"floor":0,"key":"SpeedPotion"},{"floor":0,"key":"AttackPotion"},{"floor":3,"key":"SkillPotion"},{"floor":10,"key":"GamblersBrew"},{"floor":13,"key":"Dexterity Potion"}],"is_trial":false,"path_per_floor":["M","M","M","?","M","R","E","R","T","M","E","M","M","$","R","B",null,"M","?","M","$","?","R","T","E","T","$","?","R","E","M","R","B",null,"M","?","$","M","M","R","?","M","T","M","$","R","?","M","R","B",null],"character_chosen":"THE_SILENT","items_purchased":["Art of War","Backflip","Footwork","Well Laid Plans","Noxious Fumes","Backflip","Backstab"],"campfire_rested":2,"item_purchase_floors":[14,21,27,37,37,37,45],"current_hp_per_floor":[70,70,69,69,55,55,46,67,67,65,65,65,65,65,65,37,70,66,66,60,60,35,35,35,35,35,35,35,35,35,32,32,25,35,32,32,32,32,32,32,29,29,36,36,36,36,36,36,42,15],"gold":125,"neow_bonus":"THREE_SMALL_POTIONS","is_prod":false,"is_daily":false,"chose_seed":false,"campfire_upgraded":7,"win_rate":0,"timestamp":1548907660,"path_taken":["M","M","M","?","?","R","E","R","T","M","E","?","M","$","R","BOSS","M","?","M","$","?","R","?","E","T","?","?","R","E","M","R","BOSS","M","?","$","?","M","R","?","M","T","?","$","R","?","M","R","BOSS"],"build_version":"2019-01-23","purchased_purges":3,"victory":true,"max_hp_per_floor":[70,70,70,70,70,70,70,70,70,70,70,70,70,70,70,70,70,70,70,70,70,35,35,35,35,35,35,35,35,35,35,35,35,35,35,35,35,35,35,35,35,35,42,42,42,42,42,42,42,42],"card_choices":[{"not_picked":["Acrobatics","Slice"],"picked":"Flying Knee","floor":1},{"not_picked":["Cloak And Dagger","Heel Hook"],"picked":"Backflip","floor":2},{"not_picked":["Accuracy","Flechettes"],"picked":"Dagger Spray","floor":3},{"not_picked":["Catalyst","Blade Dance"],"picked":"Cloak And Dagger","floor":5},{"not_picked":["Venomology","Dagger Throw"],"picked":"Backflip","floor":7},{"not_picked":["Tactician","Sucker Punch"],"picked":"Dodge and Roll","floor":10},{"not_picked":["Bane","Endless Agony"],"picked":"Crippling Poison","floor":11},{"not_picked":["Dodge and Roll","Deflect"],"picked":"Noxious Fumes","floor":12},{"not_picked":["Caltrops","Cloak And Dagger"],"picked":"Backstab","floor":13},{"not_picked":["Underhanded Strike+1","Sucker Punch"],"picked":"Blur","floor":18},{"not_picked":["Acrobatics+1","Quick Slash"],"picked":"Skewer","floor":20},{"not_picked":["Crippling Poison","Concentrate"],"picked":"Dagger Throw","floor":25},{"not_picked":["Terror+1","Sucker Punch"],"picked":"Calculated Gamble","floor":30},{"not_picked":["Deflect","Cloak And Dagger","Slice"],"picked":"SKIP","floor":31},{"not_picked":["Venomology","Grand Finale"],"picked":"Burst","floor":33},{"not_picked":["Concentrate","Bouncing Flask+1"],"picked":"Dash","floor":34},{"not_picked":["Poisoned Stab","Dodge and Roll+1"],"picked":"Dash","floor":34},{"not_picked":["Acrobatics","Sucker Punch+1"],"picked":"PiercingWail+1","floor":35},{"not_picked":["Blade Dance","Dagger Spray"],"picked":"Footwork+1","floor":38},{"not_picked":["Blade Dance","Calculated Gamble+1"],"picked":"Adrenaline","floor":39},{"not_picked":["Backflip","Outmaneuver+1"],"picked":"Cloak And Dagger+1","floor":42},{"not_picked":["Bane+1","Quick Slash+1"],"picked":"Backflip","floor":44},{"not_picked":["Crippling Poison+1","Calculated Gamble+1"],"picked":"PiercingWail","floor":47},{"not_picked":["Cloak And Dagger","Slice+1","Bane+1"],"picked":"SKIP","floor":48}],"player_experience":55774,"relics_obtained":[{"floor":7,"key":"PreservedInsect"},{"floor":9,"key":"Bag of Marbles"},{"floor":11,"key":"Regal Pillow"},{"floor":24,"key":"Ninja Scroll"},{"floor":25,"key":"MawBank"},{"floor":26,"key":"The Courier"},{"floor":43,"key":"Strawberry"},{"floor":47,"key":"Du-Vu Doll"}],"event_choices":[{"damage_healed":0,"gold_gain":0,"player_choice":"Forge","damage_taken":0,"max_hp_gain":0,"max_hp_loss":0,"event_name":"Accursed Blacksmith","floor":4,"gold_loss":0,"cards_upgraded":["Neutralize"]},{"damage_healed":0,"gold_gain":0,"player_choice":"Ignored","damage_taken":0,"max_hp_gain":0,"max_hp_loss":0,"event_name":"Beggar","floor":19,"gold_loss":0},{"damage_healed":0,"gold_gain":0,"player_choice":"Became a Ghost","damage_taken":0,"max_hp_gain":0,"max_hp_loss":35,"event_name":"Ghosts","floor":22,"gold_loss":0,"cards_obtained":["Ghostly","Ghostly","Ghostly","Ghostly","Ghostly"]},{"damage_healed":0,"gold_gain":0,"player_choice":"Bought 0 Potions","damage_taken":0,"max_hp_gain":0,"max_hp_loss":0,"event_name":"The Woman in Blue","floor":28,"gold_loss":0},{"damage_healed":0,"gold_gain":0,"player_choice":"1 cards matched","damage_taken":0,"max_hp_gain":0,"max_hp_loss":0,"event_name":"Match and Keep!","floor":36,"gold_loss":0,"cards_obtained":["Caltrops"]},{"damage_healed":0,"gold_gain":0,"player_choice":"Damaged","damage_taken":3,"max_hp_gain":0,"max_hp_loss":0,"event_name":"Wheel of Change","floor":41,"gold_loss":0},{"damage_healed":0,"gold_gain":0,"player_choice":"Fight","damage_taken":0,"max_hp_gain":0,"max_hp_loss":0,"event_name":"MindBloom","floor":47,"gold_loss":0}],"is_beta":false,"boss_relics":[{"not_picked":["Runic Pyramid","Pandora\u0027s Box"],"picked":"Sozu"},{"not_picked":["Eternal Feather","Ring of the Serpent"],"picked":"Orrery"}],"items_purged_floors":[14,21,45],"is_endless":false,"potions_floor_spawned":[1,3,10,13,18,31,38,42,44],"ascension_level":3}