{"path_per_floor":["M","?","?","$","?","E","R","?","T","R","M","R","M","?","R","B",null,"M"],"character_chosen":"DEFECT","items_purchased":[],"gold_per_floor":[111,111,111,36,336,371,371,546,546,546,567,567,590,620,620,750,750,774,774],"floor_reached":19,"campfire_rested":1,"playtime":824,"current_hp_per_floor":[74,74,74,74,74,44,44,44,44,66,66,66,66,66,66,7,75,51,0],"items_purged":["Injury"],"gold":774,"score":163,"play_id":"8c4c6fa6-8eb8-4d71-8659-f16778b26979","local_time":"20180518131149","is_prod":false,"is_daily":false,"chose_seed":false,"is_ascension_mode":false,"campfire_upgraded":3,"timestamp":1526663509,"campfire_choices":[{"data":"Loop","floor":7,"key":"SMITH"},{"floor":10,"key":"REST"},{"data":"Zap","floor":12,"key":"SMITH"},{"data":"Capacitor","floor":15,"key":"SMITH"}],"path_taken":["M","?","?","$","?","E","R","?","T","R","M","R","M","?","R","BOSS","M","?"],"build_version":"2018-05-17","seed_source_timestamp":381704129305881,"purchased_purges":1,"victory":false,"master_deck":["Strike_B","Strike_B","Strike_B","Strike_B","Defend_B","Defend_B","Defend_B","Defend_B","Zap+1","Dualcast","Beam Cell","Loop+1","Doubt","Cold Snap","Capacitor+1","Fission"],"max_hp_per_floor":[75,75,75,75,75,75,75,75,75,75,75,75,75,75,75,75,75,75,75],"relics":["Cracked Core","Golden Idol","Old Coin","Potion Belt","Orichalcum"],"card_choices":[{"not_picked":["Hello World","Steam"],"picked":"Storm","floor":1},{"not_picked":["BootSequence","Sweeping Beam"],"picked":"Loop","floor":6},{"not_picked":["Barrage","Coolheaded"],"picked":"Cold Snap","floor":11},{"not_picked":["Axe Kick","Hello World"],"picked":"Capacitor","floor":13},{"not_picked":["Seek","Thunder Strike"],"picked":"Fission","floor":16},{"not_picked":["Conserve Battery","Go for the Eyes","Leap"],"picked":"SKIP","floor":18}],"player_experience":4215,"potions_floor_usage":[],"damage_taken":[{"damage":1,"enemies":"Jaw Worm","floor":1,"turns":3},{"damage":30,"enemies":"Lagavulin","floor":6,"turns":6},{"damage":0,"enemies":"Cultist","floor":11,"turns":3},{"damage":0,"enemies":"Small Slimes","floor":13,"turns":3},{"damage":59,"enemies":"Hexaghost","floor":16,"turns":12},{"damage":24,"enemies":"3 Byrds","floor":18,"turns":8},{"damage":63,"enemies":"Masked Bandits","floor":19,"turns":3}],"relics_obtained":[{"floor":6,"key":"Potion Belt"},{"floor":9,"key":"Orichalcum"}],"event_choices":[{"event_name":"Transmorgrifier","player_choice":"Transform","floor":2,"damage_taken":0},{"event_name":"Golden Idol","player_choice":"Take Wound","floor":3,"damage_taken":0},{"event_name":"Wheel of Change","player_choice":"Relic","floor":5,"damage_taken":0},{"event_name":"Liars Game","player_choice":"agreed","floor":8,"damage_taken":0},{"event_name":"Dead Adventurer","player_choice":"Searched \u00271\u0027 times","floor":14,"damage_taken":0},{"event_name":"Masked Bandits","player_choice":"Fought over 774 gold","floor":19,"damage_taken":0}],"boss_relics":[{"not_picked":["White Beast Statue","Snecko Eye","Velvet Choker"]}],"potions_floor_spawned":[1],"seed_played":"8466274903326131258","killed_by":"Masked Bandits","ascension_level":0,"potions_obtained":[{"floor":1,"key":"SteroidPotion"}],"is_trial":false}