{"gold_per_floor":[110,31,31,45,60,91,91,16,16,36,36,36,62,62,62,160,160,177,177,96,116,129,228,228,228,228,89,102,115,115,130,130,231,281,299,19,19,19,39,39,55,68,93,0,0],"floor_reached":45,"playtime":2564,"items_purged":["Strike_G","Strike_G"],"score":444,"play_id":"d94e2d18-413d-4cf2-86ef-8aca85711371","local_time":"20191009093608","is_ascension_mode":true,"campfire_choices":[{"floor":7,"key":"RECALL"},{"floor":12,"key":"REST"},{"floor":15,"key":"REST"},{"floor":25,"key":"REST"},{"floor":32,"key":"REST"},{"floor":40,"key":"REST"}],"neow_cost":"NONE","seed_source_timestamp":177032174369200,"circlet_count":0,"master_deck":["Strike_G+1","Defend_G+1","Defend_G+1","Defend_G+1","Defend_G+1","Defend_G+1","Survivor+1","Neutralize+1","Outmaneuver","Noxious Fumes+1","Backstab","Corpse Explosion","Well Laid Plans","Poisoned Stab+1","Noxious Fumes","Outmaneuver+1","Blur","Backflip+1","Expertise","After Image+1","Blur","Backflip","Backstab+1","Backflip+1"],"relics":["Ring of the Snake","NeowsBlessing","Bottled Flame","Whetstone","Nloth\u0027s Gift","Nilry\u0027s Codex","War Paint","Tiny House","TwistedFunnel","Dream Catcher","Red Mask"],"potions_floor_usage":[45,45],"damage_taken":[{"damage":0,"enemies":"Cultist","floor":1,"turns":1},{"damage":0,"enemies":"2 Louse","floor":4,"turns":1},{"damage":0,"enemies":"Small Slimes","floor":5,"turns":1},{"damage":28,"enemies":"3 Sentries","floor":6,"turns":5},{"damage":0,"enemies":"Blue Slaver","floor":10,"turns":5},{"damage":13,"enemies":"Lagavulin","floor":13,"turns":6},{"damage":3,"enemies":"The Guardian","floor":16,"turns":10},{"damage":9,"enemies":"Shell Parasite","floor":18,"turns":6},{"damage":4,"enemies":"Spheric Guardian","floor":21,"turns":5},{"damage":18,"enemies":"Snecko","floor":22,"turns":7},{"damage":2,"enemies":"Cultist and Chosen","floor":28,"turns":5},{"damage":16,"enemies":"Shelled Parasite and Fungi","floor":29,"turns":6},{"damage":0,"enemies":"Snake Plant","floor":31,"turns":5},{"damage":17,"enemies":"Champ","floor":33,"turns":13},{"damage":8,"enemies":"Orb Walker","floor":35,"turns":5},{"damage":16,"enemies":"3 Darklings","floor":39,"turns":5},{"damage":32,"enemies":"Transient","floor":41,"turns":5},{"damage":13,"enemies":"Sphere and 2 Shapes","floor":42,"turns":7},{"damage":63,"enemies":"Giant Head","floor":45,"turns":11}],"seed_played":"-7516008153267789","potions_obtained":[{"floor":4,"key":"Dexterity Potion"},{"floor":5,"key":"PowerPotion"},{"floor":13,"key":"AttackPotion"},{"floor":29,"key":"FairyPotion"},{"floor":31,"key":"Strength Potion"}],"is_trial":false,"path_per_floor":["M","$","?","M","M","E","R","$","T","M","$","R","E","?","R","B",null,"M","?","$","M","M","?","?","R","T","$","M","M","?","M","R","B",null,"M","$","?","?","M","R","M","M","T","?","E"],"character_chosen":"THE_SILENT","items_purchased":["Noxious Fumes","Noxious Fumes","Blur","TwistedFunnel","Blur"],"campfire_rested":5,"item_purchase_floors":[2,20,27,36,36],"current_hp_per_floor":[70,70,70,70,70,42,42,42,42,42,42,63,50,36,57,54,70,61,61,61,57,39,39,23,44,44,44,42,26,26,26,47,30,75,67,67,67,67,51,73,41,28,28,28,0],"gold":0,"neow_bonus":"THREE_ENEMY_KILL","is_prod":false,"is_daily":false,"chose_seed":false,"campfire_upgraded":0,"win_rate":0,"timestamp":1570628168,"path_taken":["M","?","?","M","M","E","R","$","T","?","?","R","E","?","R","BOSS","M","?","$","M","?","?","?","R","T","$","M","M","?","M","R","BOSS","M","$","?","?","?","R","M","M","T","?","E"],"build_version":"2019-07-17","purchased_purges":2,"victory":false,"max_hp_per_floor":[70,70,70,70,70,70,70,70,70,70,70,70,70,70,70,70,70,70,70,70,70,70,70,70,70,70,70,70,70,70,70,70,70,75,75,75,75,75,75,75,75,75,75,75,75],"card_choices":[{"not_picked":["Quick Slash","Dagger Spray"],"picked":"Outmaneuver","floor":1},{"not_picked":["Finisher","Underhanded Strike"],"picked":"Backstab","floor":4},{"not_picked":["Bane","Catalyst"],"picked":"Corpse Explosion","floor":5},{"not_picked":["Infinite Blades","Doppelganger"],"picked":"Well Laid Plans","floor":6},{"not_picked":["Dagger Spray","Deflect","Cloak And Dagger"],"picked":"SKIP","floor":10},{"not_picked":["Infinite Blades","Outmaneuver","Backstab"],"picked":"SKIP","floor":13},{"not_picked":["Infinite Blades+1","Backflip"],"picked":"Poisoned Stab+1","floor":18},{"not_picked":["Deflect","Riddle With Holes"],"picked":"Outmaneuver+1","floor":21},{"not_picked":["Dagger Spray","Bouncing Flask","Backstab"],"picked":"SKIP","floor":22},{"not_picked":["Dagger Spray","Well Laid Plans","Heel Hook"],"picked":"SKIP","floor":28},{"not_picked":["Phantasmal Killer","Dagger Throw"],"picked":"Backflip+1","floor":29},{"not_picked":["Leg Sweep","Outmaneuver"],"picked":"Expertise","floor":31},{"not_picked":["Grand Finale","Bullet Time"],"picked":"After Image","floor":33},{"not_picked":["Quick Slash","Dagger Throw+1","Poisoned Stab"],"picked":"SKIP","floor":35},{"not_picked":["Deflect","Eviscerate"],"picked":"Backflip","floor":39},{"not_picked":["Sucker Punch+1","Flying Knee"],"picked":"Backstab+1","floor":41},{"not_picked":["Eviscerate+1","Crippling Poison+1"],"picked":"Backflip+1","floor":42}],"player_experience":107019,"relics_obtained":[{"floor":6,"key":"Bottled Flame"},{"floor":13,"key":"Whetstone"},{"floor":24,"key":"Nilry\u0027s Codex"},{"floor":26,"key":"War Paint"},{"floor":43,"key":"Dream Catcher"}],"event_choices":[{"damage_healed":0,"gold_gain":0,"player_choice":"Forge","damage_taken":0,"max_hp_gain":0,"max_hp_loss":0,"event_name":"Accursed Blacksmith","floor":3,"gold_loss":0,"cards_upgraded":["Noxious Fumes"]},{"damage_healed":0,"gold_gain":0,"player_choice":"Entered Light","damage_taken":14,"max_hp_gain":0,"max_hp_loss":0,"event_name":"Shining Light","floor":14,"gold_loss":0,"cards_upgraded":["Defend_G","Defend_G"]},{"damage_healed":0,"gold_gain":0,"player_choice":"Traded Relic","damage_taken":0,"relics_obtained":["Nloth\u0027s Gift"],"max_hp_gain":0,"max_hp_loss":0,"event_name":"N\u0027loth","floor":19,"relics_lost":["Empty Cage"],"gold_loss":0},{"damage_healed":0,"gold_gain":99,"player_choice":"Stole From Cult","damage_taken":0,"max_hp_gain":0,"max_hp_loss":0,"event_name":"Nest","floor":23,"gold_loss":0},{"damage_healed":0,"gold_gain":0,"player_choice":"Obtained Book","damage_taken":16,"max_hp_gain":0,"max_hp_loss":0,"event_name":"Cursed Tome","floor":24,"gold_loss":0},{"damage_healed":0,"gold_gain":0,"player_choice":"Simplicity","damage_taken":0,"max_hp_gain":0,"max_hp_loss":0,"event_name":"Back to Basics","floor":30,"gold_loss":0,"cards_upgraded":["Defend_G","Defend_G"]},{"damage_healed":0,"gold_gain":0,"player_choice":"Memory 1","damage_taken":0,"max_hp_gain":0,"max_hp_loss":0,"event_name":"SensoryStone","floor":37,"gold_loss":0},{"damage_healed":0,"gold_gain":0,"player_choice":"0 cards matched","damage_taken":0,"max_hp_gain":0,"max_hp_loss":0,"event_name":"Match and Keep!","floor":38,"gold_loss":0,"cards_obtained":[]},{"damage_healed":0,"gold_gain":0,"player_choice":"Paid","damage_taken":0,"relics_obtained":["Red Mask"],"max_hp_gain":0,"max_hp_loss":0,"event_name":"Tomb of Lord Red Mask","floor":44,"gold_loss":93}],"is_beta":false,"boss_relics":[{"not_picked":["Astrolabe","Coffee Dripper"],"picked":"Empty Cage"},{"not_picked":["HoveringKite","WristBlade"],"picked":"Tiny House"}],"items_purged_floors":[8,27],"is_endless":false,"potions_floor_spawned":[4,5,13,22,28,29,31,33,42],"killed_by":"Giant Head","ascension_level":1}