{"gold_per_floor":[111,111,111,129,79,79,108,125,152,164,190,115,115,133,133,232,232,242,255,14,28,0,100,100,112,158,158,58,58,58,70,70,70],"floor_reached":33,"playtime":1637,"items_purged":["Strike_B","Zap"],"score":294,"play_id":"89313a60-145f-4b1c-bce2-858756b052a5","local_time":"20181205173337","is_ascension_mode":true,"campfire_choices":[{"data":"Gash","floor":6.0,"key":"SMITH"},{"floor":13.0,"key":"REST"},{"floor":15.0,"key":"REST"},{"floor":24.0,"key":"REST"},{"data":"Chill","floor":27.0,"key":"SMITH"},{"data":"Defend_B","floor":32,"key":"SMITH"}],"neow_cost":"NONE","seed_source_timestamp":1886414152535875,"circlet_count":0,"master_deck":["Strike_B+1","Strike_B+1","Strike_B+1","Defend_B","Defend_B","Defend_B+1","Defend_B","Gash+1","BootSequence","Beam Cell+1","Echo Form","Chill+1","Conserve Battery","Hyperbeam+1","Go for the Eyes+1","Gash+1","Chill+1"],"special_seed":0,"relics":["Cracked Core","NeowsBlessing","Molten Egg 2","Dream Catcher","Potion Belt","White Beast Statue","Toxic Egg 2","Whetstone","Bronze Scales"],"potions_floor_usage":[33,33,33,33,33],"damage_taken":[{"damage":0.0,"enemies":"2 Louse","floor":1.0,"turns":1.0},{"damage":0.0,"enemies":"Jaw Worm","floor":4.0,"turns":1.0},{"damage":0.0,"enemies":"Gremlin Nob","floor":7.0,"turns":1.0},{"damage":0.0,"enemies":"Small Slimes","floor":8.0,"turns":3.0},{"damage":0.0,"enemies":"Exordium Wildlife","floor":10.0,"turns":3.0},{"damage":24.0,"enemies":"3 Sentries","floor":11.0,"turns":8.0},{"damage":1.0,"enemies":"3 Louse","floor":14.0,"turns":4.0},{"damage":37.0,"enemies":"Hexaghost","floor":16.0,"turns":9.0},{"damage":16.0,"enemies":"2 Thieves","floor":18.0,"turns":3.0},{"damage":0.0,"enemies":"Chosen","floor":19.0,"turns":3.0},{"damage":24.0,"enemies":"Snake Plant","floor":21.0,"turns":5.0},{"damage":9.0,"enemies":"3 Cultists","floor":25.0,"turns":4.0},{"damage":0,"enemies":"Cultist and Chosen","floor":31,"turns":6},{"damage":48,"enemies":"Automaton","floor":33,"turns":8}],"seed_played":"2924350460004831458","potions_obtained":[{"floor":4.0,"key":"Ancient Potion"},{"floor":8.0,"key":"Fire Potion"},{"floor":10.0,"key":"LiquidBronze"},{"floor":14.0,"key":"Strength Potion"},{"floor":16.0,"key":"EntropicBrew"},{"floor":18.0,"key":"FearPotion"},{"floor":21.0,"key":"Ancient Potion"},{"floor":25.0,"key":"Explosive Potion"},{"floor":31,"key":"SpeedPotion"}],"is_trial":false,"path_per_floor":["M","?","T","M","?","R","E","M","T","M","E","$","R","M","R","B",null,"M","M","$","M","?","?","R","M","T","R","$","T","?","M","R","B"],"character_chosen":"DEFECT","items_purchased":["Toxic Egg 2"],"campfire_rested":3,"item_purchase_floors":[20],"current_hp_per_floor":[75,60,60,60,60,60,60,60,60,60,36,36,58,57,75,38,75,59,59,59,35,35,35,57,48,48,48,48,48,48,48,48,0],"gold":70,"neow_bonus":"THREE_ENEMY_KILL","is_prod":false,"is_daily":false,"chose_seed":false,"campfire_upgraded":3,"win_rate":0,"timestamp":1544052817,"path_taken":["M","?","?","M","?","R","E","M","T","M","E","$","R","M","R","BOSS","M","M","$","M","?","?","R","?","T","R","$","?","?","M","R","BOSS"],"build_version":"2018-11-15","purchased_purges":2,"victory":false,"max_hp_per_floor":[75,75,75,75,75,75,75,75,75,75,75,75,75,75,75,75,75,75,75,75,75,75,75,75,75,75,75,75,75,75,75,75,75],"card_choices":[{"not_picked":["Sweeping Beam","Turbo"],"picked":"Gash","floor":1.0},{"not_picked":["Turbo","Steam"],"picked":"BootSequence","floor":4.0},{"not_picked":["Static Discharge","Steam","Rebound+1"],"picked":"SKIP","floor":7.0},{"not_picked":["Sunder+1","Cold Snap+1"],"picked":"Beam Cell+1","floor":8.0},{"not_picked":["Coolheaded","Force Field","Melter+1"],"picked":"SKIP","floor":10.0},{"not_picked":["Sweeping Beam+1","Conserve Battery"],"picked":"Echo Form","floor":11.0},{"not_picked":["Tempest","Cold Snap+1"],"picked":"Chill","floor":13.0},{"not_picked":["Doom and Gloom+1","Skim"],"picked":"Conserve Battery","floor":14.0},{"not_picked":["Multi-Cast","Core Surge+1"],"picked":"Hyperbeam+1","floor":16.0},{"not_picked":["Ball Lightning+1","Aggregate","Self Repair+1"],"picked":"SKIP","floor":18.0},{"not_picked":["Rebound+1","Turbo","Compile Driver+1"],"picked":"SKIP","floor":19.0},{"not_picked":["Ball Lightning+1","Rebound+1"],"picked":"Go for the Eyes+1","floor":21.0},{"not_picked":["Rebound+1","Compile Driver+1"],"picked":"Gash+1","floor":24.0},{"not_picked":["Reprogram+1","Rainbow+1"],"picked":"Chill+1","floor":25.0},{"not_picked":["Barrage+1","Streamline+1","Chaos+1"],"picked":"SKIP","floor":31}],"player_experience":228777,"relics_obtained":[{"floor":3.0,"key":"Molten Egg 2"},{"floor":7.0,"key":"Dream Catcher"},{"floor":11.0,"key":"Potion Belt"},{"floor":26.0,"key":"Whetstone"},{"floor":29.0,"key":"Bronze Scales"}],"event_choices":[{"damage_healed":0.0,"max_hp_gain":0.0,"max_hp_loss":0.0,"gold_gain":0.0,"event_name":"Shining Light","player_choice":"Entered Light","floor":2.0,"gold_loss":0.0,"damage_taken":15.0,"cards_upgraded":["Strike_B","Strike_B"]},{"cards_removed":["Dualcast"],"damage_healed":0.0,"max_hp_gain":0.0,"max_hp_loss":0.0,"gold_gain":0.0,"event_name":"The Cleric","player_choice":"Card Removal","floor":5.0,"gold_loss":50.0,"damage_taken":0.0},{"damage_healed":0.0,"max_hp_gain":0.0,"max_hp_loss":0.0,"gold_gain":0.0,"event_name":"Masked Bandits","player_choice":"Paid Fearfully","floor":22.0,"gold_loss":28.0,"damage_taken":0.0},{"damage_healed":0.0,"max_hp_gain":0.0,"max_hp_loss":0.0,"gold_gain":100.0,"event_name":"Golden Shrine","player_choice":"Pray","floor":23.0,"gold_loss":0.0,"damage_taken":0.0},{"damage_healed":0,"gold_gain":0,"player_choice":"Ignored","damage_taken":0,"max_hp_gain":0,"max_hp_loss":0,"event_name":"The Mausoleum","floor":30,"gold_loss":0}],"is_beta":false,"boss_relics":[{"not_picked":["Orrery","Fusion Hammer"],"picked":"White Beast Statue"}],"items_purged_floors":[12,28],"is_endless":false,"potions_floor_spawned":[4,8,10,14,16,18,19,21,25,31],"killed_by":"Automaton","ascension_level":1}