{"gold_per_floor":[118,193,193,206,8,42,217,217,217,142,142,142,185,201,201,322,322,347,347,49,73,89,103,103,122,122,0,14,14,14,35,35,165,165,189,214,235,253,253,253,274,274,274,312,335,349,349,369,369,369],"floor_reached":51,"playtime":1073,"items_purged":["Doubt"],"score":764,"play_id":"5409ebad-decb-4c7e-a737-7f81161c0c6a","local_time":"20190125000617","is_ascension_mode":false,"campfire_choices":[{"data":"Bash","floor":8,"key":"SMITH"},{"data":"Whirlwind","floor":15,"key":"SMITH"},{"floor":24,"key":"REST"},{"data":"Heavy Blade","floor":29,"key":"SMITH"},{"floor":32,"key":"REST"},{"data":"Pummel","floor":40,"key":"SMITH"},{"floor":47,"key":"REST"},{"floor":49,"key":"REST"}],"neow_cost":"NONE","seed_source_timestamp":32622881892610,"circlet_count":0,"master_deck":["Strike_R","Strike_R","Strike_R","Strike_R","Strike_R+1","Bash+1","Sword Boomerang","Anger","Whirlwind+1","Immolate","Fire Breathing+1","Seeing Red+1","Inflame+1","Pummel+1","Heavy Blade+1","Inflame+1","Heavy Blade+1","Combust","Battle Trance+1","Limit Break+1","Clash+1","Flex+1","Heavy Blade+1","Headbutt+1","Pommel Strike+1","Flex+1","Pommel Strike+1"],"relics":["Burning Blood","NeowsBlessing","Golden Idol","Brimstone","PreservedInsect","Toxic Egg 2","War Paint","Astrolabe","FossilizedHelix","Paper Frog","Orrery","Orichalcum","Pen Nib","Red Skull"],"potions_floor_usage":[13,33,33,33,41,45,48,50],"damage_taken":[{"damage":0,"enemies":"Cultist","floor":1,"turns":1},{"damage":0,"enemies":"Small Slimes","floor":4,"turns":1},{"damage":0,"enemies":"3 Sentries","floor":6,"turns":1},{"damage":0,"enemies":"Lagavulin","floor":13,"turns":2},{"damage":4,"enemies":"Jaw Worm","floor":14,"turns":2},{"damage":29,"enemies":"The Guardian","floor":16,"turns":5},{"damage":22,"enemies":"2 Thieves","floor":18,"turns":2},{"damage":23,"enemies":"Shell Parasite","floor":21,"turns":3},{"damage":18,"enemies":"Snake Plant","floor":22,"turns":3},{"damage":10,"enemies":"Shelled Parasite and Fungi","floor":23,"turns":2},{"damage":0,"enemies":"Sentry and Sphere","floor":25,"turns":3},{"damage":0,"enemies":"3 Cultists","floor":28,"turns":3},{"damage":13,"enemies":"Chosen and Byrds","floor":31,"turns":3},{"damage":18,"enemies":"Collector","floor":33,"turns":4},{"damage":1,"enemies":"3 Darklings","floor":35,"turns":3},{"damage":5,"enemies":"3 Shapes","floor":37,"turns":2},{"damage":0,"enemies":"Maw","floor":38,"turns":3},{"damage":0,"enemies":"Jaw Worm Horde","floor":41,"turns":2},{"damage":34,"enemies":"Reptomancer","floor":44,"turns":3},{"damage":27,"enemies":"Writhing Mass","floor":45,"turns":3},{"damage":4,"enemies":"Transient","floor":46,"turns":5},{"damage":0,"enemies":"Sphere and 2 Shapes","floor":48,"turns":2},{"damage":66,"enemies":"Donu and Deca","floor":50,"turns":5}],"seed_played":"-6647227066035505784","potions_obtained":[{"floor":4,"key":"Explosive Potion"},{"floor":18,"key":"Strength Potion"},{"floor":21,"key":"Swift Potion"},{"floor":22,"key":"EssenceOfSteel"},{"floor":33,"key":"Fire Potion"},{"floor":35,"key":"Energy Potion"},{"floor":45,"key":"SpeedPotion"},{"floor":48,"key":"Block Potion"}],"is_trial":false,"path_per_floor":["M","?","?","M","$","E","?","R","T","$","?","?","E","M","R","B",null,"M","?","$","M","M","M","R","M","T","?","M","R","?","M","R","B",null,"M","T","M","M","?","R","M","?","T","E","M","M","R","M","R","B",null],"character_chosen":"IRONCLAD","items_purchased":["Brimstone","FossilizedHelix"],"campfire_rested":4,"item_purchase_floors":[5,20],"current_hp_per_floor":[80,69,49,55,55,61,61,61,61,61,45,45,51,53,53,30,80,64,64,64,47,35,31,55,61,61,61,67,67,67,60,80,68,80,80,80,80,80,76,76,76,76,76,48,27,29,51,57,76,16],"gold":369,"neow_bonus":"THREE_ENEMY_KILL","is_prod":false,"is_daily":false,"chose_seed":false,"campfire_upgraded":4,"win_rate":0,"timestamp":1548396377,"path_taken":["M","?","?","M","$","E","?","R","T","?","?","?","E","M","R","BOSS","M","?","$","?","M","M","R","M","T","?","M","R","?","M","R","BOSS","M","?","M","M","?","R","M","?","T","E","M","?","R","M","R","BOSS"],"build_version":"2019-01-23","purchased_purges":1,"victory":true,"max_hp_per_floor":[80,80,80,80,80,80,80,80,80,80,80,80,80,80,80,80,80,80,80,80,80,80,80,80,80,80,80,80,80,80,80,80,80,80,80,80,80,80,76,76,76,76,76,76,76,76,76,76,76,76],"card_choices":[{"not_picked":["Infernal Blade","Pommel Strike"],"picked":"Sword Boomerang","floor":1},{"not_picked":["Clothesline","Power Through"],"picked":"Anger","floor":4},{"not_picked":["Seeing Red","Perfected Strike","Sever Soul"],"picked":"SKIP","floor":6},{"not_picked":["Seeing Red","Sever Soul"],"picked":"Perfected Strike","floor":6},{"not_picked":["Shrug It Off+1","Blood for Blood"],"picked":"Whirlwind","floor":13},{"not_picked":["Clothesline","Rampage","Reckless Charge"],"picked":"SKIP","floor":14},{"not_picked":["Brutality","Barricade"],"picked":"Immolate","floor":16},{"not_picked":["Armaments+1","Sever Soul","Wild Strike"],"picked":"SKIP","floor":18},{"not_picked":["Iron Wave+1","Perfected Strike"],"picked":"Pummel","floor":21},{"not_picked":["Headbutt","Carnage"],"picked":"Heavy Blade+1","floor":22},{"not_picked":["Uppercut","Sword Boomerang+1"],"picked":"Inflame+1","floor":23},{"not_picked":["Burning Pact+1","Wild Strike"],"picked":"Heavy Blade","floor":25},{"not_picked":["Sword Boomerang+1","Dual Wield+1","Perfected Strike"],"picked":"SKIP","floor":28},{"not_picked":["Thunderclap","True Grit+1"],"picked":"Battle Trance+1","floor":31},{"not_picked":["Feed","Impervious+1"],"picked":"Limit Break+1","floor":33},{"not_picked":["Corruption","Cleave"],"picked":"Clash+1","floor":34},{"not_picked":["Ghostly Armor+1","Evolve+1"],"picked":"Flex+1","floor":34},{"not_picked":["Infernal Blade+1","Flame Barrier+1"],"picked":"Heavy Blade+1","floor":34},{"not_picked":["Blood for Blood","True Grit+1"],"picked":"Headbutt+1","floor":34},{"not_picked":["Sword Boomerang+1","Power Through+1","Armaments+1"],"picked":"SKIP","floor":35},{"not_picked":["Sword Boomerang+1","Perfected Strike+1","True Grit+1"],"picked":"SKIP","floor":37},{"not_picked":["Heavy Blade","Shrug It Off+1","Sword Boomerang+1"],"picked":"SKIP","floor":38},{"not_picked":["Immolate","True Grit+1"],"picked":"Pommel Strike+1","floor":41},{"not_picked":["Twin Strike+1","Blood for Blood+1"],"picked":"Flex+1","floor":44},{"not_picked":["Reckless Charge","Cleave","Clothesline"],"picked":"SKIP","floor":45},{"not_picked":["Impervious+1","Perfected Strike"],"picked":"Pommel Strike+1","floor":46},{"not_picked":["Clash","Headbutt","Dark Embrace"],"picked":"SKIP","floor":48}],"player_experience":34562,"relics_obtained":[{"floor":6,"key":"PreservedInsect"},{"floor":9,"key":"Toxic Egg 2"},{"floor":13,"key":"War Paint"},{"floor":26,"key":"Paper Frog"},{"floor":36,"key":"Orichalcum"},{"floor":43,"key":"Pen Nib"},{"floor":44,"key":"Red Skull"}],"event_choices":[{"damage_healed":0,"gold_gain":75,"player_choice":"Gather Gold","damage_taken":11,"max_hp_gain":0,"max_hp_loss":0,"event_name":"World of Goop","floor":2,"gold_loss":0},{"damage_healed":0,"gold_gain":0,"player_choice":"Take Damage","damage_taken":20,"relics_obtained":["Golden Idol"],"max_hp_gain":0,"max_hp_loss":0,"event_name":"Golden Idol","floor":3,"gold_loss":0},{"damage_healed":0,"gold_gain":175,"player_choice":"AGREE","damage_taken":0,"max_hp_gain":0,"max_hp_loss":0,"event_name":"Liars Game","floor":7,"gold_loss":0,"cards_obtained":["Doubt"]},{"damage_healed":0,"gold_gain":0,"player_choice":"Entered Light","damage_taken":16,"max_hp_gain":0,"max_hp_loss":0,"event_name":"Shining Light","floor":11,"gold_loss":0,"cards_upgraded":["Defend_R","Strike_R"]},{"cards_removed":["Defend_R"],"damage_healed":0,"gold_gain":0,"player_choice":"Forget","damage_taken":0,"max_hp_gain":0,"max_hp_loss":0,"event_name":"Living Wall","floor":12,"gold_loss":0},{"damage_healed":0,"gold_gain":0,"player_choice":"Bought 0 Potions","damage_taken":0,"max_hp_gain":0,"max_hp_loss":0,"event_name":"The Woman in Blue","floor":19,"gold_loss":0},{"damage_healed":0,"gold_gain":0,"player_choice":"Paid Fearfully","damage_taken":0,"max_hp_gain":0,"max_hp_loss":0,"event_name":"Masked Bandits","floor":27,"gold_loss":122},{"damage_healed":0,"gold_gain":0,"cards_transformed":["Perfected Strike"],"player_choice":"Transformed","damage_taken":0,"max_hp_gain":0,"max_hp_loss":0,"event_name":"Transmorgrifier","floor":30,"gold_loss":0,"cards_obtained":["Combust"]},{"damage_healed":0,"gold_gain":0,"player_choice":"Max HP","damage_taken":0,"max_hp_gain":0,"max_hp_loss":4,"event_name":"Winding Halls","floor":39,"gold_loss":0},{"damage_healed":0,"gold_gain":0,"player_choice":"Ignored","damage_taken":0,"max_hp_gain":0,"max_hp_loss":0,"event_name":"NoteForYourself","floor":42,"gold_loss":0}],"is_beta":false,"boss_relics":[{"not_picked":["Lizard Tail","Pandora\u0027s Box"],"picked":"Astrolabe"},{"not_picked":["Coffee Dripper","Calling Bell"],"picked":"Orrery"}],"items_purged_floors":[10],"is_endless":false,"potions_floor_spawned":[4,18,21,22,33,35,45,48],"ascension_level":0}