{"gold_per_floor":[115,290,290,308,12,12,51,51,51,11,46,70,84,109,109,239,239,260,276,276,276,276,276,291,291,291,325,325,3,26,26,326,446,446,460,195,195,214,16,16,57,57,103,147,161,261,275,318,318,318],"floor_reached":51,"playtime":4852,"items_purged":["Doubt","Blade Dance"],"score":1150,"play_id":"13874212-5764-4d71-b0bd-021b63cc456c","local_time":"20190120193150","is_ascension_mode":true,"campfire_choices":[{"data":"Well Laid Plans","floor":6,"key":"SMITH"},{"floor":15,"key":"DIG"},{"floor":23,"key":"DIG"},{"floor":25,"key":"DIG"},{"floor":28,"key":"DIG"},{"floor":32,"key":"DIG"},{"floor":42,"key":"DIG"},{"floor":49,"key":"REST"}],"neow_cost":"NONE","seed_source_timestamp":50578549259551,"circlet_count":0,"master_deck":["Defend_G+1","Defend_G+1","Defend_G+1","Defend_G+1","Defend_G+1","Strike_G+1","Strike_G+1","Survivor","Neutralize","Sucker Punch","Poisoned Stab","Well Laid Plans+1","Leg Sweep+1","PiercingWail+1","Acrobatics+1","Corpse Explosion+1","Deadly Poison+1","PiercingWail+1","Quick Slash","Footwork","Dagger Throw+1","Dagger Spray+1","Catalyst+1","Riddle With Holes","Malaise+1","Deadly Poison+1","Backflip+1","Footwork","Blur+1","Night Terror+1","Decay","Calculated Gamble+1","Backstab+1"],"relics":["Ring of the Serpent","NeowsBlessing","Golden Idol","Anchor","Shovel","Toxic Egg 2","StoneCalendar","Centennial Puzzle","Velvet Choker","Blue Candle","Bag of Marbles","Tingsha","Juzu Bracelet","Pear","PreservedInsect","Old Coin","Membership Card","Mango","Meat on the Bone","Regal Pillow","Happy Flower","Bird Faced Urn","Oddly Smooth Stone"],"potions_floor_usage":[13,16,19,27,44],"damage_taken":[{"damage":0,"enemies":"Cultist","floor":1,"turns":1},{"damage":0,"enemies":"Small Slimes","floor":4,"turns":1},{"damage":0,"enemies":"Lagavulin","floor":7,"turns":1},{"damage":15,"enemies":"3 Sentries","floor":11,"turns":12},{"damage":0,"enemies":"2 Louse","floor":12,"turns":3},{"damage":1,"enemies":"Large Slime","floor":13,"turns":7},{"damage":0,"enemies":"2 Fungi Beasts","floor":14,"turns":4},{"damage":10,"enemies":"Slime Boss","floor":16,"turns":8},{"damage":0,"enemies":"3 Byrds","floor":18,"turns":2},{"damage":5,"enemies":"2 Thieves","floor":19,"turns":3},{"damage":0,"enemies":"Centurion and Healer","floor":24,"turns":5},{"damage":0,"enemies":"Book of Stabbing","floor":27,"turns":6},{"damage":0,"enemies":"Snake Plant","floor":30,"turns":3},{"damage":19,"enemies":"Automaton","floor":33,"turns":8},{"damage":5,"enemies":"Orb Walker","floor":35,"turns":4},{"damage":3,"enemies":"3 Darklings","floor":38,"turns":3},{"damage":3,"enemies":"Giant Head","floor":41,"turns":6},{"damage":11,"enemies":"Reptomancer","floor":44,"turns":4},{"damage":15,"enemies":"Spire Growth","floor":45,"turns":6},{"damage":2,"enemies":"4 Shapes","floor":47,"turns":5},{"damage":35,"enemies":"Nemesis","floor":48,"turns":5},{"damage":36,"enemies":"Time Eater","floor":50,"turns":5}],"seed_played":"4795341723198081724","potions_obtained":[{"floor":1,"key":"FearPotion"},{"floor":12,"key":"SteroidPotion"},{"floor":14,"key":"PowerPotion"},{"floor":19,"key":"SteroidPotion"},{"floor":27,"key":"Energy Potion"},{"floor":30,"key":"Block Potion"},{"floor":38,"key":"SmokeBomb"},{"floor":45,"key":"Explosive Potion"},{"floor":47,"key":"Weak Potion"}],"is_trial":false,"path_per_floor":["M","?","?","M","$","R","E","?","T","$","E","M","M","M","R","B",null,"M","M","?","?","?","R","M","R","T","E","R","$","M","?","R","B",null,"M","$","?","M","$","?","E","R","T","E","M","?","M","E","R","B",null],"character_chosen":"THE_SILENT","items_purchased":["Well Laid Plans","Anchor","Leg Sweep+1","Catalyst+1","PreservedInsect","Backflip+1","Membership Card","Footwork","Night Terror+1","Mango"],"campfire_rested":1,"item_purchase_floors":[5,5,10,29,29,36,36,36,39,39],"current_hp_per_floor":[63,63,63,63,63,63,63,56,56,56,41,41,40,40,40,30,56,56,51,51,51,51,51,51,51,51,51,61,61,61,61,61,42,67,62,62,62,59,73,73,70,70,70,59,48,48,52,33,74,54],"gold":318,"neow_bonus":"THREE_ENEMY_KILL","is_prod":false,"is_daily":false,"chose_seed":false,"campfire_upgraded":1,"win_rate":0,"timestamp":1548034310,"path_taken":["M","?","?","M","$","R","E","?","T","$","E","M","M","M","R","BOSS","M","M","?","?","?","R","M","R","T","E","R","$","M","?","R","BOSS","M","$","?","M","$","?","E","R","T","E","M","?","M","E","R","BOSS"],"build_version":"2019-01-17v2","purchased_purges":2,"victory":true,"max_hp_per_floor":[70,70,65,65,65,65,65,65,65,65,65,65,65,65,65,65,65,65,65,65,65,65,65,65,65,65,65,75,75,75,75,75,75,75,75,75,75,75,89,89,89,89,89,89,89,89,89,89,89,89],"card_choices":[{"not_picked":["Expertise","Deflect"],"picked":"Sucker Punch","floor":1},{"not_picked":["Concentrate","Dodge and Roll"],"picked":"Poisoned Stab","floor":4},{"not_picked":["Deflect","Venomology"],"picked":"Blade Dance","floor":7},{"not_picked":["Eviscerate","Leg Sweep+1"],"picked":"PiercingWail+1","floor":11},{"not_picked":["Bane","Outmaneuver+1","Dagger Spray"],"picked":"SKIP","floor":12},{"not_picked":["Quick Slash","Bane"],"picked":"Acrobatics+1","floor":13},{"not_picked":["Flechettes","Slice","Heel Hook"],"picked":"SKIP","floor":14},{"not_picked":["Flechettes","Slice","Heel Hook"],"picked":"SKIP","floor":14},{"not_picked":["Envenom","Phantasmal Killer+1"],"picked":"Corpse Explosion+1","floor":16},{"not_picked":["PiercingWail+1","All Out Attack"],"picked":"Deadly Poison+1","floor":18},{"not_picked":["Leg Sweep+1","Bane+1"],"picked":"PiercingWail+1","floor":19},{"not_picked":["Underhanded Strike","Sucker Punch"],"picked":"Dagger Throw+1","floor":24},{"not_picked":["Flying Knee","Acrobatics+1"],"picked":"Dagger Spray+1","floor":27},{"not_picked":["Cloak And Dagger+1","Bullet Time+1","Eviscerate"],"picked":"SKIP","floor":30},{"not_picked":["A Thousand Cuts","Doppelganger+1"],"picked":"Malaise+1","floor":33},{"not_picked":["Poisoned Stab+1","Expertise+1"],"picked":"Deadly Poison+1","floor":35},{"not_picked":["Cloak And Dagger+1","Terror+1"],"picked":"Blur+1","floor":38},{"not_picked":["Dagger Spray+1","Deflect+1","Cloak And Dagger+1"],"picked":"SKIP","floor":41},{"not_picked":["Deflect+1","Heel Hook"],"picked":"Calculated Gamble+1","floor":44},{"not_picked":["Flechettes","Endless Agony+1"],"picked":"Backstab+1","floor":45},{"not_picked":["Outmaneuver+1","Cloak And Dagger+1","Underhanded Strike"],"picked":"SKIP","floor":47},{"not_picked":["Finisher","Slice+1","Outmaneuver+1"],"picked":"SKIP","floor":48}],"player_experience":450031,"relics_obtained":[{"floor":7,"key":"Shovel"},{"floor":9,"key":"Toxic Egg 2"},{"floor":11,"key":"StoneCalendar"},{"floor":15,"key":"Centennial Puzzle"},{"floor":23,"key":"Blue Candle"},{"floor":25,"key":"Bag of Marbles"},{"floor":26,"key":"Tingsha"},{"floor":27,"key":"Juzu Bracelet"},{"floor":28,"key":"Pear"},{"floor":32,"key":"Old Coin"},{"floor":41,"key":"Meat on the Bone"},{"floor":42,"key":"Regal Pillow"},{"floor":43,"key":"Happy Flower"},{"floor":44,"key":"Bird Faced Urn"},{"floor":48,"key":"Oddly Smooth Stone"}],"event_choices":[{"damage_healed":0,"gold_gain":175,"player_choice":"AGREE","damage_taken":0,"max_hp_gain":0,"max_hp_loss":0,"event_name":"Liars Game","floor":2,"gold_loss":0,"cards_obtained":["Doubt"]},{"damage_healed":0,"gold_gain":0,"player_choice":"Lose Max HP","damage_taken":0,"relics_obtained":["Golden Idol"],"max_hp_gain":0,"max_hp_loss":5,"event_name":"Golden Idol","floor":3,"gold_loss":0},{"cards_removed":["Strike_G"],"damage_healed":0,"gold_gain":0,"player_choice":"Card Removal","damage_taken":7,"max_hp_gain":0,"max_hp_loss":0,"event_name":"Golden Wing","floor":8,"gold_loss":0},{"damage_healed":0,"gold_gain":0,"cards_transformed":["Strike_G","Strike_G"],"player_choice":"Became Test Subject","damage_taken":0,"max_hp_gain":0,"max_hp_loss":0,"event_name":"Drug Dealer","floor":20,"gold_loss":0,"cards_obtained":["Eviscerate","Quick Slash"]},{"damage_healed":0,"gold_gain":0,"player_choice":"Read","damage_taken":0,"max_hp_gain":0,"max_hp_loss":0,"event_name":"The Library","floor":21,"gold_loss":0,"cards_obtained":["Footwork"]},{"damage_healed":0,"gold_gain":0,"player_choice":"Simplicity","damage_taken":0,"max_hp_gain":0,"max_hp_loss":0,"event_name":"Back to Basics","floor":22,"gold_loss":0,"cards_upgraded":["Defend_G","Defend_G","Defend_G","Defend_G","Defend_G","Strike_G","Strike_G"]},{"damage_healed":0,"gold_gain":0,"cards_transformed":["Eviscerate"],"player_choice":"Transformed","damage_taken":0,"max_hp_gain":0,"max_hp_loss":0,"event_name":"Transmorgrifier","floor":31,"gold_loss":0,"cards_obtained":["Riddle With Holes"]},{"damage_healed":0,"gold_gain":0,"player_choice":"Ignored","damage_taken":0,"max_hp_gain":0,"max_hp_loss":0,"event_name":"Mysterious Sphere","floor":37,"gold_loss":0},{"damage_healed":0,"gold_gain":0,"player_choice":"Cursed","damage_taken":0,"max_hp_gain":0,"max_hp_loss":0,"event_name":"Wheel of Change","floor":40,"gold_loss":0,"cards_obtained":["Decay"]},{"damage_healed":0,"gold_gain":100,"player_choice":"Pray","damage_taken":0,"max_hp_gain":0,"max_hp_loss":0,"event_name":"Golden Shrine","floor":46,"gold_loss":0}],"is_beta":false,"boss_relics":[{"not_picked":["Ectoplasm","Eternal Feather"],"picked":"Velvet Choker"},{"not_picked":["Philosopher\u0027s Stone","Lizard Tail"],"picked":"Ring of the Serpent"}],"items_purged_floors":[5,29],"is_endless":false,"potions_floor_spawned":[1,12,14,19,27,30,38,45,47],"ascension_level":8}