{"gold_per_floor":[115,115,138,67,17,56,29,29,29,48,66,104,104,120,120,240,240,258,258,330,343,359,359,359],"floor_reached":24,"playtime":1542,"items_purged":[],"score":278,"play_id":"ce470bf2-bd56-46ae-a686-7803d813ce91","local_time":"20181011042905","is_ascension_mode":true,"campfire_choices":[{"data":"Noxious Fumes","floor":8.0,"key":"SMITH"},{"floor":13.0,"key":"REST"},{"floor":15.0,"key":"REST"},{"floor":23,"key":"REST"}],"neow_cost":"NONE","seed_source_timestamp":114590812517019,"circlet_count":0,"master_deck":["Defend_G","Defend_G","Defend_G","Defend_G","Strike_G","Strike_G","Strike_G","Strike_G","Strike_G","Survivor","Neutralize+1","Backflip","Noxious Fumes+1","Noxious Fumes","A Thousand Cuts","Deadly Poison","Burst","PiercingWail+1","Blur","Dodge and Roll+1","Catalyst"],"special_seed":0,"relics":["Ring of the Snake","Golden Idol","Dodecahedron","Smiling Mask","Boot","WristBlade","The Courier"],"potions_floor_usage":[22,24],"damage_taken":[{"damage":0.0,"enemies":"Jaw Worm","floor":1.0,"turns":6.0},{"damage":1.0,"enemies":"2 Louse","floor":3.0,"turns":4.0},{"damage":5.0,"enemies":"Lagavulin","floor":6.0,"turns":8.0},{"damage":5.0,"enemies":"Cultist","floor":10.0,"turns":4.0},{"damage":14.0,"enemies":"Exordium Thugs","floor":11.0,"turns":6.0},{"damage":17.0,"enemies":"3 Sentries","floor":12.0,"turns":6.0},{"damage":12.0,"enemies":"2 Fungi Beasts","floor":14.0,"turns":4.0},{"damage":29.0,"enemies":"The Guardian","floor":16.0,"turns":10.0},{"damage":22.0,"enemies":"Shell Parasite","floor":18.0,"turns":8.0},{"damage":2.0,"enemies":"Spheric Guardian","floor":21.0,"turns":5.0},{"damage":22,"enemies":"Cultist and Chosen","floor":22,"turns":7},{"damage":34,"enemies":"Slavers","floor":24,"turns":3}],"seed_played":"1950436787845426271","potions_obtained":[{"floor":6.0,"key":"GamblersBrew"},{"floor":10.0,"key":"Ancient Potion"},{"floor":11.0,"key":"Explosive Potion"},{"floor":16.0,"key":"SteroidPotion"}],"is_trial":false,"path_per_floor":["M","?","M","$","?","E","$","R","T","M","M","E","R","M","R","B",null,"M","?","T","M","M","R"],"character_chosen":"THE_SILENT","items_purchased":["Noxious Fumes","Deadly Poison"],"campfire_rested":3,"item_purchase_floors":[4,7],"current_hp_per_floor":[63,46,45,45,45,40,40,40,40,35,21,4,25,13,34,5,54,32,32,32,30,8,29,0],"gold":359,"neow_bonus":"UPGRADE_CARD","is_prod":false,"is_daily":false,"chose_seed":false,"campfire_upgraded":1,"win_rate":0,"timestamp":1539246545,"path_taken":["M","?","?","$","?","E","$","R","T","?","?","E","R","M","R","BOSS","M","?","?","M","M","R","E"],"build_version":"2018-10-04v2","purchased_purges":0,"victory":false,"max_hp_per_floor":[70,70,70,70,70,70,70,70,70,70,70,70,70,70,70,70,70,70,70,70,70,70,70,70],"card_choices":[{"not_picked":["Deadly Poison","Dagger Spray"],"picked":"Backflip","floor":1.0},{"not_picked":["Slice","Dagger Throw"],"picked":"Noxious Fumes","floor":3.0},{"not_picked":["Poisoned Stab","Concentrate"],"picked":"A Thousand Cuts","floor":6.0},{"not_picked":["All Out Attack","PiercingWail","Slice"],"picked":"SKIP","floor":10.0},{"not_picked":["Dagger Throw","Riddle With Holes","Distraction"],"picked":"SKIP","floor":11.0},{"not_picked":["Bane","Dagger Spray","Expertise"],"picked":"SKIP","floor":12.0},{"not_picked":["Skewer","Flying Knee","Heel Hook"],"picked":"SKIP","floor":14.0},{"not_picked":["Unload","Glass Knife"],"picked":"Burst","floor":16.0},{"not_picked":["Dagger Throw+1","Underhanded Strike+1"],"picked":"PiercingWail+1","floor":18.0},{"not_picked":["Accuracy","Predator"],"picked":"Dodge and Roll+1","floor":21.0},{"not_picked":["Prepared","Concentrate+1"],"picked":"Catalyst","floor":22}],"player_experience":108508,"relics_obtained":[{"floor":6.0,"key":"Dodecahedron"},{"floor":9.0,"key":"Smiling Mask"},{"floor":12.0,"key":"Boot"},{"floor":20.0,"key":"The Courier"}],"event_choices":[{"event_name":"Golden Idol","player_choice":"Take Damage","floor":2.0,"damage_taken":0.0},{"event_name":"The Cleric","player_choice":"Card Removal","floor":5.0,"damage_taken":0.0},{"event_name":"The Library","player_choice":"Read","floor":19.0,"damage_taken":0.0}],"is_beta":false,"boss_relics":[{"not_picked":["Calling Bell","White Beast Statue"],"picked":"WristBlade"}],"items_purged_floors":[],"is_endless":false,"potions_floor_spawned":[6,10,11,16,21],"killed_by":"Slavers","ascension_level":7}