{"gold_per_floor":[109,109,129,79,96,128,144,173,173,183,183,183,197,230,230,325,325,341,358,358,438,438],"floor_reached":22,"playtime":1304,"items_purged":["Shame"],"score":254,"play_id":"7d6023c0-0489-40b9-9df3-8692d51aeb91","local_time":"20181212105804","is_ascension_mode":true,"campfire_choices":[{"floor":12,"key":"REST"},{"data":"Crippling Poison","floor":15,"key":"SMITH"}],"neow_cost":"NONE","seed_source_timestamp":26608554418807,"circlet_count":0,"master_deck":["Defend_G","Defend_G","Defend_G","Defend_G","Defend_G","Strike_G","Strike_G","Strike_G","Strike_G","Survivor","Neutralize","Flying Knee","Deadly Poison","Dash","Backflip","Dagger Spray","Bane","Crippling Poison+1","Prepared","Tools of the Trade","Pain","Pain","Shame","All Out Attack","Leg Sweep+1","Pain"],"relics":["Cursed Key","Smiling Mask","Boot","Letter Opener","Blue Candle","Calling Bell","Ancient Tea Set","Kunai","Pocketwatch","Singing Bowl"],"potions_floor_usage":[16],"damage_taken":[{"damage":0,"enemies":"Cultist","floor":1,"turns":4},{"damage":0,"enemies":"Small Slimes","floor":3,"turns":4},{"damage":0,"enemies":"2 Louse","floor":5,"turns":2},{"damage":13,"enemies":"Lagavulin","floor":6,"turns":7},{"damage":9,"enemies":"Exordium Thugs","floor":7,"turns":4},{"damage":0,"enemies":"3 Sentries","floor":8,"turns":7},{"damage":15,"enemies":"Large Slime","floor":10,"turns":5},{"damage":0,"enemies":"Blue Slaver","floor":13,"turns":4},{"damage":8,"enemies":"Lagavulin","floor":14,"turns":5},{"damage":16,"enemies":"Hexaghost","floor":16,"turns":10},{"damage":3,"enemies":"3 Byrds","floor":18,"turns":4},{"damage":20,"enemies":"Spheric Guardian","floor":19,"turns":5},{"damage":34,"enemies":"Snake Plant","floor":22,"turns":4}],"seed_played":"-4512484290709495459","potions_obtained":[{"floor":1,"key":"AttackPotion"},{"floor":5,"key":"EssenceOfSteel"},{"floor":6,"key":"LiquidBronze"},{"floor":8,"key":"Poison Potion"},{"floor":18,"key":"Energy Potion"}],"is_trial":false,"path_per_floor":["M","T","M","$","M","E","M","E","T","M","?","R","M","E","R","B",null,"M","M","?","T","M"],"character_chosen":"THE_SILENT","items_purchased":[],"campfire_rested":1,"item_purchase_floors":[],"current_hp_per_floor":[70,70,70,70,70,57,48,48,48,33,33,54,54,46,46,30,70,67,47,34,34,0],"gold":438,"neow_bonus":"BOSS_RELIC","is_prod":false,"is_daily":false,"chose_seed":false,"campfire_upgraded":1,"win_rate":0,"timestamp":1544633884,"path_taken":["M","?","M","$","M","E","M","E","T","M","?","R","?","E","R","BOSS","M","M","?","?","M"],"build_version":"2018-12-06","purchased_purges":1,"victory":false,"max_hp_per_floor":[70,70,70,70,70,70,70,70,70,70,70,70,70,70,70,70,70,70,70,75,75,75],"card_choices":[{"not_picked":["Catalyst","Prepared"],"picked":"Flying Knee","floor":1},{"not_picked":["Poisoned Stab","Caltrops"],"picked":"Deadly Poison","floor":3},{"not_picked":["Bane","Prepared"],"picked":"Dash","floor":5},{"not_picked":["After Image","Outmaneuver"],"picked":"Backflip","floor":6},{"not_picked":["Quick Slash","Escape Plan"],"picked":"Dagger Spray","floor":7},{"not_picked":["Dagger Spray","Prepared"],"picked":"Bane","floor":8},{"not_picked":["Flechettes","Finisher","Reflex"],"picked":"SKIP","floor":10},{"not_picked":["PiercingWail","Night Terror"],"picked":"Crippling Poison","floor":13},{"not_picked":["Eviscerate","Acrobatics"],"picked":"Prepared","floor":14},{"not_picked":["Malaise","Venomology"],"picked":"Tools of the Trade","floor":16},{"not_picked":["Bane","Dagger Throw"],"picked":"All Out Attack","floor":18},{"not_picked":["Slice","Terror"],"picked":"Leg Sweep+1","floor":19}],"player_experience":272057,"relics_obtained":[{"floor":2,"key":"Smiling Mask"},{"floor":6,"key":"Boot"},{"floor":8,"key":"Letter Opener"},{"floor":14,"key":"Blue Candle"},{"floor":17,"key":"Ancient Tea Set"},{"floor":17,"key":"Kunai"},{"floor":17,"key":"Pocketwatch"},{"floor":21,"key":"Singing Bowl"}],"event_choices":[{"cards_removed":["Strike_G"],"damage_healed":0,"gold_gain":0,"player_choice":"Card Removal","damage_taken":0,"max_hp_gain":0,"max_hp_loss":0,"event_name":"Wheel of Change","floor":11,"gold_loss":0},{"damage_healed":0,"gold_gain":0,"player_choice":"Shed Blood","damage_taken":18,"max_hp_gain":5,"max_hp_loss":0,"event_name":"Forgotten Altar","floor":20,"gold_loss":0}],"is_beta":false,"boss_relics":[{"not_picked":["Tiny House","Fusion Hammer"],"picked":"Calling Bell"}],"items_purged_floors":[4],"is_endless":false,"potions_floor_spawned":[1,5,6,8,18],"killed_by":"Snake Plant","ascension_level":2}