{"gold_per_floor":[117,132,282,46,63,96,96,96,96,107,137,137,170,182,182,253,253,226,226,23,23,35,35,35,62,112,112,129,44,62,78,78,151,151,170,188,288,288,288,288,298,324,336,348,377,25,25,0,0,0],"floor_reached":51,"playtime":4684,"items_purged":["Doubt"],"score":1288,"play_id":"94aff643-9ce4-4a6e-824c-e7f1b2d7d6db","local_time":"20190621223247","is_ascension_mode":true,"campfire_choices":[{"data":"Dagger Spray","floor":7,"key":"SMITH"},{"floor":12,"key":"REST"},{"floor":15,"key":"REST"},{"data":"After Image","floor":23,"key":"SMITH"},{"data":"Adrenaline","floor":27,"key":"SMITH"},{"data":"Footwork","floor":32,"key":"SMITH"},{"data":"After Image","floor":40,"key":"SMITH"},{"floor":44,"key":"REST"},{"data":"Footwork","floor":49,"key":"SMITH"}],"neow_cost":"NONE","seed_source_timestamp":549431615254030,"circlet_count":0,"master_deck":["AscendersBane","Defend_G+1","Defend_G+1","Defend_G+1","Defend_G+1","Defend_G+1","Survivor","Neutralize","Adrenaline+1","Dagger Spray+1","Quick Slash","Cloak And Dagger","Footwork+1","PiercingWail","Cloak And Dagger","Glass Knife","Footwork+1","Deadly Poison","After Image+1","Deadly Poison","Deadly Poison+1","Bite","Bite","Bite","Bite","Escape Plan","Backstab","Infinite Blades+1","Backflip","Endless Agony","After Image+1","Endless Agony","Outmaneuver","Madness","Madness","Dramatic Entrance","Noxious Fumes","Noxious Fumes","Backflip","Noxious Fumes"],"relics":["Ring of the Snake","Bronze Scales","Mango","The Specimen","Blue Candle","Unceasing Top","Bottled Lightning","Orrery","Anchor","Happy Flower","Bag of Preparation","Dead Branch","Philosopher\u0027s Stone","StoneCalendar","MawBank","Turnip","Snake Skull","Red Mask"],"potions_floor_usage":[6,11,16,25,33],"damage_taken":[{"damage":2,"enemies":"Small Slimes","floor":1,"turns":4},{"damage":0,"enemies":"Jaw Worm","floor":2,"turns":5},{"damage":0,"enemies":"2 Louse","floor":5,"turns":2},{"damage":36,"enemies":"Lagavulin","floor":6,"turns":8},{"damage":0,"enemies":"Blue Slaver","floor":10,"turns":4},{"damage":16,"enemies":"3 Sentries","floor":11,"turns":6},{"damage":20,"enemies":"Lagavulin","floor":13,"turns":13},{"damage":0,"enemies":"2 Fungi Beasts","floor":14,"turns":2},{"damage":38,"enemies":"The Guardian","floor":16,"turns":20},{"damage":24,"enemies":"2 Thieves","floor":18,"turns":5},{"damage":0,"enemies":"3 Byrds","floor":22,"turns":4},{"damage":26,"enemies":"Gremlin Leader","floor":25,"turns":8},{"damage":11,"enemies":"Snake Plant","floor":28,"turns":5},{"damage":1,"enemies":"Centurion and Healer","floor":30,"turns":7},{"damage":0,"enemies":"Cultist and Chosen","floor":31,"turns":5},{"damage":9,"enemies":"Automaton","floor":33,"turns":11},{"damage":0,"enemies":"Orb Walker","floor":35,"turns":2},{"damage":1,"enemies":"3 Shapes","floor":36,"turns":4},{"damage":7,"enemies":"Mind Bloom Boss Battle","floor":37,"turns":5},{"damage":0,"enemies":"Spire Growth","floor":41,"turns":6},{"damage":11,"enemies":"Reptomancer","floor":42,"turns":5},{"damage":0,"enemies":"Maw","floor":45,"turns":6},{"damage":17,"enemies":"Donu and Deca","floor":50,"turns":8}],"seed_played":"-7383752844556956151","potions_obtained":[{"floor":2,"key":"Poison Potion"},{"floor":6,"key":"Strength Potion"},{"floor":14,"key":"GhostInAJar"},{"floor":16,"key":"SpeedPotion"},{"floor":28,"key":"Swift Potion"},{"floor":30,"key":"Explosive Potion"},{"floor":33,"key":"GhostInAJar"},{"floor":35,"key":"Weak Potion"}],"is_trial":false,"path_per_floor":["M","M","?","$","M","E","R","T","T","M","E","R","E","M","R","B",null,"M","?","$","?","M","R","$","E","T","R","M","?","M","M","R","B",null,"M","M","?","?","?","R","M","E","T","R","M","$","?","?","R","B",null],"character_chosen":"THE_SILENT","items_purchased":["Bronze Scales","Anchor","Escape Plan","Snake Skull","Backflip","Noxious Fumes","GamblersBrew"],"campfire_rested":3,"item_purchase_floors":[4,20,20,46,46,46,46],"current_hp_per_floor":[57,57,57,57,57,35,35,35,35,35,19,43,23,23,47,9,62,38,38,38,38,46,46,46,34,34,34,33,33,44,48,48,47,54,56,55,48,38,33,33,41,38,38,54,56,56,56,56,56,45],"gold":0,"neow_bonus":"ONE_RANDOM_RARE_CARD","is_prod":false,"is_daily":false,"chose_seed":false,"campfire_upgraded":6,"win_rate":0,"timestamp":1561174367,"path_taken":["M","M","?","$","M","E","R","?","T","M","E","R","E","M","R","BOSS","M","?","$","?","M","R","$","E","T","R","M","?","M","M","R","BOSS","M","M","?","?","?","R","M","E","T","R","M","$","?","?","R","BOSS"],"build_version":"2019-01-23","purchased_purges":1,"victory":true,"max_hp_per_floor":[66,66,66,66,66,80,80,80,80,80,80,80,80,80,80,80,80,80,56,56,56,56,56,56,56,56,56,56,56,56,56,56,56,56,56,56,56,56,56,56,56,56,56,56,56,56,56,56,56,56],"card_choices":[{"not_picked":["Dodge and Roll","Outmaneuver"],"picked":"Dagger Spray","floor":1},{"not_picked":["Outmaneuver","Setup"],"picked":"Quick Slash","floor":2},{"not_picked":["Tools of the Trade","Acrobatics","Underhanded Strike"],"picked":"SKIP","floor":5},{"not_picked":["Masterful Stab","Expertise"],"picked":"Cloak And Dagger","floor":6},{"not_picked":["Endless Agony","Flying Knee"],"picked":"Footwork","floor":10},{"not_picked":["Cloak And Dagger","Prepared"],"picked":"PiercingWail","floor":11},{"not_picked":["Finisher","Prepared"],"picked":"Cloak And Dagger","floor":13},{"not_picked":["Heel Hook","Slice","Deflect"],"picked":"SKIP","floor":14},{"not_picked":["Venomology","Doppelganger"],"picked":"Glass Knife","floor":16},{"not_picked":["Skewer","Flechettes"],"picked":"Footwork","floor":17},{"not_picked":["Underhanded Strike","Bane"],"picked":"Deadly Poison","floor":17},{"not_picked":["PiercingWail","Finisher"],"picked":"After Image","floor":17},{"not_picked":["Flechettes","Accuracy"],"picked":"Deadly Poison","floor":17},{"not_picked":["Calculated Gamble","Choke"],"picked":"Deadly Poison+1","floor":18},{"not_picked":["All Out Attack","Dagger Throw"],"picked":"Backstab","floor":22},{"not_picked":["Acrobatics","Bouncing Flask+1","Flying Knee"],"picked":"SKIP","floor":25},{"not_picked":["Masterful Stab","Underhanded Strike"],"picked":"Infinite Blades+1","floor":28},{"not_picked":["Venomology","Flying Knee"],"picked":"Backflip","floor":30},{"not_picked":["Deflect","Predator"],"picked":"Endless Agony","floor":31},{"not_picked":["A Thousand Cuts","Wraith Form v2"],"picked":"After Image","floor":33},{"not_picked":["Outmaneuver","Underhanded Strike+1"],"picked":"Endless Agony","floor":35},{"not_picked":["Flechettes","Prepared"],"picked":"Outmaneuver","floor":36},{"not_picked":["Violence","Panacea"],"picked":"Dramatic Entrance","floor":39},{"not_picked":["Accuracy","Crippling Poison"],"picked":"Noxious Fumes","floor":41},{"not_picked":["Dagger Spray","Dodge and Roll+1","Flying Knee"],"picked":"SKIP","floor":42},{"not_picked":["Dagger Throw","Sucker Punch+1"],"picked":"Noxious Fumes","floor":45}],"player_experience":622028,"relics_obtained":[{"floor":6,"key":"Mango"},{"floor":8,"key":"The Specimen"},{"floor":9,"key":"Blue Candle"},{"floor":11,"key":"Unceasing Top"},{"floor":13,"key":"Bottled Lightning"},{"floor":25,"key":"Happy Flower"},{"floor":26,"key":"Bag of Preparation"},{"floor":37,"key":"StoneCalendar"},{"floor":42,"key":"MawBank"},{"floor":43,"key":"Turnip"}],"event_choices":[{"damage_healed":0,"gold_gain":150,"player_choice":"AGREE","damage_taken":0,"max_hp_gain":0,"max_hp_loss":0,"event_name":"Liars Game","floor":3,"gold_loss":0,"cards_obtained":["Doubt"]},{"damage_healed":0,"gold_gain":0,"player_choice":"Became a vampire","damage_taken":0,"max_hp_gain":0,"max_hp_loss":24,"event_name":"Vampires","floor":19,"gold_loss":0,"cards_obtained":["Bite","Bite","Bite","Bite","Bite"]},{"damage_healed":0,"gold_gain":0,"player_choice":"Simplicity","damage_taken":0,"max_hp_gain":0,"max_hp_loss":0,"event_name":"Back to Basics","floor":21,"gold_loss":0,"cards_upgraded":["Defend_G","Defend_G","Defend_G","Defend_G","Defend_G"]},{"damage_healed":0,"gold_gain":0,"player_choice":"Obtained Relic","damage_taken":0,"relics_obtained":["Dead Branch"],"max_hp_gain":0,"max_hp_loss":0,"event_name":"Addict","floor":29,"gold_loss":85},{"damage_healed":0,"gold_gain":0,"player_choice":"Fight","damage_taken":0,"max_hp_gain":0,"max_hp_loss":0,"event_name":"MindBloom","floor":37,"gold_loss":0},{"damage_healed":0,"gold_gain":0,"player_choice":"Embrace Madness","damage_taken":10,"max_hp_gain":0,"max_hp_loss":0,"event_name":"Winding Halls","floor":38,"gold_loss":0,"cards_obtained":["Madness","Madness"]},{"damage_healed":0,"gold_gain":0,"player_choice":"Memory 2","damage_taken":5,"max_hp_gain":0,"max_hp_loss":0,"event_name":"SensoryStone","floor":39,"gold_loss":0},{"cards_removed":["Bite"],"damage_healed":0,"gold_gain":0,"player_choice":"Removed Attack","damage_taken":0,"max_hp_gain":0,"max_hp_loss":0,"event_name":"Falling","floor":47,"gold_loss":0},{"damage_healed":0,"gold_gain":0,"player_choice":"Paid","damage_taken":0,"relics_obtained":["Red Mask"],"max_hp_gain":0,"max_hp_loss":0,"event_name":"Tomb of Lord Red Mask","floor":48,"gold_loss":25}],"is_beta":false,"boss_relics":[{"not_picked":["White Beast Statue","Fusion Hammer"],"picked":"Orrery"},{"not_picked":["Tiny House","Empty Cage"],"picked":"Philosopher\u0027s Stone"}],"items_purged_floors":[4],"is_endless":false,"potions_floor_spawned":[2,6,14,16,28,30,33,35,41,45],"ascension_level":16}