{"gold_per_floor":[118,118,132,37,50,83,83,113,113,113,113,157,157,176,176,299,299,319,339,358,381,55,55,78,78,125,161,161,204,217,217,217,217],"floor_reached":33,"playtime":2512,"items_purged":["Strike_B"],"score":362,"play_id":"d9cef076-1bba-4d64-90d1-b56664ce791d","local_time":"20181204205519","is_ascension_mode":true,"campfire_choices":[{"data":"Defragment","floor":7,"key":"SMITH"},{"floor":11,"key":"REST"},{"data":"Coolheaded","floor":13,"key":"SMITH"},{"floor":15,"key":"REST"},{"data":"Chill","floor":25,"key":"SMITH"},{"floor":28,"key":"REST"},{"floor":32,"key":"RECALL"}],"neow_cost":"NONE","seed_source_timestamp":1811269942091125,"circlet_count":0,"master_deck":["Strike_B","Strike_B","Strike_B","Defend_B","Defend_B","Defend_B","Defend_B","Zap","Dualcast","Go for the Eyes","Ball Lightning","Defragment+1","Conserve Battery","Coolheaded+1","Conserve Battery","Ball Lightning","Chill+1","Redo+1","BootSequence+1","Blizzard","Consume"],"relics":["Inserter","Thread and Needle","Turnip","Golden Idol","Bronze Scales","Sozu","Bottled Tornado","Art of War","PreservedInsect","Matryoshka","Centennial Puzzle"],"potions_floor_usage":[20],"damage_taken":[{"damage":1,"enemies":"Jaw Worm","floor":1,"turns":3},{"damage":2,"enemies":"Small Slimes","floor":3,"turns":4},{"damage":0,"enemies":"2 Louse","floor":5,"turns":2},{"damage":33,"enemies":"3 Sentries","floor":6,"turns":13},{"damage":8,"enemies":"Lagavulin","floor":12,"turns":6},{"damage":0,"enemies":"Large Slime","floor":14,"turns":5},{"damage":13,"enemies":"Hexaghost","floor":16,"turns":8},{"damage":11,"enemies":"2 Thieves","floor":18,"turns":4},{"damage":0,"enemies":"Chosen","floor":19,"turns":4},{"damage":10,"enemies":"Snecko","floor":20,"turns":5},{"damage":6,"enemies":"Centurion and Healer","floor":21,"turns":10},{"damage":5,"enemies":"Cultist and Chosen","floor":24,"turns":5},{"damage":0,"enemies":"Slavers","floor":27,"turns":5},{"damage":0,"enemies":"Book of Stabbing","floor":29,"turns":5},{"damage":0,"enemies":"Shelled Parasite and Fungi","floor":30,"turns":5},{"damage":61,"enemies":"Automaton","floor":33,"turns":10}],"seed_played":"-2452717146470953121","potions_obtained":[{"floor":3,"key":"FearPotion"},{"floor":6,"key":"Fire Potion"},{"floor":16,"key":"SkillPotion"}],"is_trial":false,"path_per_floor":["M","?","M","$","M","E","R","?","T","?","R","E","R","M","R","B",null,"M","M","M","M","$","?","M","R","T","E","R","E","M","?","R","B"],"character_chosen":"DEFECT","items_purchased":["Defragment","Conserve Battery","Bottled Tornado"],"campfire_rested":3,"item_purchase_floors":[4,4,22],"current_hp_per_floor":[74,74,72,72,72,39,39,39,39,39,59,51,51,51,69,56,69,58,58,48,42,42,42,37,37,37,37,57,57,57,57,57,0],"gold":217,"neow_bonus":"BOSS_RELIC","is_prod":false,"is_daily":false,"chose_seed":false,"campfire_upgraded":3,"win_rate":0,"timestamp":1543978519,"path_taken":["M","?","M","$","M","E","R","?","T","?","R","E","R","M","R","BOSS","M","M","M","M","$","?","M","R","T","E","R","E","?","?","R","BOSS"],"build_version":"2018-11-15","purchased_purges":1,"victory":false,"max_hp_per_floor":[75,75,75,75,75,75,75,75,75,69,69,69,69,69,69,69,69,69,69,69,69,69,69,69,69,69,69,69,69,69,69,69,69],"card_choices":[{"not_picked":["Beam Cell","Gash"],"picked":"Go for the Eyes","floor":1},{"not_picked":["Coolheaded","Compile Driver"],"picked":"Ball Lightning","floor":3},{"not_picked":["Sweeping Beam","Stack"],"picked":"Coolheaded","floor":5},{"not_picked":["Self Repair","BootSequence"],"picked":"Conserve Battery","floor":6},{"not_picked":["Turbo","Rebound","Steam"],"picked":"SKIP","floor":12},{"not_picked":["Leap","Streamline"],"picked":"Ball Lightning","floor":14},{"not_picked":["Conserve Battery","Barrage"],"picked":"Chill","floor":18},{"not_picked":["Leap","Sunder","Streamline"],"picked":"SKIP","floor":19},{"not_picked":["Darkness","Compile Driver","Beam Cell"],"picked":"SKIP","floor":20},{"not_picked":["Fusion","Self Repair"],"picked":"Redo+1","floor":21},{"not_picked":["Coolheaded","Capacitor","Auto Shields+1"],"picked":"SKIP","floor":24},{"not_picked":["Redo","Leap"],"picked":"BootSequence+1","floor":27},{"not_picked":["Beam Cell","Hello World+1"],"picked":"Blizzard","floor":29},{"not_picked":["Doom and Gloom","Beam Cell"],"picked":"Consume","floor":30}],"player_experience":215394,"relics_obtained":[{"floor":6,"key":"Thread and Needle"},{"floor":9,"key":"Turnip"},{"floor":12,"key":"Bronze Scales"},{"floor":26,"key":"PreservedInsect"},{"floor":27,"key":"Matryoshka"},{"floor":29,"key":"Centennial Puzzle"}],"event_choices":[{"damage_healed":0,"gold_gain":0,"player_choice":"Ignored","damage_taken":0,"max_hp_gain":0,"max_hp_loss":0,"event_name":"Liars Game","floor":2,"gold_loss":0},{"damage_healed":0,"gold_gain":30,"player_choice":"Searched \u00271\u0027 times","damage_taken":0,"max_hp_gain":0,"max_hp_loss":0,"event_name":"Dead Adventurer","floor":8,"gold_loss":0},{"damage_healed":0,"gold_gain":0,"player_choice":"Lose Max HP","damage_taken":0,"relics_obtained":["Golden Idol"],"max_hp_gain":0,"max_hp_loss":6,"event_name":"Golden Idol","floor":10,"gold_loss":0},{"damage_healed":0,"gold_gain":0,"player_choice":"Gave Potion","damage_taken":0,"relics_obtained":["Art of War"],"max_hp_gain":0,"max_hp_loss":0,"event_name":"WeMeetAgain","floor":23,"gold_loss":0},{"damage_healed":0,"gold_gain":0,"player_choice":"Ignored","damage_taken":0,"max_hp_gain":0,"max_hp_loss":0,"event_name":"Ghosts","floor":31,"gold_loss":0}],"is_beta":false,"boss_relics":[{"not_picked":["White Beast Statue","Velvet Choker"],"picked":"Sozu"}],"items_purged_floors":[22],"is_endless":false,"potions_floor_spawned":[3,6,16,19,21,24,30],"killed_by":"Automaton","ascension_level":1}