{"gold_per_floor":[114,131,131,144,161,161,173,192,192,192,117,117,117,67,67,187,187,200,55,69,168,168,203,203,228,228,261,261,351,351,375,375,503,503,518,119,142,157,170,170,193,318,344,344,359,384,384,403,403,403],"floor_reached":50,"playtime":3017,"items_purged":["Strike_R","Defend_R"],"score":551,"play_id":"3414de88-12fa-4056-a3ae-a9236f746e09","local_time":"20181128224635","is_ascension_mode":false,"campfire_choices":[{"data":"Whirlwind","floor":6,"key":"SMITH"},{"data":"Rampage","floor":13,"key":"SMITH"},{"data":"Flex","floor":15,"key":"SMITH"},{"data":"Shrug It Off","floor":24,"key":"SMITH"},{"data":"Armaments","floor":28,"key":"SMITH"},{"floor":30,"key":"REST"},{"data":"Flame Barrier","floor":32,"key":"SMITH"},{"floor":40,"key":"REST"},{"data":"Pommel Strike","floor":44,"key":"SMITH"},{"floor":47,"key":"REST"},{"floor":49,"key":"REST"}],"neow_cost":"NONE","seed_source_timestamp":1299038252331843,"circlet_count":0,"master_deck":["Strike_R+1","Strike_R","Defend_R","Defend_R+1","Defend_R","Bash+1","Impervious","Pommel Strike+1","Shrug It Off+1","Whirlwind+1","Rampage+1","Flex+1","Shrug It Off+1","Headbutt+1","Armaments+1","Flame Barrier+1","Feed","Shrug It Off","Flex+1","Flex+1","Headbutt+1"],"relics":["Burning Blood","Orichalcum","Golden Idol","Velvet Choker","War Paint","Whetstone","The Courier","Vajra","Anchor","Matryoshka","Turnip","Potion Belt","Happy Flower"],"potions_floor_usage":[16,20,25,27,27,33,39,42,48,50],"damage_taken":[{"damage":4,"enemies":"2 Louse","floor":1,"turns":3},{"damage":6,"enemies":"Small Slimes","floor":2,"turns":5},{"damage":1,"enemies":"Jaw Worm","floor":4,"turns":4},{"damage":2,"enemies":"3 Louse","floor":5,"turns":4},{"damage":22,"enemies":"Large Slime","floor":7,"turns":5},{"damage":0,"enemies":"Lots of Slimes","floor":8,"turns":1},{"damage":57,"enemies":"Hexaghost","floor":16,"turns":11},{"damage":2,"enemies":"2 Thieves","floor":18,"turns":3},{"damage":0,"enemies":"Spheric Guardian","floor":20,"turns":4},{"damage":28,"enemies":"Gremlin Leader","floor":23,"turns":5},{"damage":5,"enemies":"Centurion and Healer","floor":25,"turns":8},{"damage":0,"enemies":"Slavers","floor":27,"turns":1},{"damage":9,"enemies":"Shelled Parasite and Fungi","floor":31,"turns":5},{"damage":34,"enemies":"Champ","floor":33,"turns":13},{"damage":8,"enemies":"Orb Walker","floor":35,"turns":5},{"damage":14,"enemies":"3 Shapes","floor":37,"turns":1},{"damage":36,"enemies":"Spire Growth","floor":38,"turns":9},{"damage":30,"enemies":"Sphere and 2 Shapes","floor":39,"turns":7},{"damage":0,"enemies":"Jaw Worm Horde","floor":41,"turns":2},{"damage":5,"enemies":"Mind Bloom Boss Battle","floor":42,"turns":8},{"damage":11,"enemies":"Spire Growth","floor":45,"turns":4},{"damage":32,"enemies":"Writhing Mass","floor":46,"turns":7},{"damage":40,"enemies":"Maw","floor":48,"turns":8},{"damage":61,"enemies":"Awakened One","floor":50,"turns":12}],"seed_played":"3272152881751977013","potions_obtained":[{"floor":1,"key":"Poison Potion"},{"floor":5,"key":"Swift Potion"},{"floor":7,"key":"SpeedPotion"},{"floor":18,"key":"Fruit Juice"},{"floor":23,"key":"Weak Potion"},{"floor":25,"key":"SkillPotion"},{"floor":38,"key":"SneckoOil"},{"floor":41,"key":"Fruit Juice"},{"floor":45,"key":"Swift Potion"},{"floor":46,"key":"SteroidPotion"},{"floor":48,"key":"Block Potion"}],"is_trial":false,"path_per_floor":["M","M","$","M","M","R","M","M","T","?","$","?","R","?","R","B",null,"M","$","M","?","?","E","R","M","T","E","R","?","R","M","R","B",null,"M","$","M","M","M","R","M","?","T","R","M","M","R","M","R","B"],"character_chosen":"IRONCLAD","items_purchased":["War Paint","Anchor","Matryoshka"],"campfire_rested":4,"item_purchase_floors":[19,36,36],"current_hp_per_floor":[80,80,80,80,80,80,64,70,70,70,70,75,75,75,75,24,79,79,79,84,84,84,62,62,63,63,69,69,53,78,75,75,47,84,85,85,77,47,23,49,55,61,61,61,59,33,61,27,55,0],"gold":403,"neow_bonus":"ONE_RANDOM_RARE_CARD","is_prod":false,"is_daily":false,"chose_seed":false,"campfire_upgraded":7,"win_rate":0,"timestamp":1543466795,"path_taken":["M","M","$","M","M","R","M","M","T","?","$","?","R","?","R","BOSS","M","$","M","?","?","E","R","M","T","E","R","?","R","?","R","BOSS","M","$","M","M","?","R","M","?","T","R","M","M","R","M","R","BOSS"],"build_version":"2018-11-15","purchased_purges":2,"victory":false,"max_hp_per_floor":[80,80,80,80,80,80,80,80,80,74,74,79,79,79,79,79,79,79,79,84,84,84,84,84,84,84,84,84,84,84,84,84,84,84,87,87,87,87,87,87,87,92,92,92,95,95,95,95,95,95],"card_choices":[{"not_picked":["Evolve","Seeing Red"],"picked":"Pommel Strike","floor":1},{"not_picked":["Armaments","Heavy Blade"],"picked":"Shrug It Off","floor":2},{"not_picked":["Iron Wave","Blood for Blood"],"picked":"Whirlwind","floor":4},{"not_picked":["Feel No Pain","Shockwave"],"picked":"Rampage","floor":5},{"not_picked":["Entrench","Whirlwind"],"picked":"Flex","floor":7},{"not_picked":["Cleave","Havoc","Sever Soul"],"picked":"SKIP","floor":8},{"not_picked":["Wild Strike","Iron Wave"],"picked":"Shrug It Off","floor":18},{"not_picked":["Pummel","Shockwave","Carnage+1"],"picked":"SKIP","floor":20},{"not_picked":["Perfected Strike+1","Twin Strike+1"],"picked":"Headbutt+1","floor":23},{"not_picked":["Perfected Strike","Spot Weakness"],"picked":"Armaments","floor":25},{"not_picked":["Havoc","Sentinel","Dual Wield"],"picked":"SKIP","floor":27},{"not_picked":["Seeing Red","Twin Strike"],"picked":"Flame Barrier","floor":31},{"not_picked":["Berserk","Limit Break"],"picked":"Feed","floor":33},{"not_picked":["Anger+1","Entrench+1"],"picked":"Shrug It Off","floor":35},{"not_picked":["Clash","Havoc","Warcry"],"picked":"SKIP","floor":37},{"not_picked":["Shockwave+1","Sentinel"],"picked":"Flex+1","floor":38},{"not_picked":["Sword Boomerang","Rage+1","Pommel Strike"],"picked":"SKIP","floor":39},{"not_picked":["Warcry","Bludgeon"],"picked":"Flex+1","floor":41},{"not_picked":["Flex","Armaments+1"],"picked":"Headbutt+1","floor":42},{"not_picked":["Clash","Twin Strike","Dropkick"],"picked":"SKIP","floor":45},{"not_picked":["Wild Strike","Headbutt+1","Havoc+1"],"picked":"SKIP","floor":46},{"not_picked":["Havoc+1","Sword Boomerang+1","Fire Breathing+1"],"picked":"SKIP","floor":48}],"player_experience":142739,"relics_obtained":[{"floor":9,"key":"Orichalcum"},{"floor":23,"key":"Whetstone"},{"floor":26,"key":"The Courier"},{"floor":27,"key":"Vajra"},{"floor":42,"key":"Turnip"},{"floor":43,"key":"Potion Belt"},{"floor":43,"key":"Happy Flower"}],"event_choices":[{"damage_healed":0,"gold_gain":0,"player_choice":"Lose Max HP","damage_taken":0,"relics_obtained":["Golden Idol"],"max_hp_gain":0,"max_hp_loss":6,"event_name":"Golden Idol","floor":10,"gold_loss":0},{"damage_healed":0,"gold_gain":0,"player_choice":"Donut","damage_taken":0,"max_hp_gain":5,"max_hp_loss":0,"event_name":"Big Fish","floor":12,"gold_loss":0},{"cards_removed":["Strike_R"],"damage_healed":0,"gold_gain":0,"player_choice":"Card Removal","damage_taken":0,"max_hp_gain":0,"max_hp_loss":0,"event_name":"The Cleric","floor":14,"gold_loss":50},{"damage_healed":0,"gold_gain":99,"player_choice":"Stole From Cult","damage_taken":0,"max_hp_gain":0,"max_hp_loss":0,"event_name":"Nest","floor":21,"gold_loss":0},{"cards_removed":["Strike_R"],"damage_healed":0,"gold_gain":0,"player_choice":"Elegance","damage_taken":0,"max_hp_gain":0,"max_hp_loss":0,"event_name":"Back to Basics","floor":22,"gold_loss":0},{"damage_healed":0,"gold_gain":90,"player_choice":"GOLD ","damage_taken":16,"max_hp_gain":0,"max_hp_loss":0,"event_name":"Knowing Skull","floor":29,"potions_obtained":[],"gold_loss":0,"cards_obtained":[]},{"damage_healed":0,"gold_gain":0,"player_choice":"Fight","damage_taken":0,"max_hp_gain":0,"max_hp_loss":0,"event_name":"MindBloom","floor":42,"gold_loss":0}],"is_beta":false,"boss_relics":[{"not_picked":["Busted Crown","Black Blood"],"picked":"Velvet Choker"},{"not_picked":["Runic Dome","Snecko Eye","Astrolabe"]}],"items_purged_floors":[11,36],"is_endless":false,"potions_floor_spawned":[1,5,7,8,18,23,25,38,41,45,46,48],"killed_by":"Awakened One","ascension_level":0}