{"gold_per_floor":[109,123,198,210,226,226,261,275,275,49,78,96,96,46,46,141,141,159,170],"floor_reached":19,"playtime":896,"items_purged":["Strike_R"],"score":181,"play_id":"a530f857-fb84-43b5-86b6-5ef4e61a9930","local_time":"20181128214301","is_ascension_mode":false,"campfire_choices":[{"data":"Carnage","floor":6,"key":"SMITH"},{"data":"Searing Blow","floor":13,"key":"SMITH"},{"data":"Searing Blow+1","floor":15,"key":"SMITH"}],"neow_cost":"NONE","seed_source_timestamp":1297345355047174,"circlet_count":0,"master_deck":["Strike_R","Strike_R","Strike_R","Defend_R","Defend_R","Defend_R","Defend_R","Bash","Cleave","Twin Strike","Carnage+1","Rampage","Spot Weakness","Searing Blow+2","Double Tap","Second Wind","Armaments"],"relics":["Burning Blood","Blood Vial","Potion Belt","Bag of Marbles","Smiling Mask","Lizard Tail"],"potions_floor_usage":[8,8,8,16],"damage_taken":[{"damage":1,"enemies":"Jaw Worm","floor":1,"turns":5},{"damage":7,"enemies":"Small Slimes","floor":2,"turns":4},{"damage":7,"enemies":"2 Louse","floor":4,"turns":2},{"damage":7,"enemies":"Blue Slaver","floor":5,"turns":2},{"damage":31,"enemies":"Lagavulin","floor":7,"turns":5},{"damage":11,"enemies":"Exordium Thugs","floor":8,"turns":3},{"damage":6,"enemies":"Gremlin Nob","floor":11,"turns":3},{"damage":5,"enemies":"Lots of Slimes","floor":12,"turns":2},{"damage":44,"enemies":"The Guardian","floor":16,"turns":8},{"damage":32,"enemies":"Shell Parasite","floor":18,"turns":5},{"damage":59,"enemies":"3 Byrds","floor":19,"turns":6}],"seed_played":"-8845070022787948750","potions_obtained":[{"floor":0,"key":"Poison Potion"},{"floor":0,"key":"Regen Potion"},{"floor":0,"key":"Energy Potion"},{"floor":4,"key":"SkillPotion"},{"floor":7,"key":"Fruit Juice"},{"floor":8,"key":"SteroidPotion"},{"floor":19,"key":"SteroidPotion"}],"is_trial":false,"path_per_floor":["M","M","?","M","M","R","E","M","T","$","E","M","R","?","R","B",null,"M","M"],"character_chosen":"IRONCLAD","items_purchased":["Bag of Marbles"],"campfire_rested":0,"item_purchase_floors":[10],"current_hp_per_floor":[80,79,68,67,66,66,41,52,52,52,54,57,57,57,57,21,85,59,8],"gold":170,"neow_bonus":"THREE_SMALL_POTIONS","is_prod":false,"is_daily":false,"chose_seed":false,"campfire_upgraded":3,"win_rate":0,"timestamp":1543462981,"path_taken":["M","M","?","M","M","R","E","M","T","$","E","M","R","?","R","BOSS","M","M"],"build_version":"2018-11-15","purchased_purges":1,"victory":false,"max_hp_per_floor":[80,80,80,80,80,80,80,85,85,85,85,85,85,85,85,85,85,85,85],"card_choices":[{"not_picked":["Power Through","Entrench"],"picked":"Cleave","floor":1},{"not_picked":["Reckless Charge","Seeing Red"],"picked":"Twin Strike","floor":2},{"not_picked":["Burning Pact","Battle Trance"],"picked":"Carnage","floor":4},{"not_picked":["Body Slam","Twin Strike"],"picked":"Rampage","floor":5},{"not_picked":["Havoc","Intimidate","Entrench"],"picked":"SKIP","floor":7},{"not_picked":["Havoc","Sentinel"],"picked":"Spot Weakness","floor":8},{"not_picked":["Perfected Strike","Corruption"],"picked":"Searing Blow","floor":11},{"not_picked":["Wild Strike","Twin Strike","Sword Boomerang"],"picked":"SKIP","floor":12},{"not_picked":["Impervious","Feed"],"picked":"Double Tap","floor":16},{"not_picked":["Pommel Strike","Evolve"],"picked":"Second Wind","floor":18},{"not_picked":["Hemokinesis","Headbutt+1"],"picked":"Armaments","floor":19}],"player_experience":141085,"relics_obtained":[{"floor":7,"key":"Blood Vial"},{"floor":9,"key":"Potion Belt"},{"floor":11,"key":"Smiling Mask"}],"event_choices":[{"damage_healed":0,"gold_gain":75,"player_choice":"Gather Gold","damage_taken":11,"max_hp_gain":0,"max_hp_loss":0,"event_name":"World of Goop","floor":3,"gold_loss":0},{"cards_removed":["Strike_R"],"damage_healed":0,"gold_gain":0,"player_choice":"Card Removal","damage_taken":0,"max_hp_gain":0,"max_hp_loss":0,"event_name":"The Cleric","floor":14,"gold_loss":50}],"is_beta":false,"boss_relics":[{"not_picked":["Ectoplasm","Cursed Key"],"picked":"Lizard Tail"}],"items_purged_floors":[10],"is_endless":false,"potions_floor_spawned":[4,5,7,8,19],"killed_by":"3 Byrds","ascension_level":0}