{"gold_per_floor":[111,129,149,149,149,149,6,6,58,69,88,102,115,128,128,225,225,242,261,176,176,196,196],"floor_reached":23,"playtime":1107,"items_purged":["Strike_B"],"score":196,"play_id":"dc5c00cc-31af-488f-97ed-6a364e1fc461","local_time":"20181205111618","is_ascension_mode":true,"campfire_choices":[{"data":"Zap","floor":6,"key":"SMITH"},{"data":"Dualcast","floor":8,"key":"SMITH"},{"data":"Static Discharge","floor":15,"key":"SMITH"}],"neow_cost":"NONE","seed_source_timestamp":1864334676060385,"circlet_count":0,"master_deck":["Strike_B","Strike_B","Strike_B","Defend_B","Defend_B","Defend_B","Defend_B","Zap+1","Dualcast+1","Static Discharge+1","Scrape","Scrape","Reprogram","Beam Cell","Steam","Go for the Eyes","FTL","Steam Power"],"relics":["Cracked Core","DataDisk","Lizard Tail","Question Card"],"potions_floor_usage":[21],"damage_taken":[{"damage":1,"enemies":"Cultist","floor":1,"turns":3},{"damage":0,"enemies":"Small Slimes","floor":2,"turns":2},{"damage":0,"enemies":"2 Louse","floor":3,"turns":2},{"damage":2,"enemies":"Blue Slaver","floor":10,"turns":3},{"damage":5,"enemies":"Looter","floor":11,"turns":3},{"damage":0,"enemies":"Large Slime","floor":12,"turns":4},{"damage":2,"enemies":"3 Louse","floor":13,"turns":3},{"damage":5,"enemies":"Looter","floor":14,"turns":3},{"damage":23,"enemies":"Slime Boss","floor":16,"turns":8},{"damage":5,"enemies":"Spheric Guardian","floor":18,"turns":3},{"damage":27,"enemies":"2 Thieves","floor":19,"turns":4},{"damage":16,"enemies":"Colosseum Slavers","floor":21,"turns":4},{"damage":17,"enemies":"3 Cultists","floor":22,"turns":4},{"damage":22,"enemies":"Slavers","floor":23,"turns":4}],"seed_played":"8689828031252173740","potions_obtained":[{"floor":2,"key":"Energy Potion"},{"floor":3,"key":"Poison Potion"},{"floor":10,"key":"Energy Potion"},{"floor":22,"key":"SpeedPotion"}],"is_trial":false,"path_per_floor":["M","M","M","?","?","R","$","R","T","M","M","M","M","M","R","B",null,"M","M","?","?","M","E"],"character_chosen":"DEFECT","items_purchased":["Scrape"],"campfire_rested":0,"item_purchase_floors":[7],"current_hp_per_floor":[81,81,81,81,86,86,86,86,86,84,79,79,77,72,72,49,87,82,55,55,39,22,43],"gold":196,"neow_bonus":"TEN_PERCENT_HP_BONUS","is_prod":false,"is_daily":false,"chose_seed":false,"campfire_upgraded":3,"win_rate":0,"timestamp":1544030178,"path_taken":["M","M","?","?","?","R","?","R","T","M","M","M","M","M","R","BOSS","M","M","?","?","M","E"],"build_version":"2018-11-15","purchased_purges":1,"victory":false,"max_hp_per_floor":[82,82,82,82,87,87,87,87,87,87,87,87,87,87,87,87,87,87,87,87,87,87,87],"card_choices":[{"not_picked":["Stack","Barrage"],"picked":"Static Discharge","floor":1},{"not_picked":["Skim","Cold Snap"],"picked":"Scrape","floor":2},{"not_picked":["Consume","Static Discharge","Reinforced Body"],"picked":"SKIP","floor":3},{"not_picked":["Double Energy","Rebound","Hologram"],"picked":"SKIP","floor":10},{"not_picked":["Recycle","Compile Driver"],"picked":"Reprogram","floor":11},{"not_picked":["Stack","Compile Driver"],"picked":"Beam Cell","floor":12},{"not_picked":["Beam Cell","Redo"],"picked":"Steam","floor":13},{"not_picked":["Rainbow","Rebound"],"picked":"Go for the Eyes","floor":14},{"not_picked":["Go for the Eyes","Genetic Algorithm"],"picked":"FTL","floor":18},{"not_picked":["Conserve Battery","Hologram"],"picked":"Steam Power","floor":19},{"not_picked":["Turbo","Steam","Redo","Ball Lightning"],"picked":"SKIP","floor":22}],"player_experience":224971,"relics_obtained":[{"floor":9,"key":"DataDisk"}],"event_choices":[{"damage_healed":0,"gold_gain":0,"player_choice":"Ignored","damage_taken":0,"max_hp_gain":0,"max_hp_loss":0,"event_name":"Liars Game","floor":4,"gold_loss":0},{"damage_healed":0,"gold_gain":0,"player_choice":"Donut","damage_taken":0,"max_hp_gain":5,"max_hp_loss":0,"event_name":"Big Fish","floor":5,"gold_loss":0},{"damage_healed":0,"gold_gain":0,"player_choice":"Obtained Relic","damage_taken":0,"relics_obtained":["Question Card"],"max_hp_gain":0,"max_hp_loss":0,"event_name":"Addict","floor":20,"gold_loss":85},{"damage_healed":0,"gold_gain":0,"player_choice":"Fight","damage_taken":0,"max_hp_gain":0,"max_hp_loss":0,"event_name":"Colosseum","floor":21,"gold_loss":0},{"damage_healed":0,"gold_gain":0,"player_choice":"Fled From Nobs","damage_taken":0,"max_hp_gain":0,"max_hp_loss":0,"event_name":"Colosseum","floor":21,"gold_loss":0}],"is_beta":false,"boss_relics":[{"not_picked":["Calling Bell","Velvet Choker"],"picked":"Lizard Tail"}],"items_purged_floors":[7],"is_endless":false,"potions_floor_spawned":[2,3,10,16,21,22],"killed_by":"Slavers","ascension_level":1}