{"gold_per_floor":[110,110,130,146,158,158,184,184,184,134,157,69,69,69,69,195,195,186,201,126,51,51,51,51],"floor_reached":24,"playtime":1368,"items_purged":["Pain"],"score":217,"play_id":"8f2e8df6-4c1e-4064-83f1-e3793364393a","local_time":"20191009072238","is_ascension_mode":false,"campfire_choices":[{"floor":6,"key":"REST"},{"floor":8,"key":"REST"},{"data":"Genetic Algorithm","floor":13,"key":"SMITH"},{"floor":15,"key":"REST"},{"floor":23,"key":"REST"}],"neow_cost":"NONE","seed_source_timestamp":170220448656800,"circlet_count":0,"master_deck":["Strike_B","Strike_B","Strike_B","Defend_B","Defend_B","Defend_B","Defend_B","Zap","Dualcast","Creative AI","Genetic Algorithm+1","Reboot","Steam","Gash","Beam Cell","Glacier","All For One","Parasite"],"relics":["Cracked Core","Darkstone Periapt","Bottled Lightning","Blood Vial","Golden Idol","Calling Bell","Art of War","Shovel","Question Card"],"potions_floor_usage":[24],"damage_taken":[{"damage":7,"enemies":"2 Louse","floor":1,"turns":3},{"damage":1,"enemies":"Cultist","floor":3,"turns":4},{"damage":6,"enemies":"Jaw Worm","floor":4,"turns":3},{"damage":14,"enemies":"Exordium Wildlife","floor":5,"turns":5},{"damage":46,"enemies":"3 Sentries","floor":7,"turns":9},{"damage":39,"enemies":"The Guardian","floor":16,"turns":10},{"damage":11,"enemies":"2 Thieves","floor":18,"turns":4},{"damage":23,"enemies":"Shell Parasite","floor":19,"turns":11},{"damage":107,"enemies":"Gremlin Leader","floor":24,"turns":12}],"seed_played":"6098501315033924138","potions_obtained":[{"floor":4,"key":"Fire Potion"},{"floor":7,"key":"SteroidPotion"}],"is_trial":false,"path_per_floor":["M","?","M","M","M","R","E","R","T","?","T","$","R","?","R","B",null,"M","M","$","?","?","R","E"],"character_chosen":"DEFECT","items_purchased":["Beam Cell","Glacier"],"campfire_rested":4,"item_purchase_floors":[12,12],"current_hp_per_floor":[68,75,74,68,54,75,29,51,51,51,51,51,51,33,55,18,93,82,61,61,61,61,88,0],"gold":51,"neow_bonus":"ONE_RANDOM_RARE_CARD","is_prod":false,"is_daily":false,"chose_seed":false,"campfire_upgraded":1,"win_rate":0.0,"timestamp":1570620158,"path_taken":["M","?","M","?","M","R","E","R","T","?","?","?","R","?","R","BOSS","M","M","$","?","?","R","E"],"build_version":"2019-07-17","purchased_purges":1,"victory":false,"max_hp_per_floor":[75,75,75,75,75,75,75,75,75,75,75,75,75,75,75,75,93,93,93,93,93,93,93,93],"card_choices":[{"not_picked":["Streamline","Compile Driver","Ball Lightning"],"picked":"SKIP","floor":1},{"not_picked":["Loop","Cold Snap"],"picked":"Genetic Algorithm","floor":3},{"not_picked":["Stack","Compile Driver"],"picked":"Reboot","floor":4},{"not_picked":["Go for the Eyes","Hologram"],"picked":"Steam","floor":5},{"not_picked":["Sweeping Beam","Biased Cognition"],"picked":"Gash","floor":7},{"not_picked":["Buffer","Thunder Strike"],"picked":"All For One","floor":16},{"not_picked":["Leap","Force Field","Coolheaded+1","Storm"],"picked":"SKIP","floor":18},{"not_picked":["Streamline+1","Loop+1","Hologram","Genetic Algorithm"],"picked":"SKIP","floor":19}],"player_experience":100450,"relics_obtained":[{"floor":7,"key":"Darkstone Periapt"},{"floor":9,"key":"Bottled Lightning"},{"floor":11,"key":"Blood Vial"},{"floor":17,"key":"Art of War"},{"floor":17,"key":"Shovel"},{"floor":17,"key":"Question Card"}],"event_choices":[{"damage_healed":7,"gold_gain":0,"player_choice":"Full Heal","damage_taken":0,"max_hp_gain":0,"max_hp_loss":0,"event_name":"Wheel of Change","floor":2,"gold_loss":0},{"cards_removed":["Strike_B"],"damage_healed":0,"gold_gain":0,"player_choice":"Card Removal","damage_taken":0,"max_hp_gain":0,"max_hp_loss":0,"event_name":"The Cleric","floor":10,"gold_loss":50},{"damage_healed":0,"gold_gain":0,"player_choice":"Take Damage","damage_taken":18,"relics_obtained":["Golden Idol"],"max_hp_gain":0,"max_hp_loss":0,"event_name":"Golden Idol","floor":14,"gold_loss":0},{"cards_removed":["Decay"],"damage_healed":0,"gold_gain":0,"player_choice":"Gave Gold","damage_taken":0,"max_hp_gain":0,"max_hp_loss":0,"event_name":"Beggar","floor":21,"gold_loss":75},{"damage_healed":0,"gold_gain":0,"player_choice":"Bought 0 Potions","damage_taken":0,"max_hp_gain":0,"max_hp_loss":0,"event_name":"The Woman in Blue","floor":22,"gold_loss":0}],"is_beta":false,"boss_relics":[{"not_picked":["Tiny House","Pandora\u0027s Box"],"picked":"Calling Bell"}],"items_purged_floors":[20],"is_endless":false,"potions_floor_spawned":[4,7],"killed_by":"Gremlin Leader","ascension_level":0}