{"gold_per_floor":[113,124,144,144,24,58,58,88,88,88,101,101,101,119,119,218,218,236,252,252,252,267,267,287,319,343,343,343,343,2,32,32,127,127,139,139,149,164,16,16,29,29,53,53,67,84,84,115,115,115],"floor_reached":50,"playtime":4322,"items_purged":["Strike_B"],"score":570,"play_id":"37da3d95-bfb6-4156-b2f8-c6d4a3dffb85","local_time":"20181125194604","is_ascension_mode":false,"campfire_choices":[{"data":"Darkness","floor":7,"key":"SMITH"},{"data":"Beam Cell","floor":10,"key":"SMITH"},{"data":"Streamline","floor":12,"key":"SMITH"},{"data":"Dualcast","floor":13,"key":"SMITH"},{"floor":15,"key":"REST"},{"floor":23,"key":"REST"},{"data":"Loop","floor":27,"key":"SMITH"},{"floor":29,"key":"REST"},{"floor":32,"key":"REST"},{"floor":40,"key":"REST"},{"floor":42,"key":"RECALL"},{"data":"Rainbow","floor":47,"key":"SMITH"},{"data":"Chaos","floor":49,"key":"SMITH"}],"neow_cost":"NONE","seed_source_timestamp":1027703636936815,"circlet_count":0,"master_deck":["Strike_B+1","Strike_B+1","Strike_B+1","Defend_B+1","Defend_B+1","Defend_B+1","Defend_B+1","Zap+1","Dualcast+1","Ball Lightning","Redo","Beam Cell+1","Streamline+1","Darkness+1","Ball Lightning","Core Surge","Capacitor","Echo Form","Double Energy+1","Loop+1","Leap","Cold Snap","Coolheaded","Regret","Rainbow+1","Streamline+1","Thinking Ahead","Conserve Battery+1","Go for the Eyes+1","Conserve Battery","Clumsy","Compile Driver","BootSequence+1","Chaos+1"],"relics":["Cracked Core","Thread and Needle","Peace Pipe","WingedGreaves","Cursed Key","NlothsMask","Bird Faced Urn","Lantern","Membership Card","Regal Pillow","Eternal Feather","Gambling Chip","Oddly Smooth Stone"],"potions_floor_usage":[31,33,41],"damage_taken":[{"damage":2,"enemies":"2 Louse","floor":1,"turns":2},{"damage":0,"enemies":"Cultist","floor":2,"turns":2},{"damage":1,"enemies":"Jaw Worm","floor":3,"turns":4},{"damage":11,"enemies":"3 Sentries","floor":6,"turns":9},{"damage":12,"enemies":"Lagavulin","floor":8,"turns":4},{"damage":7,"enemies":"Large Slime","floor":11,"turns":4},{"damage":0,"enemies":"Red Slaver","floor":14,"turns":1},{"damage":0,"enemies":"Slime Boss","floor":16,"turns":5},{"damage":6,"enemies":"Chosen","floor":18,"turns":4},{"damage":19,"enemies":"3 Byrds","floor":19,"turns":3},{"damage":22,"enemies":"Shelled Parasite and Fungi","floor":22,"turns":6},{"damage":8,"enemies":"3 Cultists","floor":24,"turns":6},{"damage":12,"enemies":"Book of Stabbing","floor":25,"turns":4},{"damage":23,"enemies":"Slavers","floor":31,"turns":4},{"damage":57,"enemies":"Collector","floor":33,"turns":12},{"damage":31,"enemies":"3 Darklings","floor":35,"turns":8},{"damage":11,"enemies":"3 Shapes","floor":37,"turns":4},{"damage":30,"enemies":"Sphere and 2 Shapes","floor":38,"turns":6},{"damage":10,"enemies":"Transient","floor":41,"turns":5},{"damage":6,"enemies":"3 Darklings","floor":45,"turns":8},{"damage":20,"enemies":"Maw","floor":46,"turns":7},{"damage":49,"enemies":"Reptomancer","floor":48,"turns":7},{"damage":51,"enemies":"Time Eater","floor":50,"turns":7}],"seed_played":"-2509686144849350421","potions_obtained":[{"floor":6,"key":"Strength Potion"},{"floor":8,"key":"FearPotion"},{"floor":22,"key":"LiquidBronze"},{"floor":25,"key":"FocusPotion"},{"floor":35,"key":"SpeedPotion"},{"floor":41,"key":"Energy Potion"},{"floor":45,"key":"SteroidPotion"}],"is_trial":false,"path_per_floor":["M","M","M","?","$","E","R","E","T","R","M","R","R","M","R","B",null,"M","M","?","?","M","R","M","E","T","R","?","R","$","E","R","B",null,"M","?","M","M","$","R","M","R","T","?","M","M","R","E","R","B"],"character_chosen":"DEFECT","items_purchased":["Streamline","Lantern","Membership Card","Gambling Chip"],"campfire_rested":5,"item_purchase_floors":[5,30,30,39],"current_hp_per_floor":[73,73,72,72,72,61,61,49,49,49,42,42,42,42,64,64,75,69,50,50,50,28,50,42,30,30,30,30,52,52,33,70,19,75,50,50,41,13,13,68,64,75,75,75,74,57,75,26,44,0],"gold":115,"neow_bonus":"THREE_CARDS","is_prod":false,"is_daily":false,"chose_seed":false,"campfire_upgraded":7,"win_rate":0,"timestamp":1543196764,"path_taken":["M","M","M","?","$","E","R","E","T","R","M","R","R","?","R","BOSS","M","M","?","?","M","R","?","E","T","R","?","R","$","E","R","BOSS","M","?","M","M","$","R","M","R","T","?","M","M","R","E","R","BOSS"],"build_version":"2018-11-15","purchased_purges":1,"victory":false,"max_hp_per_floor":[75,75,75,75,75,75,75,75,75,75,75,75,75,75,75,75,75,75,75,75,75,75,75,75,75,75,75,75,75,75,75,75,75,75,75,75,75,75,75,75,75,75,75,75,75,75,75,75,75,75],"card_choices":[{"not_picked":["Coolheaded","Go for the Eyes"],"picked":"Ball Lightning","floor":0},{"not_picked":["Leap","Coolheaded"],"picked":"Redo","floor":1},{"not_picked":["Go for the Eyes","Compile Driver"],"picked":"Chill","floor":2},{"not_picked":["Fission","Sunder"],"picked":"Beam Cell","floor":3},{"not_picked":["Hologram","Cold Snap"],"picked":"Darkness","floor":6},{"not_picked":["Sweeping Beam","Stack"],"picked":"Ball Lightning","floor":8},{"not_picked":["Hologram","Streamline"],"picked":"Core Surge","floor":11},{"not_picked":["Ball Lightning","Go for the Eyes"],"picked":"Capacitor","floor":14},{"not_picked":["Rainbow","Biased Cognition"],"picked":"Echo Form","floor":16},{"not_picked":["Beam Cell","Leap"],"picked":"Double Energy+1","floor":18},{"not_picked":["Reprogram","Hologram"],"picked":"Loop","floor":19},{"not_picked":["Hologram","Streamline"],"picked":"Leap","floor":22},{"not_picked":["Beam Cell","Go for the Eyes"],"picked":"Cold Snap","floor":24},{"not_picked":["Gash+1","Recycle"],"picked":"Coolheaded","floor":25},{"not_picked":["Rebound+1","Hello World","Beam Cell"],"picked":"SKIP","floor":31},{"not_picked":["Biased Cognition","Hyperbeam"],"picked":"Rainbow","floor":33},{"not_picked":["Capacitor+1","Hologram"],"picked":"Streamline+1","floor":35},{"not_picked":["Good Instincts","Jack Of All Trades"],"picked":"Thinking Ahead","floor":36},{"not_picked":["FTL+1","Sweeping Beam+1"],"picked":"Conserve Battery+1","floor":37},{"not_picked":["FTL","Barrage+1"],"picked":"Go for the Eyes+1","floor":38},{"not_picked":["Steam+1","Turbo+1"],"picked":"Conserve Battery","floor":41},{"not_picked":["Leap","Turbo+1"],"picked":"Compile Driver","floor":45},{"not_picked":["Melter","Loop+1"],"picked":"BootSequence+1","floor":46},{"not_picked":["Reprogram+1","Amplify"],"picked":"Chaos","floor":48}],"player_experience":98678,"relics_obtained":[{"floor":6,"key":"Thread and Needle"},{"floor":8,"key":"Peace Pipe"},{"floor":9,"key":"WingedGreaves"},{"floor":25,"key":"Bird Faced Urn"},{"floor":31,"key":"Regal Pillow"},{"floor":48,"key":"Oddly Smooth Stone"}],"event_choices":[{"damage_healed":0,"gold_gain":0,"player_choice":"Upgraded","damage_taken":0,"max_hp_gain":0,"max_hp_loss":0,"event_name":"Upgrade Shrine","floor":4,"gold_loss":0,"cards_upgraded":["Zap"]},{"damage_healed":0,"gold_gain":0,"player_choice":"Ignored","damage_taken":0,"max_hp_gain":0,"max_hp_loss":0,"event_name":"Ghosts","floor":20,"gold_loss":0},{"damage_healed":0,"gold_gain":0,"player_choice":"Trade","damage_taken":0,"relics_obtained":["NlothsMask"],"max_hp_gain":0,"max_hp_loss":0,"event_name":"FaceTrader","floor":21,"gold_loss":0},{"damage_healed":0,"gold_gain":0,"player_choice":"Simplicity","damage_taken":0,"max_hp_gain":0,"max_hp_loss":0,"event_name":"Back to Basics","floor":28,"gold_loss":0,"cards_upgraded":["Strike_B","Strike_B","Strike_B","Defend_B","Defend_B","Defend_B","Defend_B"]},{"damage_healed":0,"gold_gain":0,"player_choice":"Memory 1","damage_taken":0,"max_hp_gain":0,"max_hp_loss":0,"event_name":"SensoryStone","floor":36,"gold_loss":0},{"cards_removed":["Chill"],"damage_healed":0,"gold_gain":0,"player_choice":"Removed Skill","damage_taken":0,"max_hp_gain":0,"max_hp_loss":0,"event_name":"Falling","floor":44,"gold_loss":0}],"is_beta":false,"boss_relics":[{"not_picked":["Astrolabe","Ectoplasm"],"picked":"Cursed Key"},{"not_picked":["Runic Pyramid","Snecko Eye"],"picked":"Eternal Feather"}],"items_purged_floors":[5],"is_endless":false,"potions_floor_spawned":[6,8,22,25,35,41,45,48],"killed_by":"Time Eater","ascension_level":0}