{"gold_per_floor":[219,54,4,4,18,44,44,79,79,111,111,123,123,123,123,199,199,218,21,201,217,236,236,269,269,269,269,285,301,331,331,331,405,405,425,425,245,259,176,203,213,229,253,56,76,109,109,119,119,119],"floor_reached":51,"playtime":4141,"items_purged":["Bash","Strike_R","Strike_R","Strike_R"],"score":1372,"play_id":"c899b9d3-7ff5-458a-bb64-44814e9281f3","local_time":"20190614183406","is_ascension_mode":true,"campfire_choices":[{"data":"Inflame","floor":7.0,"key":"SMITH"},{"data":"Disarm","floor":11.0,"key":"SMITH"},{"data":"Uppercut","floor":15.0,"key":"SMITH"},{"data":"Juggernaut","floor":23,"key":"SMITH"},{"data":"Flame Barrier","floor":25,"key":"SMITH"},{"data":"Shrug It Off","floor":27,"key":"SMITH"},{"floor":32,"key":"REST"},{"floor":47,"key":"REST"},{"floor":49,"key":"REST"}],"neow_cost":"NONE","seed_source_timestamp":11335727342545,"circlet_count":0,"master_deck":["AscendersBane","Defend_R","Defend_R","Defend_R","Defend_R","Shrug It Off+1","Inflame+1","Uppercut+1","Flame Barrier+1","Feel No Pain","Feed","Disarm+1","Battle Trance","Juggernaut+1","Infernal Blade+1","Shrug It Off","Barricade","Headbutt","Shrug It Off","Combust","Ghostly Armor","Shrug It Off","Entrench","Body Slam+1"],"special_seed":0,"relics":["Burning Blood","Nunchaku","Charon\u0027s Ashes","Meat on the Bone","Singing Bowl","Smiling Mask","Ornamental Fan","Sozu","Art of War","Pear","Self Forming Clay","Orichalcum","Fusion Hammer","Boot","Pen Nib","Oddly Smooth Stone","Mummified Hand"],"potions_floor_usage":[24],"damage_taken":[{"damage":11.0,"enemies":"2 Louse","floor":1.0,"turns":3.0},{"damage":5.0,"enemies":"Small Slimes","floor":5.0,"turns":5.0},{"damage":15.0,"enemies":"Lagavulin","floor":6.0,"turns":10.0},{"damage":22.0,"enemies":"Gremlin Nob","floor":8.0,"turns":4.0},{"damage":31.0,"enemies":"Lagavulin","floor":10.0,"turns":8.0},{"damage":3.0,"enemies":"Cultist","floor":12.0,"turns":3.0},{"damage":20.0,"enemies":"Hexaghost","floor":16.0,"turns":10.0},{"damage":15.0,"enemies":"Spheric Guardian","floor":18.0,"turns":4.0},{"damage":1,"enemies":"Shell Parasite","floor":21,"turns":7},{"damage":6,"enemies":"Cultist and Chosen","floor":22,"turns":6},{"damage":28,"enemies":"Slavers","floor":24,"turns":5},{"damage":16,"enemies":"Centurion and Healer","floor":28,"turns":7},{"damage":4,"enemies":"Snake Plant","floor":29,"turns":6},{"damage":5,"enemies":"Book of Stabbing","floor":30,"turns":7},{"damage":3,"enemies":"Colosseum Slavers","floor":31,"turns":4},{"damage":55,"enemies":"Automaton","floor":33,"turns":12},{"damage":11,"enemies":"3 Darklings","floor":35,"turns":5},{"damage":1,"enemies":"3 Shapes","floor":38,"turns":4},{"damage":49,"enemies":"Reptomancer","floor":40,"turns":13},{"damage":18,"enemies":"Writhing Mass","floor":41,"turns":5},{"damage":17,"enemies":"4 Shapes","floor":42,"turns":5},{"damage":29,"enemies":"Sphere and 2 Shapes","floor":45,"turns":5},{"damage":9,"enemies":"Giant Head","floor":46,"turns":12},{"damage":1,"enemies":"Spire Growth","floor":48,"turns":5},{"damage":18,"enemies":"Awakened One","floor":50,"turns":13}],"seed_played":"7283249467642216094","potions_obtained":[{"floor":1.0,"key":"EssenceOfSteel"},{"floor":6.0,"key":"PowerPotion"},{"floor":8.0,"key":"Regen Potion"},{"floor":10.0,"key":"LiquidBronze"},{"floor":16.0,"key":"BloodPotion"}],"is_trial":false,"path_per_floor":["M","$","?","?","M","E","R","E","T","E","R","M","$","T","R","B",null,"M","$","?","M","M","R","E","R","T","R","M","M","E","?","R","B",null,"M","?","$","M","$","E","M","M","T","$","M","E","R","M","R","B",null],"character_chosen":"IRONCLAD","items_purchased":["Shrug It Off","Inflame","Uppercut","Art of War","Shrug It Off","Combust","Ghostly Armor","Oddly Smooth Stone"],"campfire_rested":3,"item_purchase_floors":[2,2,2,19,37,37,39,44],"current_hp_per_floor":[63,63,63,63,64,55,55,39,39,44,44,50,50,50,50,51,76,69,69,45,53,58,58,72,72,72,72,67,74,75,78,113,76,108,103,103,103,110,110,69,74,77,77,77,69,78,117,125,136,127],"gold":119,"neow_bonus":"HUNDRED_GOLD","is_prod":false,"is_daily":false,"chose_seed":false,"campfire_upgraded":6,"win_rate":0,"timestamp":1560555246,"path_taken":["M","$","?","?","?","E","R","E","T","E","R","M","$","?","R","BOSS","M","$","?","M","M","R","E","R","T","R","M","?","E","?","R","BOSS","M","?","$","M","?","E","M","M","T","$","M","E","R","?","R","BOSS"],"build_version":"2019-01-23","purchased_purges":4,"victory":true,"max_hp_per_floor":[75,75,75,75,75,75,75,75,75,78,78,81,81,81,81,84,84,86,86,86,89,94,94,109,109,109,109,114,119,119,119,119,119,119,119,119,119,121,121,123,128,130,130,130,133,133,133,136,136,139],"card_choices":[{"not_picked":["Seeing Red","Havoc","Perfected Strike"],"picked":"SKIP","floor":1.0},{"not_picked":["Armaments","Metallicize"],"picked":"Flame Barrier","floor":5.0},{"not_picked":["Rage","Clash"],"picked":"Feel No Pain","floor":6.0},{"not_picked":["Fire Breathing","Rage"],"picked":"Feed","floor":8.0},{"not_picked":["Reckless Charge","Sword Boomerang"],"picked":"Disarm","floor":10.0},{"not_picked":["Metallicize","Perfected Strike"],"picked":"Battle Trance","floor":12.0},{"not_picked":["Feed","Reaper"],"picked":"Juggernaut","floor":16.0},{"not_picked":["Rupture+1","Pommel Strike","Clothesline"],"picked":"Singing Bowl","floor":18.0},{"not_picked":["Second Wind","Carnage+1"],"picked":"Infernal Blade+1","floor":21},{"not_picked":["Headbutt","Seeing Red","Flex"],"picked":"Singing Bowl","floor":22},{"not_picked":["Rupture","Sword Boomerang","Anger"],"picked":"Singing Bowl","floor":24},{"not_picked":["Seeing Red","Feel No Pain","Cleave+1"],"picked":"Singing Bowl","floor":28},{"not_picked":["Wild Strike","Cleave","Armaments"],"picked":"Singing Bowl","floor":29},{"not_picked":["Cleave","Headbutt"],"picked":"Shrug It Off","floor":30},{"not_picked":["Limit Break","Feed"],"picked":"Barricade","floor":33},{"not_picked":["Wild Strike+1","Perfected Strike"],"picked":"Headbutt","floor":35},{"not_picked":["True Grit","Hemokinesis","Dropkick"],"picked":"Singing Bowl","floor":38},{"not_picked":["Wild Strike","Clothesline","Berserk"],"picked":"Singing Bowl","floor":40},{"not_picked":["Clothesline","Combust","Infernal Blade"],"picked":"Singing Bowl","floor":41},{"not_picked":["Flex","Heavy Blade","Thunderclap+1"],"picked":"Singing Bowl","floor":42},{"not_picked":["True Grit","Wild Strike"],"picked":"Shrug It Off","floor":45},{"not_picked":["Sword Boomerang","Clothesline"],"picked":"Entrench","floor":46},{"not_picked":["Feel No Pain","Hemokinesis+1"],"picked":"Body Slam+1","floor":48}],"player_experience":558084,"relics_obtained":[{"floor":6.0,"key":"Charon\u0027s Ashes"},{"floor":8.0,"key":"Meat on the Bone"},{"floor":9.0,"key":"Singing Bowl"},{"floor":10.0,"key":"Smiling Mask"},{"floor":14.0,"key":"Ornamental Fan"},{"floor":24,"key":"Pear"},{"floor":26,"key":"Self Forming Clay"},{"floor":30,"key":"Orichalcum"},{"floor":40,"key":"Boot"},{"floor":43,"key":"Pen Nib"},{"floor":46,"key":"Mummified Hand"}],"event_choices":[{"cards_removed":["Strike_R"],"damage_healed":0.0,"max_hp_gain":0.0,"max_hp_loss":0.0,"gold_gain":0.0,"event_name":"The Cleric","player_choice":"Card Removal","floor":3.0,"gold_loss":50.0,"damage_taken":0.0},{"damage_healed":0.0,"max_hp_gain":0.0,"max_hp_loss":0.0,"gold_gain":0.0,"event_name":"WeMeetAgain","player_choice":"Gave Potion","floor":4.0,"gold_loss":0.0,"damage_taken":0.0,"relics_obtained":["Nunchaku"]},{"damage_healed":0.0,"max_hp_gain":0.0,"max_hp_loss":0.0,"gold_gain":180.0,"event_name":"Knowing Skull","player_choice":"GOLD GOLD ","floor":20.0,"potions_obtained":[],"gold_loss":0.0,"damage_taken":24.0,"cards_obtained":[]},{"damage_healed":0,"gold_gain":0,"player_choice":"Fight","damage_taken":0,"max_hp_gain":0,"max_hp_loss":0,"event_name":"Colosseum","floor":31,"gold_loss":0},{"damage_healed":0,"gold_gain":0,"player_choice":"Fled From Nobs","damage_taken":0,"max_hp_gain":0,"max_hp_loss":0,"event_name":"Colosseum","floor":31,"gold_loss":0},{"cards_removed":["Strike_R"],"damage_healed":0,"gold_gain":0,"player_choice":"Purged","damage_taken":0,"max_hp_gain":0,"max_hp_loss":0,"event_name":"Purifier","floor":36,"gold_loss":0}],"is_beta":false,"boss_relics":[{"not_picked":["Lizard Tail","Astrolabe"],"picked":"Sozu"},{"not_picked":["Eternal Feather","Snecko Eye"],"picked":"Fusion Hammer"}],"items_purged_floors":[19,37,39,44],"is_endless":false,"potions_floor_spawned":[1,6,8,10,16,21,22,31,35,42,48],"ascension_level":14}