{"gold_per_floor":[113,113,126,126,146,146,146,146,169,169,187,202,238,259,259,389,389,407,441,189,212,212,212,212,212,263,286,300,300,94,94,94,219,219,238,460,460,460,168,168,224,224,247,89,89,107,127,11,11,11],"floor_reached":51,"playtime":2676,"items_purged":["Corruption","Offering+1"],"score":691,"play_id":"d8ed2642-f452-4e4f-90da-690f627a10dc","local_time":"20191011231740","is_ascension_mode":false,"campfire_choices":[{"data":"Anger","floor":6,"key":"SMITH"},{"data":"Rampage","floor":8,"key":"SMITH"},{"floor":15,"key":"REST"},{"data":"1","floor":23,"key":"LIFT"},{"data":"2","floor":25,"key":"LIFT"},{"floor":32,"key":"REST"},{"data":"3","floor":40,"key":"LIFT"},{"floor":42,"key":"REST"},{"floor":45,"key":"REST"},{"floor":49,"key":"REST"}],"neow_cost":"NONE","seed_source_timestamp":350255292577900,"circlet_count":0,"master_deck":["Defend_R","Defend_R","Defend_R","Defend_R","Bash","Anger+1","Rampage+1","Headbutt","Reaper","Armaments+1","Rage","RitualDagger","Feed","Demon Form+1","Fire Breathing+1","Iron Wave+1","Madness","Madness","Shockwave+1","Double Tap","Cleave","Limit Break","Iron Wave"],"relics":["Burning Blood","Golden Idol","Bronze Scales","Smiling Mask","Boot","Runic Pyramid","Red Mask","Pear","Girya","Pen Nib","Lantern","Astrolabe","Kunai","Bottled Flame","Nunchaku","Dream Catcher"],"potions_floor_usage":[10],"damage_taken":[{"damage":7,"enemies":"2 Louse","floor":1,"turns":3},{"damage":6,"enemies":"Cultist","floor":3,"turns":3},{"damage":5,"enemies":"Small Slimes","floor":5,"turns":3},{"damage":5,"enemies":"Looter","floor":11,"turns":3},{"damage":20,"enemies":"Lots of Slimes","floor":12,"turns":3},{"damage":11,"enemies":"Gremlin Nob","floor":13,"turns":3},{"damage":3,"enemies":"2 Fungi Beasts","floor":14,"turns":3},{"damage":64,"enemies":"The Guardian","floor":16,"turns":10},{"damage":26,"enemies":"Shell Parasite","floor":18,"turns":5},{"damage":44,"enemies":"Masked Bandits","floor":19,"turns":5},{"damage":6,"enemies":"Chosen","floor":21,"turns":4},{"damage":13,"enemies":"Snake Plant","floor":27,"turns":3},{"damage":7,"enemies":"Centurion and Healer","floor":28,"turns":6},{"damage":45,"enemies":"Champ","floor":33,"turns":11},{"damage":22,"enemies":"3 Darklings","floor":35,"turns":5},{"damage":74,"enemies":"2 Orb Walkers","floor":41,"turns":4},{"damage":11,"enemies":"Orb Walker","floor":46,"turns":3},{"damage":0,"enemies":"4 Shapes","floor":47,"turns":2},{"damage":82,"enemies":"Time Eater","floor":50,"turns":9}],"seed_played":"-4051855555865423942","potions_obtained":[{"floor":3,"key":"SpeedPotion"},{"floor":5,"key":"Fire Potion"},{"floor":10,"key":"Fruit Juice"},{"floor":11,"key":"LiquidBronze"}],"is_trial":false,"path_per_floor":["M","?","M","?","M","R","?","R","T","?","M","M","E","M","R","B",null,"M","?","$","M","T","R","?","R","T","M","M","?","$","?","R","B",null,"M","?","T","?","$","R","?","R","T","$","R","M","M","$","R","B",null],"character_chosen":"IRONCLAD","items_purchased":["Pear","Lantern","Bottled Flame","Double Tap","Limit Break","Iron Wave"],"campfire_rested":5,"item_purchase_floors":[20,30,39,44,48,48],"current_hp_per_floor":[79,59,59,59,60,60,60,60,60,65,66,52,47,50,75,17,85,65,41,51,58,58,58,58,58,58,51,64,64,64,58,86,47,95,79,79,79,67,67,67,21,49,49,49,77,72,78,78,95,29],"gold":11,"neow_bonus":"THREE_CARDS","is_prod":false,"is_daily":false,"chose_seed":false,"campfire_upgraded":2,"win_rate":0.0,"timestamp":1570850260,"path_taken":["M","?","M","?","?","R","?","R","T","?","M","?","E","M","R","BOSS","M","?","$","M","?","R","?","R","T","M","M","?","?","?","R","BOSS","M","?","?","?","$","R","?","R","T","?","R","?","?","?","R","BOSS"],"build_version":"2019-07-17","purchased_purges":2,"victory":true,"max_hp_per_floor":[80,80,80,80,80,80,80,80,80,85,85,85,85,85,85,85,85,85,85,95,95,95,95,95,95,95,95,95,95,95,95,95,95,95,95,95,95,95,95,95,95,95,95,95,95,95,95,95,95,95],"card_choices":[{"not_picked":["Fire Breathing","Flame Barrier"],"picked":"Anger","floor":0},{"not_picked":["Shrug It Off","Fire Breathing","Combust"],"picked":"SKIP","floor":1},{"not_picked":["Anger","Cleave"],"picked":"Rampage","floor":3},{"not_picked":["Perfected Strike","True Grit","Anger"],"picked":"SKIP","floor":5},{"not_picked":["Pommel Strike","Rampage","Wild Strike"],"picked":"SKIP","floor":11},{"not_picked":["Clash","Searing Blow","Sword Boomerang"],"picked":"SKIP","floor":12},{"not_picked":["Shrug It Off","Thunderclap","Warcry"],"picked":"SKIP","floor":13},{"not_picked":["Wild Strike","Body Slam","Rupture"],"picked":"SKIP","floor":14},{"not_picked":["Limit Break","Brutality"],"picked":"Reaper","floor":16},{"not_picked":["Armaments","Warcry","Clothesline+1"],"picked":"SKIP","floor":18},{"not_picked":["Clash","Anger+1"],"picked":"Armaments+1","floor":19},{"not_picked":["Rampage","Flex","Ghostly Armor"],"picked":"SKIP","floor":21},{"not_picked":["Combust+1","Perfected Strike","Clash"],"picked":"SKIP","floor":27},{"not_picked":["Uppercut","Armaments","Second Wind"],"picked":"SKIP","floor":28},{"not_picked":["Dark Embrace","Barricade"],"picked":"Feed","floor":33},{"not_picked":["Dual Wield","Cleave"],"picked":"Iron Wave+1","floor":35},{"not_picked":["Pommel Strike","Anger+1"],"picked":"Shockwave+1","floor":41},{"not_picked":["Burning Pact","True Grit+1"],"picked":"Cleave","floor":45},{"not_picked":["Rupture+1","Ghostly Armor","Corruption+1"],"picked":"SKIP","floor":46},{"not_picked":["Uppercut","Intimidate+1","Inflame+1"],"picked":"SKIP","floor":47}],"player_experience":81333,"relics_obtained":[{"floor":9,"key":"Smiling Mask"},{"floor":13,"key":"Boot"},{"floor":19,"key":"Red Mask"},{"floor":22,"key":"Girya"},{"floor":26,"key":"Pen Nib"},{"floor":37,"key":"Kunai"},{"floor":41,"key":"Nunchaku"},{"floor":43,"key":"Dream Catcher"}],"event_choices":[{"damage_healed":0,"gold_gain":0,"player_choice":"Take Damage","damage_taken":20,"relics_obtained":["Golden Idol"],"max_hp_gain":0,"max_hp_loss":0,"event_name":"Golden Idol","floor":2,"gold_loss":0},{"damage_healed":0,"gold_gain":0,"cards_transformed":["Strike_R"],"player_choice":"Transformed","damage_taken":0,"max_hp_gain":0,"max_hp_loss":0,"event_name":"Transmorgrifier","floor":4,"gold_loss":0,"cards_obtained":["Headbutt"]},{"damage_healed":0,"gold_gain":0,"player_choice":"Searched \u00271\u0027 times","damage_taken":0,"relics_obtained":["Bronze Scales"],"max_hp_gain":0,"max_hp_loss":0,"event_name":"Dead Adventurer","floor":7,"gold_loss":0},{"damage_healed":0,"gold_gain":0,"player_choice":"Got Potions","damage_taken":0,"max_hp_gain":0,"max_hp_loss":0,"event_name":"Lab","floor":10,"gold_loss":0},{"damage_healed":0,"gold_gain":0,"player_choice":"Fought Bandits","damage_taken":0,"max_hp_gain":0,"max_hp_loss":0,"event_name":"Masked Bandits","floor":19,"gold_loss":0},{"damage_healed":0,"gold_gain":0,"cards_transformed":["Strike_R","Strike_R"],"player_choice":"Became Test Subject","damage_taken":0,"max_hp_gain":0,"max_hp_loss":0,"event_name":"Drug Dealer","floor":24,"gold_loss":0,"cards_obtained":["Corruption","Evolve"]},{"damage_healed":0,"gold_gain":0,"player_choice":"Read","damage_taken":0,"max_hp_gain":0,"max_hp_loss":0,"event_name":"The Library","floor":29,"gold_loss":0,"cards_obtained":["Rage"]},{"damage_healed":0,"gold_gain":0,"player_choice":"Joined the Cult","damage_taken":6,"max_hp_gain":0,"max_hp_loss":0,"event_name":"Nest","floor":31,"gold_loss":0,"cards_obtained":["RitualDagger"]},{"damage_healed":0,"gold_gain":222,"player_choice":"Wore Mask","damage_taken":0,"max_hp_gain":0,"max_hp_loss":0,"event_name":"Tomb of Lord Red Mask","floor":36,"gold_loss":0},{"damage_healed":0,"gold_gain":0,"player_choice":"Embrace Madness","damage_taken":12,"max_hp_gain":0,"max_hp_loss":0,"event_name":"Winding Halls","floor":38,"gold_loss":0,"cards_obtained":["Madness","Madness"]},{"damage_healed":0,"gold_gain":0,"player_choice":"Fight","damage_taken":0,"max_hp_gain":0,"max_hp_loss":0,"event_name":"Mysterious Sphere","floor":41,"gold_loss":0}],"is_beta":false,"boss_relics":[{"not_picked":["Fusion Hammer","Runic Cube"],"picked":"Runic Pyramid"},{"not_picked":["Tiny House","Snecko Eye"],"picked":"Astrolabe"}],"items_purged_floors":[30,39],"is_endless":false,"potions_floor_spawned":[3,5,11,12,19,28,33,46,47],"ascension_level":0}