{"gold_per_floor":[113,38,55,68,81,81,81,106,106,120,133,167,167,167,167,269,269,280,89,89,89,99,99,99,99,147,147,166,181,216,59,59,163,163,178,53,68,68,80,80,40,40,40,57,157,157,239,267,267,267],"floor_reached":51,"playtime":2885,"items_purged":["Strike_G","Setup","Unload"],"score":864,"play_id":"559d0a71-d711-422a-bd32-0bb727d47d4b","local_time":"20190131165925","is_ascension_mode":true,"campfire_choices":[{"data":"Dash","floor":6,"key":"SMITH"},{"data":"Prepared","floor":13,"key":"SMITH"},{"data":"Neutralize","floor":15,"key":"SMITH"},{"data":"Well Laid Plans","floor":23,"key":"SMITH"},{"data":"Noxious Fumes","floor":25,"key":"SMITH"},{"data":"Deadly Poison","floor":27,"key":"SMITH"},{"floor":32,"key":"REST"},{"data":"Wraith Form v2","floor":40,"key":"SMITH"},{"data":"Survivor","floor":42,"key":"SMITH"},{"floor":49,"key":"REST"}],"neow_cost":"NONE","seed_source_timestamp":610005465837435,"circlet_count":0,"master_deck":["Survivor+1","Neutralize+1","Quick Slash","Quick Slash","Dash+1","Deadly Poison+1","Corpse Explosion","Prepared+1","Adrenaline","Backstab","Flying Knee","Venomology","Noxious Fumes+1","Dagger Throw","Distraction","Flechettes","Well Laid Plans+1","Quick Slash","Writhe","Deflect+1","Wraith Form v2+1","Dash+1","Noxious Fumes"],"relics":["Ring of the Snake","Mummified Hand","Mercury Hourglass","Ornamental Fan","Pandora\u0027s Box","Omamori","Enchiridion","PreservedInsect","Singing Bowl","Orichalcum","Cursed Key","Calipers","Shovel","Shuriken","Prayer Wheel"],"potions_floor_usage":[8,16,22,28,30,33,33,39,45,50,50,50],"damage_taken":[{"damage":0,"enemies":"2 Louse","floor":1,"turns":3},{"damage":3,"enemies":"Cultist","floor":3,"turns":4},{"damage":0,"enemies":"Jaw Worm","floor":4,"turns":4},{"damage":9,"enemies":"3 Louse","floor":5,"turns":3},{"damage":17,"enemies":"Gremlin Nob","floor":8,"turns":5},{"damage":0,"enemies":"Large Slime","floor":10,"turns":4},{"damage":1,"enemies":"Looter","floor":11,"turns":3},{"damage":4,"enemies":"Lagavulin","floor":12,"turns":5},{"damage":43,"enemies":"Hexaghost","floor":16,"turns":10},{"damage":0,"enemies":"Shell Parasite","floor":18,"turns":5},{"damage":0,"enemies":"Spheric Guardian","floor":22,"turns":2},{"damage":0,"enemies":"Cultist and Chosen","floor":28,"turns":3},{"damage":21,"enemies":"Snake Plant","floor":29,"turns":3},{"damage":6,"enemies":"Book of Stabbing","floor":30,"turns":3},{"damage":17,"enemies":"Collector","floor":33,"turns":7},{"damage":0,"enemies":"Orb Walker","floor":35,"turns":3},{"damage":0,"enemies":"3 Shapes","floor":37,"turns":1},{"damage":25,"enemies":"Writhing Mass","floor":39,"turns":6},{"damage":7,"enemies":"4 Shapes","floor":44,"turns":2},{"damage":0,"enemies":"Mind Bloom Boss Battle","floor":45,"turns":3},{"damage":0,"enemies":"Nemesis","floor":48,"turns":4},{"damage":106,"enemies":"Time Eater","floor":50,"turns":11}],"seed_played":"5056102158116243387","potions_obtained":[{"floor":1,"key":"GamblersBrew"},{"floor":5,"key":"GhostInAJar"},{"floor":10,"key":"SkillPotion"},{"floor":22,"key":"SteroidPotion"},{"floor":29,"key":"Explosive Potion"},{"floor":37,"key":"EssenceOfSteel"},{"floor":41,"key":"SteroidPotion"},{"floor":41,"key":"Strength Potion"}],"is_trial":false,"path_per_floor":["M","$","M","M","M","R","?","E","T","M","M","E","R","?","R","B",null,"M","$","?","?","M","R","?","R","T","R","M","M","E","$","R","B",null,"M","$","M","?","M","R","?","R","T","M","?","?","T","E","R","B",null],"character_chosen":"THE_SILENT","items_purchased":["Well Laid Plans","Quick Slash","Orichalcum"],"campfire_rested":2,"item_purchase_floors":[19,19,31],"current_hp_per_floor":[77,77,74,74,65,65,77,60,60,60,59,55,55,60,60,17,82,82,82,82,82,82,82,66,66,66,66,66,45,41,41,66,49,84,84,84,86,86,63,63,63,63,63,56,58,60,60,62,90,9],"gold":267,"neow_bonus":"TEN_PERCENT_HP_BONUS","is_prod":false,"is_daily":false,"chose_seed":false,"campfire_upgraded":8,"win_rate":0,"timestamp":1548975565,"path_taken":["M","$","M","M","M","R","?","E","T","?","M","E","R","?","R","BOSS","M","$","?","?","M","R","?","R","T","R","M","M","E","$","R","BOSS","M","$","M","?","M","R","?","R","T","?","?","?","?","E","R","BOSS"],"build_version":"2019-01-23","purchased_purges":3,"victory":true,"max_hp_per_floor":[77,77,77,77,77,77,77,77,77,77,77,77,77,82,82,82,82,82,82,82,82,82,82,82,82,82,82,82,82,84,84,84,84,84,84,84,86,86,88,88,88,88,88,88,90,92,92,94,94,94],"card_choices":[{"not_picked":["Footwork","Underhanded Strike"],"picked":"Quick Slash","floor":1},{"not_picked":["Underhanded Strike","Terror","Slice"],"picked":"SKIP","floor":3},{"not_picked":["Blade Dance","Deadly Poison"],"picked":"Quick Slash","floor":4},{"not_picked":["Leg Sweep","Expertise"],"picked":"Dash","floor":5},{"not_picked":["Deflect","Prepared"],"picked":"Deadly Poison","floor":8},{"not_picked":["Distraction","Deadly Poison"],"picked":"Corpse Explosion","floor":10},{"not_picked":["Deadly Poison","Underhanded Strike"],"picked":"Prepared","floor":11},{"not_picked":["Accuracy","Underhanded Strike","Poisoned Stab"],"picked":"SKIP","floor":12},{"not_picked":["Glass Knife","Unload"],"picked":"Adrenaline","floor":16},{"not_picked":["Dagger Spray","Eviscerate+1"],"picked":"Flechettes","floor":18},{"not_picked":["Catalyst","Bouncing Flask+1","Riddle With Holes+1"],"picked":"SKIP","floor":22},{"not_picked":["Infinite Blades","Poisoned Stab","Finisher"],"picked":"SKIP","floor":28},{"not_picked":["Flechettes+1","Poisoned Stab"],"picked":"Deflect+1","floor":29},{"not_picked":["Flying Knee+1","Infinite Blades+1","Prepared"],"picked":"Singing Bowl","floor":30},{"not_picked":["Night Terror","After Image"],"picked":"Wraith Form v2","floor":33},{"not_picked":["Well Laid Plans+1","Caltrops+1"],"picked":"Dash+1","floor":35},{"not_picked":["Bouncing Flask","Caltrops+1","Outmaneuver+1"],"picked":"Singing Bowl","floor":37},{"not_picked":["Masterful Stab","Backstab+1","Quick Slash"],"picked":"Singing Bowl","floor":39},{"not_picked":["Outmaneuver+1","Poisoned Stab+1"],"picked":"Noxious Fumes","floor":44},{"not_picked":["Predator","Deadly Poison+1","Dodge and Roll"],"picked":"Singing Bowl","floor":45},{"not_picked":["Secret Technique","Blind","PanicButton"],"picked":"Singing Bowl","floor":46},{"not_picked":["Quick Slash+1","Blade Dance","Sucker Punch+1"],"picked":"Singing Bowl","floor":48}],"player_experience":75828,"relics_obtained":[{"floor":8,"key":"Mummified Hand"},{"floor":9,"key":"Mercury Hourglass"},{"floor":12,"key":"Ornamental Fan"},{"floor":24,"key":"Enchiridion"},{"floor":26,"key":"PreservedInsect"},{"floor":30,"key":"Singing Bowl"},{"floor":43,"key":"Calipers"},{"floor":45,"key":"Shovel"},{"floor":47,"key":"Shuriken"},{"floor":48,"key":"Prayer Wheel"}],"event_choices":[{"damage_healed":12,"gold_gain":0,"player_choice":"Full Heal","damage_taken":0,"max_hp_gain":0,"max_hp_loss":0,"event_name":"Wheel of Change","floor":7,"gold_loss":0},{"damage_healed":0,"gold_gain":0,"player_choice":"Donut","damage_taken":0,"max_hp_gain":5,"max_hp_loss":0,"event_name":"Big Fish","floor":14,"gold_loss":0},{"damage_healed":0,"gold_gain":0,"player_choice":"Opened","damage_taken":0,"relics_obtained":["Omamori"],"max_hp_gain":0,"max_hp_loss":0,"event_name":"The Mausoleum","floor":20,"gold_loss":0,"cards_obtained":["Writhe"]},{"damage_healed":0,"gold_gain":0,"player_choice":"Ignored","damage_taken":0,"max_hp_gain":0,"max_hp_loss":0,"event_name":"Vampires","floor":21,"gold_loss":0},{"damage_healed":0,"gold_gain":0,"player_choice":"Obtained Book","damage_taken":16,"max_hp_gain":0,"max_hp_loss":0,"event_name":"Cursed Tome","floor":24,"gold_loss":0},{"cards_removed":["Infinite Blades"],"damage_healed":0,"gold_gain":0,"player_choice":"Removed Power","damage_taken":0,"max_hp_gain":0,"max_hp_loss":0,"event_name":"Falling","floor":38,"gold_loss":0},{"damage_healed":0,"gold_gain":0,"player_choice":"Bought 3 Potions","damage_taken":0,"max_hp_gain":0,"max_hp_loss":0,"event_name":"The Woman in Blue","floor":41,"gold_loss":0},{"damage_healed":0,"gold_gain":0,"player_choice":"Fight","damage_taken":0,"max_hp_gain":0,"max_hp_loss":0,"event_name":"MindBloom","floor":45,"gold_loss":0},{"damage_healed":0,"gold_gain":0,"player_choice":"Memory 1","damage_taken":0,"max_hp_gain":0,"max_hp_loss":0,"event_name":"SensoryStone","floor":46,"gold_loss":0}],"is_beta":false,"boss_relics":[{"not_picked":["Runic Dome","Busted Crown"],"picked":"Pandora\u0027s Box"},{"not_picked":["Philosopher\u0027s Stone","Tiny House"],"picked":"Cursed Key"}],"items_purged_floors":[2,19,36],"is_endless":false,"potions_floor_spawned":[1,5,10,22,29,37,44,45],"ascension_level":4}