{"gold_per_floor":[117,128,203,353,17,50,50,62,92,92,106,122,122],"floor_reached":13,"playtime":702,"items_purged":["Doubt"],"score":162,"play_id":"c5cc2582-0618-46df-bf33-7fecc4eabbc9","local_time":"20190703213103","is_ascension_mode":true,"campfire_choices":[{"floor":10.0,"key":"REST"}],"neow_cost":"NONE","seed_source_timestamp":368832104249226,"circlet_count":0,"master_deck":["AscendersBane","Strike_G","Strike_G","Strike_G","Strike_G","Strike_G","Defend_G","Defend_G","Defend_G","Defend_G","Defend_G","Survivor","Neutralize","Storm of Steel","Choke","Flechettes","Apotheosis","Dagger Throw","Blade Dance","Cloak And Dagger","Noxious Fumes"],"special_seed":0,"relics":["Ring of the Snake","Shuriken","Tiny Chest"],"potions_floor_usage":[13,13],"damage_taken":[{"damage":0.0,"enemies":"Small Slimes","floor":1.0,"turns":5.0},{"damage":0.0,"enemies":"2 Louse","floor":2.0,"turns":2.0},{"damage":42.0,"enemies":"3 Sentries","floor":6.0,"turns":11.0},{"damage":0.0,"enemies":"Jaw Worm","floor":8.0,"turns":4.0},{"damage":12.0,"enemies":"Gremlin Gang","floor":11.0,"turns":5.0},{"damage":1.0,"enemies":"2 Fungi Beasts","floor":12.0,"turns":4.0},{"damage":17,"enemies":"Exordium Thugs","floor":13,"turns":4}],"seed_played":"1356584391064726676","potions_obtained":[{"floor":11.0,"key":"GhostInAJar"},{"floor":12.0,"key":"SteroidPotion"}],"is_trial":false,"path_per_floor":["M","M","?","?","$","E","$","M","T","R","M","M","M"],"character_chosen":"THE_SILENT","items_purchased":["Apotheosis","Dagger Throw"],"campfire_rested":1,"item_purchase_floors":[5,5],"current_hp_per_floor":[59,59,48,48,48,6,6,6,6,25,13,12,0],"gold":122,"neow_bonus":"ONE_RANDOM_RARE_CARD","is_prod":false,"is_daily":false,"chose_seed":false,"campfire_upgraded":0,"win_rate":0,"timestamp":1562207463,"path_taken":["M","M","?","?","$","E","?","M","T","R","?","M","M"],"build_version":"2019-07-01","purchased_purges":1,"victory":false,"max_hp_per_floor":[66,66,66,66,66,66,66,66,66,66,66,66,66],"card_choices":[{"not_picked":["Deflect","Dodge and Roll"],"picked":"Choke","floor":1.0},{"not_picked":["Caltrops","Slice"],"picked":"Flechettes","floor":2.0},{"not_picked":["Well Laid Plans","Slice"],"picked":"Blade Dance","floor":6.0},{"not_picked":["Eviscerate","Slice"],"picked":"Cloak And Dagger","floor":8.0},{"not_picked":["Accuracy","Heel Hook","Finisher"],"picked":"SKIP","floor":11.0},{"not_picked":["Outmaneuver","Sucker Punch"],"picked":"Noxious Fumes","floor":12.0}],"player_experience":687265,"relics_obtained":[{"floor":6.0,"key":"Shuriken"},{"floor":9.0,"key":"Tiny Chest"}],"event_choices":[{"damage_healed":0.0,"max_hp_gain":0.0,"max_hp_loss":0.0,"gold_gain":75.0,"event_name":"World of Goop","player_choice":"Gather Gold","floor":3.0,"gold_loss":0.0,"damage_taken":11.0},{"damage_healed":0.0,"max_hp_gain":0.0,"max_hp_loss":0.0,"gold_gain":150.0,"event_name":"Liars Game","player_choice":"AGREE","floor":4.0,"gold_loss":0.0,"damage_taken":0.0,"cards_obtained":["Doubt"]}],"is_beta":false,"boss_relics":[],"items_purged_floors":[5],"is_endless":false,"potions_floor_spawned":[11,12],"killed_by":"Exordium Thugs","ascension_level":18}