{"gold_per_floor":[15,27,47,47,47,47,82,82,82,82,0,75,89,104,104,206,206,220,1,1,11,23,23,35,35,35,35,67,67,67,167,167,269,269,285,285,298,298,11,11,21,38,38,138,158,173,190,190,190,190],"floor_reached":50,"playtime":3119,"items_purged":[],"score":682,"play_id":"32f1bf1f-43fc-47f9-ae8d-f7eaf5351db4","local_time":"20190925142347","is_ascension_mode":true,"campfire_choices":[{"data":"Dash","floor":6,"key":"SMITH"},{"floor":8,"key":"REST"},{"data":"Neutralize","floor":10,"key":"SMITH"},{"data":"Noxious Fumes","floor":15,"key":"SMITH"},{"data":"Noxious Fumes","floor":23,"key":"SMITH"},{"data":"Dash","floor":25,"key":"SMITH"},{"floor":32,"key":"REST"},{"floor":40,"key":"REST"},{"floor":49,"key":"REST"}],"neow_cost":"NO_GOLD","seed_source_timestamp":0,"circlet_count":0,"master_deck":["Strike_G","Strike_G","Strike_G","Defend_G","Defend_G","Defend_G","Defend_G","Defend_G","Survivor","Neutralize+1","PiercingWail","Dash+1","Flying Knee","Noxious Fumes+1","Dagger Throw","Quick Slash","Corpse Explosion","Calculated Gamble","Noxious Fumes+1","Dash+1","Well Laid Plans+1","Secret Technique","Cloak And Dagger+1","Bouncing Flask","Blade Dance+1"],"special_seed":0,"relics":["Ring of the Snake","Thread and Needle","HornCleat","InkBottle","Bag of Preparation","Nloth\u0027s Gift","Regal Pillow","Blue Candle","Toy Ornithopter","Unceasing Top","Matryoshka","Fusion Hammer","Lizard Tail","Lantern","Pantograph"],"potions_floor_usage":[31,33,42,50,50],"damage_taken":[{"damage":0,"enemies":"Small Slimes","floor":1,"turns":5},{"damage":0,"enemies":"2 Louse","floor":2,"turns":3},{"damage":0,"enemies":"Cultist","floor":3,"turns":4},{"damage":26,"enemies":"Gremlin Nob","floor":7,"turns":5},{"damage":0,"enemies":"2 Fungi Beasts","floor":13,"turns":3},{"damage":0,"enemies":"Lots of Slimes","floor":14,"turns":5},{"damage":1,"enemies":"The Guardian","floor":16,"turns":12},{"damage":0,"enemies":"3 Byrds","floor":18,"turns":4},{"damage":9,"enemies":"Spheric Guardian","floor":21,"turns":5},{"damage":1,"enemies":"Shelled Parasite and Fungi","floor":22,"turns":7},{"damage":1,"enemies":"Centurion and Healer","floor":24,"turns":5},{"damage":19,"enemies":"Book of Stabbing","floor":28,"turns":6},{"damage":1,"enemies":"Colosseum Slavers","floor":31,"turns":3},{"damage":8,"enemies":"Colosseum Nobs","floor":31,"turns":5},{"damage":61,"enemies":"Collector","floor":33,"turns":8},{"damage":16,"enemies":"3 Darklings","floor":35,"turns":3},{"damage":3,"enemies":"Orb Walker","floor":37,"turns":4},{"damage":12,"enemies":"Spire Growth","floor":41,"turns":6},{"damage":0,"enemies":"4 Shapes","floor":42,"turns":5},{"damage":0,"enemies":"Writhing Mass","floor":45,"turns":6},{"damage":2,"enemies":"Jaw Worm Horde","floor":46,"turns":3},{"damage":21,"enemies":"Transient","floor":47,"turns":5},{"damage":123,"enemies":"Awakened One","floor":50,"turns":13}],"seed_played":"-2607990590113610430","potions_obtained":[{"floor":7,"key":"Explosive Potion"},{"floor":13,"key":"Explosive Potion"},{"floor":14,"key":"Ancient Potion"},{"floor":16,"key":"Fire Potion"},{"floor":31,"key":"Strength Potion"},{"floor":33,"key":"Poison Potion"},{"floor":42,"key":"Energy Potion"}],"is_trial":false,"path_per_floor":["M","M","M","?","?","R","E","R","T","R","$","?","M","M","R","B",null,"M","$","?","M","M","R","M","R","T","$","E","?","$","?","R","B",null,"M","?","M","?","$","R","M","M","T","?","M","M","M","?","R","B"],"character_chosen":"THE_SILENT","items_purchased":["Noxious Fumes","Bag of Preparation","Noxious Fumes","Lizard Tail"],"campfire_rested":4,"item_purchase_floors":[11,19,19,39],"current_hp_per_floor":[63,63,63,63,56,56,30,51,51,51,51,44,44,44,44,43,63,63,63,63,54,53,53,52,52,52,52,33,33,33,29,65,9,55,39,39,36,36,36,70,58,63,63,63,63,61,40,40,66,0],"gold":190,"neow_bonus":"ONE_RARE_RELIC","is_prod":false,"is_daily":false,"chose_seed":false,"campfire_upgraded":5,"win_rate":0,"timestamp":1569439427,"path_taken":["M","M","M","?","?","R","E","R","T","R","$","?","?","M","R","BOSS","M","$","?","?","M","R","M","R","T","?","E","?","$","?","R","BOSS","M","?","M","?","$","R","M","M","T","?","M","M","?","?","R","BOSS"],"build_version":"2019-09-24","purchased_purges":0,"victory":false,"max_hp_per_floor":[70,70,70,70,70,70,70,70,70,70,70,70,70,70,70,70,70,70,70,70,70,70,70,70,70,70,70,70,70,70,70,70,70,70,70,70,70,70,70,70,70,70,70,70,70,70,70,66,66,66],"card_choices":[{"not_picked":["Blade Dance","Prepared"],"picked":"PiercingWail","floor":1},{"not_picked":["PiercingWail","Outmaneuver"],"picked":"Dash","floor":2},{"not_picked":["Dodge and Roll","Outmaneuver"],"picked":"Flying Knee","floor":3},{"not_picked":["Bane","Dodge and Roll","Phantasmal Killer"],"picked":"SKIP","floor":7},{"not_picked":["Expertise","Cloak And Dagger"],"picked":"Dagger Throw","floor":13},{"not_picked":["Acrobatics","Distraction"],"picked":"Quick Slash","floor":14},{"not_picked":["A Thousand Cuts","Grand Finale"],"picked":"Corpse Explosion","floor":16},{"not_picked":["Cloak And Dagger","Heel Hook+1"],"picked":"Calculated Gamble","floor":18},{"not_picked":["Escape Plan","Flying Knee"],"picked":"Dash","floor":21},{"not_picked":["Slice+1","Escape Plan","Underhanded Strike"],"picked":"SKIP","floor":22},{"not_picked":["Burst","Tactician+1","Masterful Stab"],"picked":"SKIP","floor":24},{"not_picked":["Grand Finale","Terror","Phantasmal Killer"],"picked":"SKIP","floor":28},{"not_picked":["Eviscerate+1","Flechettes"],"picked":"Well Laid Plans+1","floor":35},{"not_picked":["Swift Strike","Discovery"],"picked":"Secret Technique","floor":36},{"not_picked":["Dagger Spray+1","Masterful Stab"],"picked":"Cloak And Dagger+1","floor":37},{"not_picked":["Slice","Masterful Stab","Finisher"],"picked":"SKIP","floor":41},{"not_picked":["Riddle With Holes+1","Quick Slash+1"],"picked":"Bouncing Flask","floor":42},{"not_picked":["Underhanded Strike+1","Dagger Spray"],"picked":"Blade Dance+1","floor":45},{"not_picked":["Bane","Outmaneuver+1","Expertise+1"],"picked":"SKIP","floor":46},{"not_picked":["Bullet Time","Sucker Punch","Terror+1"],"picked":"SKIP","floor":47}],"player_experience":130847,"relics_obtained":[{"floor":7,"key":"HornCleat"},{"floor":9,"key":"InkBottle"},{"floor":26,"key":"Regal Pillow"},{"floor":28,"key":"Blue Candle"},{"floor":31,"key":"Unceasing Top"},{"floor":31,"key":"Matryoshka"},{"floor":43,"key":"Lantern"},{"floor":43,"key":"Pantograph"}],"event_choices":[{"cards_removed":["Strike_G"],"damage_healed":0,"gold_gain":0,"player_choice":"Forget","damage_taken":0,"max_hp_gain":0,"max_hp_loss":0,"event_name":"Living Wall","floor":4,"gold_loss":0},{"cards_removed":["Strike_G"],"damage_healed":0,"gold_gain":0,"player_choice":"Card Removal","damage_taken":7,"max_hp_gain":0,"max_hp_loss":0,"event_name":"Golden Wing","floor":5,"gold_loss":0},{"damage_healed":0,"gold_gain":75,"player_choice":"Touch","damage_taken":7,"max_hp_gain":0,"max_hp_loss":0,"event_name":"FaceTrader","floor":12,"gold_loss":0},{"damage_healed":0,"gold_gain":0,"player_choice":"Traded Relic","damage_taken":0,"relics_obtained":["Nloth\u0027s Gift"],"max_hp_gain":0,"max_hp_loss":0,"event_name":"N\u0027loth","floor":20,"relics_lost":["HoveringKite"],"gold_loss":0},{"damage_healed":0,"gold_gain":0,"player_choice":"Opened","damage_taken":0,"relics_obtained":["Toy Ornithopter"],"max_hp_gain":0,"max_hp_loss":0,"event_name":"The Mausoleum","floor":29,"gold_loss":0},{"damage_healed":0,"gold_gain":0,"player_choice":"Fight","damage_taken":0,"max_hp_gain":0,"max_hp_loss":0,"event_name":"Colosseum","floor":31,"gold_loss":0},{"damage_healed":0,"gold_gain":0,"player_choice":"Fought Nobs","damage_taken":0,"max_hp_gain":0,"max_hp_loss":0,"event_name":"Colosseum","floor":31,"gold_loss":0},{"damage_healed":0,"gold_gain":0,"player_choice":"Memory 1","damage_taken":0,"max_hp_gain":0,"max_hp_loss":0,"event_name":"SensoryStone","floor":36,"gold_loss":0},{"damage_healed":0,"gold_gain":0,"player_choice":"Ignored","damage_taken":0,"max_hp_gain":0,"max_hp_loss":0,"event_name":"Mysterious Sphere","floor":38,"gold_loss":0},{"damage_healed":0,"gold_gain":100,"player_choice":"Pray","damage_taken":0,"max_hp_gain":0,"max_hp_loss":0,"event_name":"Golden Shrine","floor":44,"gold_loss":0},{"damage_healed":0,"gold_gain":0,"player_choice":"Max HP","damage_taken":0,"max_hp_gain":0,"max_hp_loss":4,"event_name":"Winding Halls","floor":48,"gold_loss":0}],"is_beta":true,"boss_relics":[{"not_picked":["Tiny House","SacredBark"],"picked":"HoveringKite"},{"not_picked":["SlaversCollar","Pandora\u0027s Box"],"picked":"Fusion Hammer"}],"items_purged_floors":[],"is_endless":false,"potions_floor_spawned":[7,13,14,16,21,22,24,31,33,41,42],"killed_by":"Awakened One","ascension_level":8}