{"gold_per_floor":[110,124,124,203,216,248,263,294,318,318,347,272,287,287,287,387,387,405,435,435,122,132,132,149,167,220,220,251,122,142,152,152,250,250,266,285,46,268,368,396,471,471,471,471,482,9,9,42,42,42],"floor_reached":51,"playtime":5759,"items_purged":["Strike_R","Strike_R","Strike_R","Strike_R"],"score":986,"play_id":"0e7a55f5-6886-42a2-ba3d-05004d4e9536","local_time":"20190120160320","is_ascension_mode":true,"campfire_choices":[{"data":"Armaments","floor":15,"key":"SMITH"},{"data":"J.A.X.","floor":23,"key":"SMITH"},{"data":"Rage","floor":27,"key":"SMITH"},{"data":"Pommel Strike","floor":32,"key":"SMITH"},{"floor":42,"key":"REST"},{"floor":44,"key":"REST"},{"floor":49,"key":"REST"}],"neow_cost":"NONE","seed_source_timestamp":37147878136562,"circlet_count":0,"master_deck":["Strike_R","Defend_R","Defend_R","Defend_R+1","Defend_R","Bash+1","Clothesline","Cleave+1","Headbutt","Immolate","Armaments+1","Disarm","Anger","Brutality","Fire Breathing","Fire Breathing+1","J.A.X.+1","Reaper","Impervious","Rage+1","Intimidate+1","Inflame","Rage+1","Pommel Strike+1","Rupture","Headbutt","Shrug It Off","Offering","Combust","Battle Trance","Rupture+1","Combust","Shrug It Off+1"],"relics":["Burning Blood","Pear","Anchor","Boot","Blood Vial","Sozu","Red Mask","Mummified Hand","Smiling Mask","Magic Flower","Fusion Hammer","Incense Burner","Bottled Tornado","Sundial","OrangePellets","Juzu Bracelet","Pen Nib"],"potions_floor_usage":[6,8,11,16,50],"damage_taken":[{"damage":1,"enemies":"2 Louse","floor":1,"turns":2},{"damage":7,"enemies":"Small Slimes","floor":2,"turns":3},{"damage":0,"enemies":"Jaw Worm","floor":5,"turns":3},{"damage":34,"enemies":"Lagavulin","floor":6,"turns":7},{"damage":6,"enemies":"Exordium Wildlife","floor":7,"turns":3},{"damage":22,"enemies":"3 Sentries","floor":8,"turns":3},{"damage":21,"enemies":"Lagavulin","floor":11,"turns":6},{"damage":0,"enemies":"3 Louse","floor":13,"turns":3},{"damage":3,"enemies":"Slime Boss","floor":16,"turns":7},{"damage":6,"enemies":"Shell Parasite","floor":18,"turns":5},{"damage":0,"enemies":"Masked Bandits","floor":19,"turns":2},{"damage":9,"enemies":"2 Thieves","floor":22,"turns":3},{"damage":24,"enemies":"Centurion and Healer","floor":24,"turns":4},{"damage":9,"enemies":"Chosen and Byrds","floor":25,"turns":4},{"damage":22,"enemies":"Slavers","floor":28,"turns":4},{"damage":13,"enemies":"3 Cultists","floor":30,"turns":5},{"damage":27,"enemies":"Sentry and Sphere","floor":31,"turns":5},{"damage":88,"enemies":"Champ","floor":33,"turns":8},{"damage":5,"enemies":"3 Darklings","floor":35,"turns":3},{"damage":18,"enemies":"Orb Walker","floor":36,"turns":5},{"damage":30,"enemies":"Mind Bloom Boss Battle","floor":39,"turns":6},{"damage":38,"enemies":"Giant Head","floor":40,"turns":7},{"damage":17,"enemies":"Spire Growth","floor":45,"turns":4},{"damage":62,"enemies":"Nemesis","floor":48,"turns":5},{"damage":57,"enemies":"Time Eater","floor":50,"turns":9}],"seed_played":"569152499260654429","potions_obtained":[{"floor":2,"key":"Regen Potion"},{"floor":5,"key":"Strength Potion"},{"floor":6,"key":"PowerPotion"},{"floor":11,"key":"SteroidPotion"},{"floor":13,"key":"LiquidBronze"}],"is_trial":false,"path_per_floor":["M","M","?","?","M","E","M","E","T","?","E","$","M","?","R","B",null,"M","?","?","$","M","R","M","M","T","R","E","$","M","M","R","B",null,"M","M","$","?","?","E","?","R","T","R","M","$","?","E","R","B",null],"character_chosen":"IRONCLAD","items_purchased":["Mummified Hand","Reaper","Inflame","Shrug It Off","Offering","Combust","Combust","OrangePellets","Juzu Bracelet"],"campfire_rested":3,"item_purchase_floors":[21,21,29,37,37,37,46,46,46],"current_hp_per_floor":[85,84,66,66,72,68,68,52,52,52,37,37,45,77,77,82,94,96,98,98,98,95,95,86,97,97,97,89,89,94,79,79,21,79,98,94,94,94,98,75,66,95,95,98,98,98,98,45,74,98],"gold":42,"neow_bonus":"TEN_PERCENT_HP_BONUS","is_prod":false,"is_daily":false,"chose_seed":false,"campfire_upgraded":4,"win_rate":0,"timestamp":1548021800,"path_taken":["M","M","?","?","M","E","M","E","T","?","E","$","M","?","R","BOSS","M","?","?","$","M","R","?","M","T","R","E","$","M","M","R","BOSS","M","M","$","?","?","E","?","R","T","R","?","$","?","E","R","BOSS"],"build_version":"2019-01-17v2","purchased_purges":4,"victory":true,"max_hp_per_floor":[88,88,88,88,88,98,98,98,98,98,98,98,98,98,98,98,98,98,98,98,98,98,98,98,98,98,98,98,98,98,98,98,98,98,98,98,98,98,98,98,98,98,98,98,98,98,98,98,98,98],"card_choices":[{"not_picked":["Headbutt","Sword Boomerang"],"picked":"Clothesline","floor":1},{"not_picked":["Twin Strike","Bloodletting"],"picked":"Cleave","floor":2},{"not_picked":["Warcry","Perfected Strike"],"picked":"Headbutt","floor":5},{"not_picked":["Thunderclap","Double Tap"],"picked":"Immolate","floor":6},{"not_picked":["Sword Boomerang","Clothesline"],"picked":"Armaments","floor":7},{"not_picked":["Iron Wave","Rage","Carnage"],"picked":"SKIP","floor":8},{"not_picked":["Uppercut","Exhume"],"picked":"Disarm","floor":11},{"not_picked":["Armaments","Heavy Blade"],"picked":"Anger","floor":13},{"not_picked":["Demon Form","Juggernaut"],"picked":"Brutality","floor":16},{"not_picked":["Clash+1","Wild Strike+1"],"picked":"Fire Breathing","floor":18},{"not_picked":["Body Slam","Cleave"],"picked":"Fire Breathing+1","floor":19},{"not_picked":["Thunderclap","Headbutt"],"picked":"Impervious","floor":22},{"not_picked":["Sever Soul+1","Heavy Blade+1","Perfected Strike+1"],"picked":"SKIP","floor":24},{"not_picked":["Anger+1","Twin Strike+1"],"picked":"Rage","floor":25},{"not_picked":["Warcry","Headbutt"],"picked":"Intimidate+1","floor":28},{"not_picked":["Warcry","Havoc"],"picked":"Rage+1","floor":30},{"not_picked":["Rampage","Cleave"],"picked":"Pommel Strike","floor":31},{"not_picked":["Carnage","Perfected Strike"],"picked":"Rupture","floor":35},{"not_picked":["Sword Boomerang+1","Body Slam+1"],"picked":"Headbutt","floor":36},{"not_picked":["True Grit+1","Carnage"],"picked":"Battle Trance","floor":40},{"not_picked":["Clothesline+1","Anger"],"picked":"Rupture+1","floor":45},{"not_picked":["Seeing Red+1","Twin Strike+1"],"picked":"Shrug It Off+1","floor":48}],"player_experience":436902,"relics_obtained":[{"floor":6,"key":"Pear"},{"floor":8,"key":"Anchor"},{"floor":9,"key":"Boot"},{"floor":11,"key":"Blood Vial"},{"floor":19,"key":"Red Mask"},{"floor":26,"key":"Smiling Mask"},{"floor":28,"key":"Magic Flower"},{"floor":39,"key":"Incense Burner"},{"floor":40,"key":"Bottled Tornado"},{"floor":43,"key":"Sundial"},{"floor":48,"key":"Pen Nib"}],"event_choices":[{"damage_healed":0,"gold_gain":0,"player_choice":"Entered Light","damage_taken":18,"max_hp_gain":0,"max_hp_loss":0,"event_name":"Shining Light","floor":3,"gold_loss":0,"cards_upgraded":["Defend_R","Cleave"]},{"damage_healed":0,"gold_gain":79,"player_choice":"Gained Gold","damage_taken":0,"max_hp_gain":0,"max_hp_loss":0,"event_name":"Golden Wing","floor":4,"gold_loss":0},{"damage_healed":0,"gold_gain":0,"player_choice":"Grow","damage_taken":0,"max_hp_gain":0,"max_hp_loss":0,"event_name":"Living Wall","floor":10,"gold_loss":0,"cards_upgraded":["Bash"]},{"damage_healed":32,"gold_gain":0,"player_choice":"Banana","damage_taken":0,"max_hp_gain":0,"max_hp_loss":0,"event_name":"Big Fish","floor":14,"gold_loss":0},{"damage_healed":0,"gold_gain":0,"player_choice":"Fought Bandits","damage_taken":0,"max_hp_gain":0,"max_hp_loss":0,"event_name":"Masked Bandits","floor":19,"gold_loss":0},{"damage_healed":0,"gold_gain":0,"player_choice":"Obtain J.A.X.","damage_taken":0,"max_hp_gain":0,"max_hp_loss":0,"event_name":"Drug Dealer","floor":20,"gold_loss":0,"cards_obtained":["J.A.X."]},{"damage_healed":0,"gold_gain":222,"player_choice":"Wore Mask","damage_taken":0,"max_hp_gain":0,"max_hp_loss":0,"event_name":"Tomb of Lord Red Mask","floor":38,"gold_loss":0},{"damage_healed":0,"gold_gain":0,"player_choice":"Fight","damage_taken":0,"max_hp_gain":0,"max_hp_loss":0,"event_name":"MindBloom","floor":39,"gold_loss":0},{"damage_healed":0,"gold_gain":75,"player_choice":"Touch","damage_taken":9,"max_hp_gain":0,"max_hp_loss":0,"event_name":"FaceTrader","floor":41,"gold_loss":0},{"damage_healed":0,"gold_gain":0,"player_choice":"Memory 1","damage_taken":0,"max_hp_gain":0,"max_hp_loss":0,"event_name":"SensoryStone","floor":47,"gold_loss":0}],"is_beta":false,"boss_relics":[{"not_picked":["Orrery","Astrolabe"],"picked":"Sozu"},{"not_picked":["Philosopher\u0027s Stone","Eternal Feather"],"picked":"Fusion Hammer"}],"items_purged_floors":[12,29,37,46],"is_endless":false,"potions_floor_spawned":[2,5,6,11,13,22,25,28,31,39,40],"ascension_level":7}