{"gold_per_floor":[117,131,206,221,239,239,254,310,310,310,330,330,206,220,220,317,317,330,347,361,361,361,361,361,379,379,379,398,414,414,414],"floor_reached":31,"playtime":2125,"items_purged":["Strike_R"],"score":256,"play_id":"a30ad60a-4121-457c-9fb2-3845e9e973d6","local_time":"20181124083925","is_ascension_mode":false,"campfire_choices":[{"data":"Bludgeon","floor":6,"key":"SMITH"},{"data":"Carnage","floor":12,"key":"SMITH"},{"data":"Flex","floor":15,"key":"SMITH"},{"data":"Thunderclap","floor":23,"key":"SMITH"},{"data":"Inflame","floor":27,"key":"SMITH"},{"floor":30,"key":"REST"}],"neow_cost":"NONE","seed_source_timestamp":903501164869651,"circlet_count":0,"master_deck":["Strike_R+1","Strike_R+1","Strike_R+1","Strike_R+1","Defend_R+1","Defend_R+1","Defend_R+1","Defend_R+1","Bash","Bludgeon+1","Carnage+1","Shrug It Off","Thunderclap+1","Flex+1","Limit Break","Heavy Blade","Bloodletting","Headbutt","Ghostly","Ghostly","Ghostly","Ghostly","Ghostly","Inflame+1","Twin Strike","Pummel"],"relics":["Burning Blood","Blood Vial","Ancient Tea Set","Bottled Lightning","Orrery","Frozen Egg 2"],"potions_floor_usage":[8,19,20,31],"damage_taken":[{"damage":0,"enemies":"Cultist","floor":1,"turns":2},{"damage":11,"enemies":"Jaw Worm","floor":2,"turns":2},{"damage":0,"enemies":"2 Louse","floor":4,"turns":2},{"damage":12,"enemies":"Blue Slaver","floor":5,"turns":2},{"damage":10,"enemies":"Looter","floor":7,"turns":2},{"damage":36,"enemies":"Lagavulin Event","floor":8,"turns":5},{"damage":0,"enemies":"Large Slime","floor":11,"turns":3},{"damage":1,"enemies":"3 Louse","floor":14,"turns":3},{"damage":6,"enemies":"Slime Boss","floor":16,"turns":4},{"damage":23,"enemies":"3 Byrds","floor":18,"turns":6},{"damage":0,"enemies":"Chosen","floor":19,"turns":4},{"damage":51,"enemies":"Centurion and Healer","floor":20,"turns":6},{"damage":4,"enemies":"Sentry and Sphere","floor":25,"turns":5},{"damage":8,"enemies":"Chosen and Byrds","floor":28,"turns":7},{"damage":10,"enemies":"3 Cultists","floor":29,"turns":7},{"damage":47,"enemies":"Gremlin Leader","floor":31,"turns":7}],"seed_played":"-3703761681394445550","potions_obtained":[{"floor":5,"key":"Regen Potion"},{"floor":8,"key":"AttackPotion"},{"floor":16,"key":"SmokeBomb"},{"floor":18,"key":"SteroidPotion"},{"floor":29,"key":"PowerPotion"}],"is_trial":false,"path_per_floor":["M","M","?","M","M","R","M","?","T","T","M","R","$","M","R","B",null,"M","M","M","?","?","R","?","M","T","R","M","M","R","E"],"character_chosen":"IRONCLAD","items_purchased":["Flex"],"campfire_rested":1,"item_purchase_floors":[13],"current_hp_per_floor":[80,75,64,70,64,64,60,42,42,42,50,50,50,57,57,59,80,63,71,28,28,23,23,23,27,27,27,27,25,38,0],"gold":414,"neow_bonus":"ONE_RANDOM_RARE_CARD","is_prod":false,"is_daily":false,"chose_seed":false,"campfire_upgraded":5,"win_rate":0.0,"timestamp":1543070365,"path_taken":["M","?","?","M","M","R","M","?","T","?","M","R","$","M","R","BOSS","M","M","M","?","?","R","?","M","T","R","M","M","R","E"],"build_version":"2018-11-15","purchased_purges":1,"victory":false,"max_hp_per_floor":[80,80,80,80,80,80,80,80,80,80,80,80,80,80,80,80,80,80,80,80,40,45,45,45,45,45,45,45,45,45,45],"card_choices":[{"not_picked":["Clothesline","Headbutt","Perfected Strike"],"picked":"SKIP","floor":1},{"not_picked":["Perfected Strike","Burning Pact"],"picked":"Carnage","floor":2},{"not_picked":["Anger","Pommel Strike"],"picked":"Shrug It Off","floor":4},{"not_picked":["Anger","Second Wind","Warcry"],"picked":"SKIP","floor":5},{"not_picked":["Demon Form","Warcry","Cleave"],"picked":"SKIP","floor":7},{"not_picked":["Anger","Feel No Pain"],"picked":"Thunderclap","floor":8},{"not_picked":["Cleave","Perfected Strike","Disarm"],"picked":"SKIP","floor":11},{"not_picked":["Hemokinesis","Dual Wield","Shrug It Off"],"picked":"SKIP","floor":14},{"not_picked":["Fiend Fire","Barricade"],"picked":"Limit Break","floor":16},{"not_picked":["Rage","Thunderclap"],"picked":"Heavy Blade","floor":17},{"not_picked":["Searing Blow","Headbutt+1","Blood for Blood"],"picked":"SKIP","floor":18},{"not_picked":["Wild Strike","Entrench"],"picked":"Bloodletting","floor":19},{"not_picked":["Pommel Strike","Second Wind"],"picked":"Headbutt","floor":20},{"not_picked":["Shrug It Off","Iron Wave"],"picked":"Inflame","floor":25},{"not_picked":["Warcry","Ghostly Armor"],"picked":"Twin Strike","floor":28},{"not_picked":["Sword Boomerang","Clash"],"picked":"Pummel","floor":29}],"player_experience":64316,"relics_obtained":[{"floor":8,"key":"Blood Vial"},{"floor":9,"key":"Ancient Tea Set"},{"floor":10,"key":"Bottled Lightning"},{"floor":26,"key":"Frozen Egg 2"}],"event_choices":[{"damage_healed":0,"gold_gain":75,"player_choice":"Gather Gold","damage_taken":11,"max_hp_gain":0,"max_hp_loss":0,"event_name":"World of Goop","floor":3,"gold_loss":0},{"damage_healed":0,"gold_gain":30,"player_choice":"Searched \u00272\u0027 times","damage_taken":0,"max_hp_gain":0,"max_hp_loss":0,"event_name":"Dead Adventurer","floor":8,"gold_loss":0},{"damage_healed":0,"gold_gain":0,"player_choice":"Became a Ghost","damage_taken":0,"max_hp_gain":0,"max_hp_loss":40,"event_name":"Ghosts","floor":21,"gold_loss":0,"cards_obtained":["Ghostly","Ghostly","Ghostly","Ghostly","Ghostly"]},{"damage_healed":0,"gold_gain":0,"player_choice":"Shed Blood","damage_taken":10,"max_hp_gain":5,"max_hp_loss":0,"event_name":"Forgotten Altar","floor":22,"gold_loss":0},{"damage_healed":0,"gold_gain":0,"player_choice":"Simplicity","damage_taken":0,"max_hp_gain":0,"max_hp_loss":0,"event_name":"Back to Basics","floor":24,"gold_loss":0,"cards_upgraded":["Strike_R","Strike_R","Strike_R","Strike_R","Defend_R","Defend_R","Defend_R","Defend_R"]}],"is_beta":false,"boss_relics":[{"not_picked":["Astrolabe","Black Star"],"picked":"Orrery"}],"items_purged_floors":[13],"is_endless":false,"potions_floor_spawned":[5,8,16,18,29],"killed_by":"Gremlin Leader","ascension_level":0}