{"gold_per_floor":[114,114,133,133,152,192,215,215,239,239,239,272,290,303,303,433,433,446,21,35,60,60,60,103,127,151,151,175,175,175,25,25,25],"floor_reached":33,"playtime":1942,"items_purged":["Strike_G"],"score":302,"play_id":"9941b872-7299-400b-94f0-ab4b165426e3","local_time":"20190118204904","is_ascension_mode":false,"campfire_choices":[{"floor":8,"key":"REST"},{"floor":10,"key":"REST"},{"floor":15,"key":"REST"},{"data":"Night Terror","floor":23,"key":"SMITH"},{"floor":27,"key":"REST"},{"floor":30,"key":"REST"},{"data":"Catalyst","floor":32,"key":"SMITH"}],"neow_cost":"NONE","seed_source_timestamp":31932644313685,"circlet_count":0,"master_deck":["Defend_G+1","Defend_G+1","Defend_G+1","Defend_G+1","Defend_G+1","Strike_G+1","Strike_G+1","Strike_G+1","Strike_G+1","Survivor","Neutralize+1","Deadly Poison","Deadly Poison","Dash+1","Deadly Poison","Acrobatics","All Out Attack","Deadly Poison","Night Terror+1","Backflip+1","Footwork","Prepared+1","Catalyst+1","Dash","Leg Sweep+1","Catalyst+1","Backflip+1"],"relics":["Ring of the Snake","NeowsBlessing","Golden Idol","Whetstone","Potion Belt","PreservedInsect","Philosopher\u0027s Stone","Membership Card","Ice Cream","Toxic Egg 2","Oddly Smooth Stone","TwistedFunnel"],"potions_floor_usage":[24,24,28,33,33,33],"damage_taken":[{"damage":0,"enemies":"2 Louse","floor":1,"turns":1},{"damage":0,"enemies":"Cultist","floor":3,"turns":1},{"damage":0,"enemies":"Jaw Worm","floor":5,"turns":1},{"damage":31,"enemies":"3 Sentries","floor":6,"turns":11},{"damage":2,"enemies":"Large Slime","floor":7,"turns":7},{"damage":5,"enemies":"Lagavulin","floor":12,"turns":6},{"damage":0,"enemies":"2 Fungi Beasts","floor":13,"turns":2},{"damage":9,"enemies":"Blue Slaver","floor":14,"turns":3},{"damage":32,"enemies":"Hexaghost","floor":16,"turns":8},{"damage":14,"enemies":"3 Byrds","floor":18,"turns":4},{"damage":0,"enemies":"Chosen","floor":20,"turns":5},{"damage":0,"enemies":"Snake Plant","floor":21,"turns":4},{"damage":34,"enemies":"Slavers","floor":24,"turns":7},{"damage":7,"enemies":"Chosen and Byrds","floor":25,"turns":6},{"damage":1,"enemies":"Cultist and Chosen","floor":28,"turns":7},{"damage":78,"enemies":"Automaton","floor":33,"turns":12}],"seed_played":"5583880299234901479","potions_obtained":[{"floor":5,"key":"SpeedPotion"},{"floor":12,"key":"PowerPotion"},{"floor":13,"key":"GamblersBrew"},{"floor":18,"key":"GamblersBrew"},{"floor":21,"key":"Weak Potion"},{"floor":25,"key":"PowerPotion"}],"is_trial":false,"path_per_floor":["M","?","M","?","M","E","M","R","T","R","?","E","M","M","R","B",null,"M","$","M","M","?","R","E","M","T","R","M","?","R","$","R","B"],"character_chosen":"THE_SILENT","items_purchased":["Membership Card","Ice Cream","Footwork","Catalyst+1","TwistedFunnel","Backflip+1"],"campfire_rested":5,"item_purchase_floors":[19,19,19,31,31,31],"current_hp_per_floor":[70,70,70,53,53,22,20,41,41,62,62,57,57,48,69,37,70,56,56,56,56,56,56,22,15,15,36,35,35,56,56,56,0],"gold":25,"neow_bonus":"THREE_ENEMY_KILL","is_prod":false,"is_daily":false,"chose_seed":false,"campfire_upgraded":2,"win_rate":0.0,"timestamp":1547866144,"path_taken":["M","?","?","?","M","E","M","R","T","R","?","E","M","M","R","BOSS","M","$","M","M","?","R","E","M","T","R","M","?","R","$","R","BOSS"],"build_version":"2019-01-17v2","purchased_purges":1,"victory":false,"max_hp_per_floor":[70,70,70,70,70,70,70,70,70,70,70,70,70,70,70,70,70,70,70,70,70,70,70,70,70,70,70,70,70,70,70,70,70],"card_choices":[{"not_picked":["Acrobatics","Caltrops"],"picked":"Deadly Poison","floor":1},{"not_picked":["Underhanded Strike","Dagger Throw"],"picked":"Deadly Poison","floor":3},{"not_picked":["Riddle With Holes","Calculated Gamble"],"picked":"Dash","floor":5},{"not_picked":["Poisoned Stab","Skewer"],"picked":"Deadly Poison","floor":6},{"not_picked":["Quick Slash","Outmaneuver"],"picked":"Acrobatics","floor":7},{"not_picked":["Bouncing Flask","Poisoned Stab"],"picked":"All Out Attack","floor":12},{"not_picked":["Leg Sweep","Expertise"],"picked":"Deadly Poison","floor":13},{"not_picked":["Flying Knee","Terror","Bane"],"picked":"SKIP","floor":14},{"not_picked":["Burst","Envenom"],"picked":"Night Terror","floor":16},{"not_picked":["Noxious Fumes+1","Bane+1"],"picked":"Backflip+1","floor":18},{"not_picked":["Masterful Stab","Sucker Punch"],"picked":"Prepared+1","floor":20},{"not_picked":["Eviscerate","Bullet Time","Outmaneuver"],"picked":"SKIP","floor":21},{"not_picked":["Choke","Deadly Poison"],"picked":"Dash","floor":24},{"not_picked":["Bane","Footwork"],"picked":"Leg Sweep+1","floor":25},{"not_picked":["Finisher","Flying Knee","Deadly Poison+1"],"picked":"SKIP","floor":28}],"player_experience":2679,"relics_obtained":[{"floor":6,"key":"Whetstone"},{"floor":9,"key":"Potion Belt"},{"floor":12,"key":"PreservedInsect"},{"floor":24,"key":"Toxic Egg 2"},{"floor":26,"key":"Oddly Smooth Stone"}],"event_choices":[{"damage_healed":0,"gold_gain":0,"player_choice":"Upgraded","damage_taken":0,"max_hp_gain":0,"max_hp_loss":0,"event_name":"Upgrade Shrine","floor":2,"gold_loss":0,"cards_upgraded":["Neutralize"]},{"damage_healed":0,"gold_gain":0,"player_choice":"Take Damage","damage_taken":17,"relics_obtained":["Golden Idol"],"max_hp_gain":0,"max_hp_loss":0,"event_name":"Golden Idol","floor":4,"gold_loss":0},{"damage_healed":0,"gold_gain":0,"player_choice":"Grow","damage_taken":0,"max_hp_gain":0,"max_hp_loss":0,"event_name":"Living Wall","floor":11,"gold_loss":0,"cards_upgraded":["Dash"]},{"damage_healed":0,"gold_gain":0,"player_choice":"Read","damage_taken":0,"max_hp_gain":0,"max_hp_loss":0,"event_name":"The Library","floor":22,"gold_loss":0,"cards_obtained":["Catalyst"]},{"damage_healed":0,"gold_gain":0,"player_choice":"Simplicity","damage_taken":0,"max_hp_gain":0,"max_hp_loss":0,"event_name":"Back to Basics","floor":29,"gold_loss":0,"cards_upgraded":["Defend_G","Defend_G","Defend_G","Defend_G","Defend_G","Strike_G","Strike_G"]}],"is_beta":false,"boss_relics":[{"not_picked":["Coffee Dripper","Lizard Tail"],"picked":"Philosopher\u0027s Stone"}],"items_purged_floors":[19],"is_endless":false,"potions_floor_spawned":[5,12,13,18,21,25],"killed_by":"Automaton","ascension_level":0}