{"gold_per_floor":[115,64,64,81,93,119,129,141,141,141,141],"floor_reached":11,"playtime":359,"items_purged":[],"score":83,"play_id":"8cf2c18c-5835-40a8-a38a-660a954aae86","local_time":"20181202005921","is_ascension_mode":true,"campfire_choices":[{"data":"Conserve Battery","floor":10,"key":"SMITH"}],"neow_cost":"NONE","seed_source_timestamp":1568867526680034,"circlet_count":0,"master_deck":["Strike_B","Strike_B","Strike_B","Strike_B","Defend_B","Defend_B","Defend_B","Defend_B","Zap","Dualcast","Conserve Battery+1","Gash","Loop","Sweeping Beam","Streamline","Hologram","Steam Power"],"relics":["Cracked Core","NeowsBlessing","Lantern"],"potions_floor_usage":[],"damage_taken":[{"damage":0,"enemies":"2 Louse","floor":1,"turns":1},{"damage":0,"enemies":"Cultist","floor":4,"turns":1},{"damage":0,"enemies":"Small Slimes","floor":5,"turns":1},{"damage":32,"enemies":"3 Sentries","floor":6,"turns":10},{"damage":11,"enemies":"Blue Slaver","floor":7,"turns":4},{"damage":9,"enemies":"Red Slaver","floor":8,"turns":3},{"damage":3,"enemies":"Exordium Thugs","floor":11,"turns":2}],"seed_played":"1664869442946607054","potions_obtained":[{"floor":3,"key":"FearPotion"},{"floor":3,"key":"FairyPotion"},{"floor":3,"key":"Block Potion"}],"is_trial":false,"path_per_floor":["M","$","?","M","M","E","M","M","T","R","M"],"character_chosen":"DEFECT","items_purchased":["Gash"],"campfire_rested":0,"item_purchase_floors":[2],"current_hp_per_floor":[75,75,75,75,75,43,32,23,23,23,20],"gold":141,"neow_bonus":"THREE_ENEMY_KILL","is_prod":false,"is_daily":false,"chose_seed":false,"campfire_upgraded":1,"win_rate":0,"timestamp":1543733961,"path_taken":["M","$","?","M","?","E","M","M","T","R","M"],"build_version":"2018-11-15","purchased_purges":0,"victory":false,"max_hp_per_floor":[75,75,75,75,75,75,75,75,75,75,75],"card_choices":[{"not_picked":["Go for the Eyes","Turbo"],"picked":"Conserve Battery","floor":1},{"not_picked":["Ball Lightning","Streamline"],"picked":"Loop","floor":4},{"not_picked":["Seek","Undo"],"picked":"Sweeping Beam","floor":5},{"not_picked":["Cold Snap","Force Field"],"picked":"Streamline","floor":6},{"not_picked":["Rip and Tear","Static Discharge"],"picked":"Hologram","floor":7},{"not_picked":["Melter","Streamline"],"picked":"Steam Power","floor":8}],"player_experience":159442,"relics_obtained":[{"floor":6,"key":"Lantern"}],"event_choices":[{"damage_healed":0,"gold_gain":0,"player_choice":"Got Potions","damage_taken":0,"max_hp_gain":0,"max_hp_loss":0,"event_name":"Lab","floor":3,"gold_loss":0}],"is_beta":false,"boss_relics":[],"items_purged_floors":[],"is_endless":false,"potions_floor_spawned":[4,5,7],"killed_by":"Exordium Thugs","ascension_level":2}