{"gold_per_floor":[114,189,201,201,45,72,88,121,121,121],"floor_reached":10,"playtime":627,"items_purged":[],"score":136,"play_id":"56ebaac9-435b-4c54-8fec-378ef7e5c9d1","local_time":"20190120142615","is_ascension_mode":true,"campfire_choices":[],"neow_cost":"NONE","seed_source_timestamp":36493738193432,"circlet_count":0,"master_deck":["Strike_R","Strike_R","Strike_R","Strike_R","Strike_R","Defend_R","Defend_R","Defend_R","Defend_R","Bash","Pommel Strike","True Grit","Demon Form","Dark Embrace","Anger","Hemokinesis"],"relics":["Burning Blood","NeowsBlessing","Blue Candle","Boot","The Courier","Frozen Egg 2"],"potions_floor_usage":[],"damage_taken":[{"damage":0,"enemies":"Small Slimes","floor":1,"turns":1},{"damage":0,"enemies":"Jaw Worm","floor":3,"turns":1},{"damage":0,"enemies":"Gremlin Nob","floor":6,"turns":1},{"damage":10,"enemies":"Cultist","floor":7,"turns":5},{"damage":48,"enemies":"3 Sentries","floor":8,"turns":7},{"damage":23,"enemies":"Lagavulin","floor":10,"turns":7}],"seed_played":"5552879882629016651","potions_obtained":[{"floor":6,"key":"FearPotion"},{"floor":8,"key":"Dexterity Potion"}],"is_trial":false,"path_per_floor":["M","?","M","T","$","E","M","E","T","E"],"character_chosen":"IRONCLAD","items_purchased":["Demon Form"],"campfire_rested":0,"item_purchase_floors":[5],"current_hp_per_floor":[78,67,73,73,73,79,75,33,33,10],"gold":121,"neow_bonus":"THREE_ENEMY_KILL","is_prod":false,"is_daily":false,"chose_seed":false,"campfire_upgraded":0,"win_rate":0,"timestamp":1548015975,"path_taken":["M","?","M","?","$","E","M","E","T","E"],"build_version":"2019-01-17v2","purchased_purges":0,"victory":false,"max_hp_per_floor":[80,80,80,80,80,80,80,80,80,80],"card_choices":[{"not_picked":["Thunderclap","Sword Boomerang"],"picked":"Pommel Strike","floor":1},{"not_picked":["Twin Strike","Flex"],"picked":"True Grit","floor":3},{"not_picked":["Clothesline","Thunderclap"],"picked":"Dark Embrace","floor":6},{"not_picked":["Headbutt","Blood for Blood"],"picked":"Anger","floor":7},{"not_picked":["Dual Wield","Blood for Blood"],"picked":"Hemokinesis","floor":8}],"player_experience":436275,"relics_obtained":[{"floor":4,"key":"Blue Candle"},{"floor":6,"key":"Boot"},{"floor":8,"key":"The Courier"},{"floor":9,"key":"Frozen Egg 2"}],"event_choices":[{"damage_healed":0,"gold_gain":75,"player_choice":"Gather Gold","damage_taken":11,"max_hp_gain":0,"max_hp_loss":0,"event_name":"World of Goop","floor":2,"gold_loss":0}],"is_beta":false,"boss_relics":[],"items_purged_floors":[],"is_endless":false,"potions_floor_spawned":[6,8],"killed_by":"Lagavulin","ascension_level":7}