{"gold_per_floor":[99,99,99,99,84,84,84,84,84,38,38,38,38,38,38,38,38,38,38,38,4,4,4,4,4,4,4,4,4,4,4,4,4],"floor_reached":33,"playtime":1880,"items_purged":[],"score":357,"play_id":"7d8de9cc-399c-464c-ae2b-e409be19fff0","local_time":"20181204212656","is_ascension_mode":true,"campfire_choices":[{"data":"Darkness","floor":8,"key":"SMITH"},{"data":"Streamline","floor":11,"key":"SMITH"},{"floor":15,"key":"RECALL"},{"data":"Steam Power","floor":24,"key":"SMITH"},{"floor":32,"key":"REST"}],"neow_cost":"NONE","seed_source_timestamp":1813799132385129,"circlet_count":0,"master_deck":["Strike_B","Strike_B","Strike_B","Strike_B","Defend_B","Defend_B","Defend_B","Defend_B","Zap","Dualcast","Leap","Doom and Gloom+1","Ball Lightning","Darkness+1","Streamline+1","Go for the Eyes","Electrodynamics","Darkness","Multi-Cast","Doom and Gloom","Steam Power+1","Leap","Undo","Conserve Battery","Defragment+1","Self Repair"],"relics":["Ectoplasm","Mercury Hourglass","Bronze Scales","Nuclear Battery","Dead Branch","Gremlin Horn","Juzu Bracelet"],"potions_floor_usage":[16,16,23,23,23,27,30,33],"damage_taken":[{"damage":1,"enemies":"Cultist","floor":1,"turns":3},{"damage":9,"enemies":"2 Louse","floor":2,"turns":3},{"damage":0,"enemies":"Small Slimes","floor":3,"turns":3},{"damage":0,"enemies":"Looter","floor":5,"turns":2},{"damage":2,"enemies":"Blue Slaver","floor":6,"turns":3},{"damage":0,"enemies":"Exordium Thugs","floor":7,"turns":2},{"damage":0,"enemies":"3 Louse","floor":12,"turns":3},{"damage":8,"enemies":"Lagavulin","floor":13,"turns":4},{"damage":9,"enemies":"Blue Slaver","floor":14,"turns":2},{"damage":16,"enemies":"The Guardian","floor":16,"turns":7},{"damage":5,"enemies":"3 Byrds","floor":18,"turns":3},{"damage":10,"enemies":"Spheric Guardian","floor":19,"turns":3},{"damage":12,"enemies":"Snake Plant","floor":20,"turns":2},{"damage":1,"enemies":"3 Cultists","floor":22,"turns":3},{"damage":3,"enemies":"Slavers","floor":23,"turns":3},{"damage":0,"enemies":"Gremlin Leader","floor":25,"turns":5},{"damage":21,"enemies":"Slavers","floor":27,"turns":3},{"damage":12,"enemies":"Centurion and Healer","floor":28,"turns":3},{"damage":2,"enemies":"Snake Plant","floor":29,"turns":3},{"damage":12,"enemies":"Snecko","floor":30,"turns":4},{"damage":70,"enemies":"Champ","floor":33,"turns":7}],"seed_played":"-8179365658514868440","potions_obtained":[{"floor":2,"key":"SpeedPotion"},{"floor":6,"key":"SteroidPotion"},{"floor":12,"key":"EssenceOfSteel"},{"floor":14,"key":"Block Potion"},{"floor":19,"key":"SkillPotion"},{"floor":20,"key":"Dexterity Potion"},{"floor":25,"key":"Regen Potion"},{"floor":27,"key":"Strength Potion"},{"floor":28,"key":"LiquidBronze"},{"floor":29,"key":"SkillPotion"}],"is_trial":false,"path_per_floor":["M","M","M","?","M","M","M","R","T","?","R","M","E","M","R","B",null,"M","M","M","$","M","E","R","E","T","E","M","M","M","?","R","B"],"character_chosen":"DEFECT","items_purchased":["Undo"],"campfire_rested":1,"item_purchase_floors":[21],"current_hp_per_floor":[74,65,65,65,65,63,63,63,63,63,63,63,55,46,46,30,75,70,60,48,48,47,44,44,44,44,32,20,18,13,38,60,0],"gold":4,"neow_bonus":"BOSS_RELIC","is_prod":false,"is_daily":false,"chose_seed":false,"campfire_upgraded":3,"win_rate":0,"timestamp":1543980416,"path_taken":["M","?","?","?","M","?","M","R","T","?","R","M","E","M","R","BOSS","M","M","M","$","M","E","R","E","T","E","M","M","M","?","R","BOSS"],"build_version":"2018-11-15","purchased_purges":0,"victory":false,"max_hp_per_floor":[75,75,75,75,75,75,75,75,75,75,75,75,75,75,75,75,75,75,75,75,75,75,75,75,75,75,75,75,75,75,75,75,75],"card_choices":[{"not_picked":["Beam Cell","Auto Shields"],"picked":"Leap","floor":1},{"not_picked":["Go for the Eyes","Barrage","Self Repair"],"picked":"SKIP","floor":2},{"not_picked":["Leap","Force Field"],"picked":"Doom and Gloom","floor":3},{"not_picked":["Go for the Eyes","Steam Power"],"picked":"Ball Lightning","floor":5},{"not_picked":["Double Energy","Ball Lightning"],"picked":"Darkness","floor":6},{"not_picked":["Sunder","Storm"],"picked":"Streamline","floor":7},{"not_picked":["Turbo","Hello World"],"picked":"Go for the Eyes","floor":12},{"not_picked":["Rip and Tear","Seek"],"picked":"Electrodynamics","floor":13},{"not_picked":["Barrage","Streamline"],"picked":"Darkness","floor":14},{"not_picked":["Biased Cognition","Seek"],"picked":"Multi-Cast","floor":16},{"not_picked":["Cold Snap+1","Leap+1"],"picked":"Doom and Gloom","floor":18},{"not_picked":["Streamline","Gash"],"picked":"Steam Power","floor":19},{"not_picked":["Steam Power+1","Glacier"],"picked":"Leap","floor":20},{"not_picked":["Aggregate","Barrage+1","Stack"],"picked":"SKIP","floor":22},{"not_picked":["Turbo+1","Compile Driver"],"picked":"Conserve Battery","floor":23},{"not_picked":["Sweeping Beam","Streamline"],"picked":"Defragment+1","floor":25},{"not_picked":["Stack","Sweeping Beam","Force Field"],"picked":"SKIP","floor":27},{"not_picked":["Core Surge","Coolheaded","Streamline"],"picked":"SKIP","floor":28},{"not_picked":["Rebound","Genetic Algorithm"],"picked":"Self Repair","floor":29},{"not_picked":["Sunder","Capacitor","Beam Cell"],"picked":"SKIP","floor":30}],"player_experience":217906,"relics_obtained":[{"floor":9,"key":"Mercury Hourglass"},{"floor":13,"key":"Bronze Scales"},{"floor":23,"key":"Dead Branch"},{"floor":25,"key":"Gremlin Horn"},{"floor":27,"key":"Juzu Bracelet"}],"event_choices":[{"damage_healed":0,"gold_gain":0,"player_choice":"Upgraded","damage_taken":0,"max_hp_gain":0,"max_hp_loss":0,"event_name":"Upgrade Shrine","floor":4,"gold_loss":0,"cards_upgraded":["Doom and Gloom"]},{"damage_healed":0,"gold_gain":0,"player_choice":"Left Gold","damage_taken":0,"max_hp_gain":0,"max_hp_loss":0,"event_name":"World of Goop","floor":10,"gold_loss":46},{"damage_healed":25,"gold_gain":0,"player_choice":"Heal","damage_taken":0,"max_hp_gain":0,"max_hp_loss":0,"event_name":"The Library","floor":31,"gold_loss":0}],"is_beta":false,"boss_relics":[{"not_picked":["Eternal Feather","Sozu"],"picked":"Nuclear Battery"}],"items_purged_floors":[],"is_endless":false,"potions_floor_spawned":[2,6,12,14,19,20,25,27,28,29],"killed_by":"Champ","ascension_level":1}