{"gold_per_floor":[119,119,136,156,156,156,231,0,0,11,27,27,27,43,43,139,139,156,169,187,187],"floor_reached":21,"playtime":1270,"items_purged":["Defend_B"],"score":182,"play_id":"19a2f0f5-6eae-436a-88cb-bc8f7bdccee2","local_time":"20181206190232","is_ascension_mode":true,"campfire_choices":[{"data":"Glacier","floor":6,"key":"SMITH"},{"data":"Conserve Battery","floor":13,"key":"SMITH"},{"floor":15,"key":"REST"}],"neow_cost":"NONE","seed_source_timestamp":1978545374977120,"circlet_count":0,"master_deck":["Strike_B","Strike_B","Strike_B+1","Strike_B","Defend_B","Defend_B","Defend_B","Zap","Dualcast","Compile Driver","Reinforced Body+1","Glacier+1","Hyperbeam","Conserve Battery+1","Barrage","Electrodynamics","Capacitor","Tempest","Barrage","Go for the Eyes","Redo+1","Capacitor","Stack"],"relics":["Cracked Core","Membership Card","Sundial","Ancient Tea Set","Orrery"],"potions_floor_usage":[19,21],"damage_taken":[{"damage":2,"enemies":"2 Louse","floor":1,"turns":3},{"damage":1,"enemies":"Cultist","floor":3,"turns":3},{"damage":10,"enemies":"Small Slimes","floor":4,"turns":3},{"damage":0,"enemies":"2 Fungi Beasts","floor":10,"turns":4},{"damage":5,"enemies":"Looter","floor":11,"turns":3},{"damage":0,"enemies":"Lots of Slimes","floor":14,"turns":3},{"damage":7,"enemies":"The Guardian","floor":16,"turns":22},{"damage":30,"enemies":"2 Thieves","floor":18,"turns":3},{"damage":0,"enemies":"Chosen","floor":19,"turns":5},{"damage":16,"enemies":"Centurion and Healer","floor":20,"turns":11},{"damage":38,"enemies":"Cultist and Chosen","floor":21,"turns":6}],"seed_played":"-5502474872760240663","potions_obtained":[{"floor":2,"key":"Dexterity Potion"},{"floor":2,"key":"Weak Potion"},{"floor":2,"key":"FocusPotion"},{"floor":14,"key":"SpeedPotion"},{"floor":18,"key":"SkillPotion"}],"is_trial":false,"path_per_floor":["M","?","M","M","?","R","?","$","T","M","M","?","R","M","R","B",null,"M","M","M","M"],"character_chosen":"DEFECT","items_purchased":["Membership Card"],"campfire_rested":1,"item_purchase_floors":[8],"current_hp_per_floor":[80,80,79,69,53,53,42,42,42,42,37,37,37,37,61,54,82,52,52,36,0],"gold":187,"neow_bonus":"TEN_PERCENT_HP_BONUS","is_prod":false,"is_daily":false,"chose_seed":false,"campfire_upgraded":2,"win_rate":0,"timestamp":1544144552,"path_taken":["M","?","?","M","?","R","?","$","T","M","M","?","R","M","R","BOSS","M","?","M","M"],"build_version":"2018-11-15","purchased_purges":1,"victory":false,"max_hp_per_floor":[82,82,82,82,82,82,82,82,82,82,82,82,82,82,82,82,82,82,82,82,82],"card_choices":[{"not_picked":["Gash","Coolheaded"],"picked":"Compile Driver","floor":1},{"not_picked":["Lockon","Fusion"],"picked":"Reinforced Body","floor":3},{"not_picked":["Hologram","Redo"],"picked":"Glacier","floor":4},{"not_picked":["Undo","Glacier"],"picked":"Hyperbeam","floor":10},{"not_picked":["FTL","Steam"],"picked":"Conserve Battery","floor":11},{"not_picked":["Glacier","Hello World"],"picked":"Barrage","floor":14},{"not_picked":["Hyperbeam","Machine Learning"],"picked":"Electrodynamics","floor":16},{"not_picked":["Turbo","Redo"],"picked":"Capacitor","floor":17},{"not_picked":["Barrage","Sweeping Beam"],"picked":"Tempest","floor":17},{"not_picked":["Streamline","Compile Driver"],"picked":"Barrage","floor":17},{"not_picked":["Thunder Strike","Self Repair"],"picked":"Go for the Eyes","floor":17},{"not_picked":["Steam+1","Glacier"],"picked":"Redo+1","floor":18},{"not_picked":["Turbo","Lockon"],"picked":"Capacitor","floor":19},{"not_picked":["Compile Driver","Conserve Battery"],"picked":"Stack","floor":20}],"player_experience":240914,"relics_obtained":[{"floor":9,"key":"Sundial"}],"event_choices":[{"damage_healed":0,"gold_gain":0,"player_choice":"Got Potions","damage_taken":0,"max_hp_gain":0,"max_hp_loss":0,"event_name":"Lab","floor":2,"gold_loss":0},{"damage_healed":0,"gold_gain":0,"player_choice":"Entered Light","damage_taken":16,"max_hp_gain":0,"max_hp_loss":0,"event_name":"Shining Light","floor":5,"gold_loss":0,"cards_upgraded":["Reinforced Body","Strike_B"]},{"damage_healed":0,"gold_gain":75,"player_choice":"Gather Gold","damage_taken":11,"max_hp_gain":0,"max_hp_loss":0,"event_name":"World of Goop","floor":7,"gold_loss":0},{"damage_healed":0,"gold_gain":0,"player_choice":"Gave Potion","damage_taken":0,"relics_obtained":["Ancient Tea Set"],"max_hp_gain":0,"max_hp_loss":0,"event_name":"WeMeetAgain","floor":12,"gold_loss":0}],"is_beta":false,"boss_relics":[{"not_picked":["Philosopher\u0027s Stone","Busted Crown"],"picked":"Orrery"}],"items_purged_floors":[8],"is_endless":false,"potions_floor_spawned":[4,14,16,18],"killed_by":"Cultist and Chosen","ascension_level":1}