{"gold_per_floor":[214,234,234,234,25,51,65,94,94,94,109,137,17,34,34,105,105,45,45,45,45,45,45,45,45,45,45,2,2,2,2,2,2],"floor_reached":33,"playtime":2092,"items_purged":["Strike_R"],"score":568,"play_id":"780ff947-787c-465f-846b-1f939609580d","local_time":"20190621231752","is_ascension_mode":true,"campfire_choices":[{"floor":10.0,"key":"REST"},{"floor":15.0,"key":"REST"},{"floor":29.0,"key":"REST"},{"floor":30.0,"key":"REST"},{"data":"Limit Break","floor":32.0,"key":"SMITH"}],"neow_cost":"NONE","seed_source_timestamp":554154495664475,"circlet_count":0,"master_deck":["AscendersBane","Strike_R","Strike_R","Defend_R+1","Defend_R","Defend_R","Defend_R","Bash","Inflame","Cleave","Metallicize","Twin Strike","Twin Strike","Evolve","Reaper","Whirlwind","Twin Strike","Limit Break+1","True Grit","Shrug It Off+1","Heavy Blade","Spot Weakness","Disarm","Armaments+1","Power Through","Feed"],"special_seed":0,"relics":["Burning Blood","WingedGreaves","Sling","StoneCalendar","Calipers","Vajra","Centennial Puzzle","Ectoplasm","Mercury Hourglass","Peace Pipe","War Paint"],"potions_floor_usage":[33],"damage_taken":[{"damage":2.0,"enemies":"Cultist","floor":1.0,"turns":4.0},{"damage":14.0,"enemies":"Small Slimes","floor":2.0,"turns":4.0},{"damage":32.0,"enemies":"Gremlin Nob","floor":6.0,"turns":4.0},{"damage":4.0,"enemies":"2 Louse","floor":7.0,"turns":3.0},{"damage":19.0,"enemies":"Lagavulin","floor":8.0,"turns":6.0},{"damage":14.0,"enemies":"Blue Slaver","floor":11.0,"turns":4.0},{"damage":9.0,"enemies":"3 Sentries","floor":12.0,"turns":6.0},{"damage":18.0,"enemies":"3 Louse","floor":14.0,"turns":3.0},{"damage":38.0,"enemies":"Slime Boss","floor":16.0,"turns":7.0},{"damage":28.0,"enemies":"2 Thieves","floor":18.0,"turns":3.0},{"damage":20.0,"enemies":"Shell Parasite","floor":20.0,"turns":4.0},{"damage":8.0,"enemies":"Snecko","floor":21.0,"turns":5.0},{"damage":54.0,"enemies":"Slavers","floor":23.0,"turns":4.0},{"damage":14.0,"enemies":"3 Cultists","floor":24.0,"turns":4.0},{"damage":29.0,"enemies":"Book of Stabbing","floor":25.0,"turns":4.0},{"damage":21.0,"enemies":"Sentry and Sphere","floor":27.0,"turns":7.0},{"damage":6.0,"enemies":"Centurion and Healer","floor":31.0,"turns":7.0},{"damage":69,"enemies":"Collector","floor":33,"turns":6}],"seed_played":"1682349315624547346","potions_obtained":[{"floor":1.0,"key":"SteroidPotion"},{"floor":8.0,"key":"Ancient Potion"},{"floor":11.0,"key":"SkillPotion"},{"floor":20.0,"key":"EntropicBrew"},{"floor":25.0,"key":"PowerPotion"},{"floor":27.0,"key":"Fire Potion"}],"is_trial":false,"path_per_floor":["M","M","T","?","$","E","M","E","T","R","M","E","$","M","R","B",null,"M","?","M","M","$","E","M","E","T","M","$","R","R","M","R","B"],"character_chosen":"IRONCLAD","items_purchased":["Sling","Whirlwind","Power Through"],"campfire_rested":4,"item_purchase_floors":[5,13,28],"current_hp_per_floor":[72,64,64,57,57,31,33,20,20,42,34,31,31,34,56,38,66,54,54,55,63,63,46,53,30,30,15,15,37,59,59,59,0],"gold":2,"neow_bonus":"HUNDRED_GOLD","is_prod":false,"is_daily":false,"chose_seed":false,"campfire_upgraded":1,"win_rate":0,"timestamp":1561177072,"path_taken":["M","M","?","?","$","E","M","E","T","R","M","E","$","M","R","BOSS","M","?","M","M","$","E","M","E","T","M","?","R","R","M","R","BOSS"],"build_version":"2019-01-23","purchased_purges":1,"victory":false,"max_hp_per_floor":[75,75,75,75,75,75,75,75,75,75,75,75,75,75,75,75,75,75,75,75,75,75,75,75,75,75,75,75,75,75,75,75,75],"card_choices":[{"not_picked":["Clothesline","True Grit"],"picked":"Inflame","floor":1.0},{"not_picked":["Thunderclap","Rage"],"picked":"Cleave","floor":2.0},{"not_picked":["Thunderclap","Battle Trance"],"picked":"Metallicize","floor":6.0},{"not_picked":["Perfected Strike","Hemokinesis"],"picked":"Twin Strike","floor":7.0},{"not_picked":["Sever Soul","Havoc"],"picked":"Twin Strike","floor":8.0},{"not_picked":["Disarm","Battle Trance"],"picked":"Evolve","floor":11.0},{"not_picked":["Clothesline","Shrug It Off"],"picked":"Reaper","floor":12.0},{"not_picked":["Headbutt","Rampage"],"picked":"Twin Strike","floor":14.0},{"not_picked":["Bludgeon","Berserk"],"picked":"Limit Break","floor":16.0},{"not_picked":["Uppercut","Sword Boomerang"],"picked":"True Grit","floor":18.0},{"not_picked":["Sword Boomerang","Evolve+1"],"picked":"Shrug It Off","floor":20.0},{"not_picked":["Thunderclap","Entrench"],"picked":"Heavy Blade","floor":21.0},{"not_picked":["Flex","Twin Strike","Clash"],"picked":"SKIP","floor":23.0},{"not_picked":["Rampage","Thunderclap+1"],"picked":"Spot Weakness","floor":24.0},{"not_picked":["Armaments","Iron Wave"],"picked":"Disarm","floor":25.0},{"not_picked":["Carnage","Combust"],"picked":"Armaments+1","floor":27.0},{"not_picked":["Pommel Strike","Infernal Blade"],"picked":"Feed","floor":31.0}],"player_experience":626712,"relics_obtained":[{"floor":3.0,"key":"WingedGreaves"},{"floor":6.0,"key":"StoneCalendar"},{"floor":8.0,"key":"Calipers"},{"floor":9.0,"key":"Vajra"},{"floor":12.0,"key":"Centennial Puzzle"},{"floor":23.0,"key":"Mercury Hourglass"},{"floor":25.0,"key":"Peace Pipe"},{"floor":26.0,"key":"War Paint"}],"event_choices":[{"cards_removed":["Strike_R"],"damage_healed":0.0,"max_hp_gain":0.0,"max_hp_loss":0.0,"gold_gain":0.0,"event_name":"Golden Wing","player_choice":"Card Removal","floor":4.0,"gold_loss":0.0,"damage_taken":7.0},{"cards_removed":["Strike_R"],"damage_healed":0.0,"max_hp_gain":0.0,"max_hp_loss":0.0,"gold_gain":0.0,"event_name":"Purifier","player_choice":"Purged","floor":19.0,"gold_loss":0.0,"damage_taken":0.0}],"is_beta":false,"boss_relics":[{"not_picked":["Cursed Key","Tiny House"],"picked":"Ectoplasm"}],"items_purged_floors":[13],"is_endless":false,"potions_floor_spawned":[1,8,11,12,20,23,25,27],"killed_by":"Collector","ascension_level":17}