{"gold_per_floor":[212,287,13,27,27,27,43,43,43,54,74,74,108,126,126,223,223,236,256,207,219,318,347,347,84,164,175,175,96,121,138,138,240,240,251,271,281,281,209,209,234,245,245,256,256,26,26,45,45,45],"floor_reached":51,"playtime":4483,"items_purged":["Strike_B","Strike_B"],"score":961,"play_id":"47b6c387-11ea-46ed-ac3b-28f274a643f6","local_time":"20190701202610","is_ascension_mode":true,"campfire_choices":[{"data":"Dualcast","floor":6,"key":"SMITH"},{"data":"Zap","floor":8,"key":"SMITH"},{"floor":12,"key":"REST"},{"data":"Doom and Gloom","floor":15,"key":"SMITH"},{"floor":28,"key":"REST"},{"floor":32,"key":"REST"},{"floor":40,"key":"REST"},{"data":"Buffer","floor":45,"key":"SMITH"},{"floor":47,"key":"REST"},{"data":"Chill","floor":49,"key":"SMITH"}],"neow_cost":"NONE","seed_source_timestamp":621506497207888,"circlet_count":0,"master_deck":["Strike_B","Defend_B","Defend_B","Defend_B","Defend_B","Zap+1","Dualcast+1","Lockon","Ball Lightning","Capacitor","Doom and Gloom+1","Machine Learning","Capacitor","Cold Snap","Core Surge","Hologram","Buffer+1","Conserve Battery","Coolheaded","Cold Snap","Defragment+1","Electrodynamics+1","Barrage","Chill+1","Loop+1","Go for the Eyes","Buffer+1","Skim","Storm+1","Loop+1","Defragment+1","Glacier+1"],"relics":["Cracked Core","Mercury Hourglass","Pen Nib","Sozu","Frozen Egg 2","Cables","Girya","Lizard Tail","DataDisk","Letter Opener","Regal Pillow"],"potions_floor_usage":[4,13,16,30],"damage_taken":[{"damage":4,"enemies":"Jaw Worm","floor":1,"turns":3},{"damage":1,"enemies":"2 Louse","floor":4,"turns":3},{"damage":0,"enemies":"Cultist","floor":7,"turns":3},{"damage":9,"enemies":"2 Fungi Beasts","floor":10,"turns":2},{"damage":0,"enemies":"Large Slime","floor":11,"turns":4},{"damage":13,"enemies":"3 Sentries","floor":13,"turns":3},{"damage":0,"enemies":"Exordium Wildlife","floor":14,"turns":2},{"damage":0,"enemies":"Slime Boss","floor":16,"turns":5},{"damage":0,"enemies":"Chosen","floor":18,"turns":4},{"damage":0,"enemies":"Spheric Guardian","floor":19,"turns":3},{"damage":3,"enemies":"3 Cultists","floor":21,"turns":3},{"damage":31,"enemies":"Gremlin Leader","floor":23,"turns":5},{"damage":9,"enemies":"Sentry and Sphere","floor":27,"turns":4},{"damage":27,"enemies":"Slavers","floor":30,"turns":3},{"damage":9,"enemies":"Shelled Parasite and Fungi","floor":31,"turns":4},{"damage":0,"enemies":"Champ","floor":33,"turns":9},{"damage":0,"enemies":"3 Shapes","floor":35,"turns":3},{"damage":10,"enemies":"Orb Walker","floor":36,"turns":4},{"damage":17,"enemies":"Transient","floor":37,"turns":5},{"damage":0,"enemies":"Spire Growth","floor":42,"turns":4},{"damage":24,"enemies":"4 Shapes","floor":44,"turns":3},{"damage":0,"enemies":"Sphere and 2 Shapes","floor":48,"turns":3},{"damage":64,"enemies":"Awakened One","floor":50,"turns":12}],"seed_played":"-7465946109501633249","potions_obtained":[{"floor":1,"key":"Swift Potion"},{"floor":11,"key":"SteroidPotion"},{"floor":13,"key":"SpeedPotion"},{"floor":16,"key":"GamblersBrew"}],"is_trial":false,"path_per_floor":["M","?","$","M","?","R","M","R","T","M","M","R","E","M","R","B",null,"M","M","$","M","?","E","?","$","T","M","R","$","E","M","R","B",null,"M","M","M","?","$","R","T","M","T","M","R","$","R","M","R","B",null],"character_chosen":"DEFECT","items_purchased":["Lockon","Ball Lightning","Capacitor","Coolheaded","Electrodynamics+1","Barrage","Loop+1","Storm+1","Defragment+1","Regal Pillow"],"campfire_rested":5,"item_purchase_floors":[3,3,3,20,25,25,29,39,46,46],"current_hp_per_floor":[64,53,53,52,52,52,52,52,52,43,43,65,52,52,52,52,69,69,69,69,66,66,35,35,35,35,26,48,48,21,12,34,34,65,65,55,38,38,38,59,59,59,59,35,35,35,71,71,71,7],"gold":45,"neow_bonus":"HUNDRED_GOLD","is_prod":false,"is_daily":false,"chose_seed":false,"campfire_upgraded":5,"win_rate":0,"timestamp":1562030770,"path_taken":["M","?","$","M","?","R","M","R","T","M","?","R","E","M","R","BOSS","M","M","$","M","?","E","?","$","T","M","R","?","E","M","R","BOSS","M","M","M","?","$","R","?","M","T","M","R","$","R","M","R","BOSS"],"build_version":"2019-07-01","purchased_purges":2,"victory":true,"max_hp_per_floor":[75,75,75,75,75,75,75,75,75,75,75,75,75,75,75,75,75,75,75,75,75,75,75,75,75,75,75,75,75,75,75,75,75,75,75,75,75,71,71,71,71,71,71,71,71,71,71,71,71,71],"card_choices":[{"not_picked":["Loop","Barrage","Beam Cell"],"picked":"SKIP","floor":1},{"not_picked":["Storm","Fusion"],"picked":"Doom and Gloom","floor":4},{"not_picked":["Darkness","Steam"],"picked":"Capacitor","floor":7},{"not_picked":["Conserve Battery","Fusion"],"picked":"Cold Snap","floor":10},{"not_picked":["Blizzard","Sweeping Beam","Static Discharge"],"picked":"SKIP","floor":11},{"not_picked":["Blizzard","Sweeping Beam","Static Discharge"],"picked":"SKIP","floor":11},{"not_picked":["Genetic Algorithm","Scrape"],"picked":"Core Surge","floor":13},{"not_picked":["Storm","Sunder"],"picked":"Hologram","floor":14},{"not_picked":["Hyperbeam","Amplify"],"picked":"Buffer","floor":16},{"not_picked":["Beam Cell+1","Sunder","Rebound"],"picked":"SKIP","floor":18},{"not_picked":["Streamline+1","Leap"],"picked":"Conserve Battery","floor":19},{"not_picked":["Auto Shields","Conserve Battery"],"picked":"Cold Snap","floor":21},{"not_picked":["Ball Lightning","Darkness"],"picked":"Defragment","floor":23},{"not_picked":["Cold Snap","Core Surge"],"picked":"Chill","floor":27},{"not_picked":["Ball Lightning","Rebound","Amplify"],"picked":"SKIP","floor":30},{"not_picked":["Barrage","Darkness"],"picked":"Go for the Eyes","floor":31},{"not_picked":["Thunder Strike","Amplify"],"picked":"Buffer+1","floor":33},{"not_picked":["Redo","Conserve Battery","Turbo+1"],"picked":"SKIP","floor":35},{"not_picked":["Streamline+1","Cold Snap","Hologram"],"picked":"SKIP","floor":36},{"not_picked":["Stack","Scrape+1"],"picked":"Skim","floor":37},{"not_picked":["Gash+1","Rainbow","Stack"],"picked":"SKIP","floor":42},{"not_picked":["Compile Driver+1","Doom and Gloom+1"],"picked":"Loop+1","floor":44},{"not_picked":["Fusion+1","BootSequence+1"],"picked":"Glacier+1","floor":48}],"player_experience":93085,"relics_obtained":[{"floor":9,"key":"Mercury Hourglass"},{"floor":13,"key":"Pen Nib"},{"floor":23,"key":"Frozen Egg 2"},{"floor":26,"key":"Cables"},{"floor":30,"key":"Girya"},{"floor":41,"key":"DataDisk"},{"floor":43,"key":"Letter Opener"}],"event_choices":[{"damage_healed":0,"gold_gain":75,"player_choice":"Gather Gold","damage_taken":11,"max_hp_gain":0,"max_hp_loss":0,"event_name":"World of Goop","floor":2,"gold_loss":0},{"damage_healed":0,"gold_gain":0,"cards_transformed":["Strike_B"],"player_choice":"Transformed","damage_taken":0,"max_hp_gain":0,"max_hp_loss":0,"event_name":"Transmorgrifier","floor":5,"gold_loss":0,"cards_obtained":["Machine Learning"]},{"damage_healed":0,"gold_gain":99,"player_choice":"Stole From Cult","damage_taken":0,"max_hp_gain":0,"max_hp_loss":0,"event_name":"Nest","floor":22,"gold_loss":0},{"damage_healed":0,"gold_gain":0,"player_choice":"Ignored","damage_taken":0,"max_hp_gain":0,"max_hp_loss":0,"event_name":"Vampires","floor":24,"gold_loss":0},{"damage_healed":0,"gold_gain":0,"player_choice":"Max HP","damage_taken":0,"max_hp_gain":0,"max_hp_loss":4,"event_name":"Winding Halls","floor":38,"gold_loss":0}],"is_beta":false,"boss_relics":[{"not_picked":["Inserter","Calling Bell"],"picked":"Sozu"},{"not_picked":["Black Star","Empty Cage"],"picked":"Lizard Tail"}],"items_purged_floors":[3,25],"is_endless":false,"potions_floor_spawned":[1,11,13,16,19,27,31,36,37,44],"ascension_level":6}