{"gold_per_floor":[119,131,151,167,92,119,119,129,129,129,146,146,146,174,174,273,273,283,272,272,289,302,331,350,350,350,350,364,364,381,296,296,296],"floor_reached":33,"playtime":3834,"items_purged":["Strike_G"],"score":281,"play_id":"a7cd6be1-601e-4d5e-8a07-5207a6ce06e9","local_time":"20181122230134","is_ascension_mode":false,"campfire_choices":[{"data":"Malaise","floor":7,"key":"SMITH"},{"floor":10,"key":"REST"},{"floor":12,"key":"REST"},{"floor":15,"key":"REST"},{"floor":25,"key":"REST"},{"floor":29,"key":"REST"},{"floor":32,"key":"REST"}],"neow_cost":"NONE","seed_source_timestamp":780719438212080,"circlet_count":0,"master_deck":["Defend_G","Defend_G","Defend_G","Defend_G+1","Defend_G","Strike_G","Strike_G","Strike_G","Strike_G","Survivor+1","Neutralize","Blade Dance","Deadly Poison","Bouncing Flask","Flying Knee","Malaise+1","Prepared","Backflip","Leg Sweep","Envenom","Backstab","Prepared+1","RitualDagger","All Out Attack","Dodge and Roll+1","Poisoned Stab+1","Bouncing Flask","PiercingWail"],"relics":["Ring of the Serpent","Sundial","Unceasing Top","Torii","Ice Cream","Pantograph","Enchiridion","Vajra"],"potions_floor_usage":[8,14,16,24,28,33,33,33],"damage_taken":[{"damage":0,"enemies":"2 Louse","floor":1,"turns":4},{"damage":2,"enemies":"Small Slimes","floor":2,"turns":4},{"damage":5,"enemies":"Jaw Worm","floor":3,"turns":4},{"damage":10,"enemies":"Looter","floor":4,"turns":3},{"damage":18,"enemies":"3 Sentries","floor":6,"turns":13},{"damage":20,"enemies":"Gremlin Gang","floor":8,"turns":7},{"damage":6,"enemies":"Exordium Thugs","floor":11,"turns":5},{"damage":15,"enemies":"Gremlin Nob","floor":14,"turns":6},{"damage":8,"enemies":"Hexaghost","floor":16,"turns":10},{"damage":0,"enemies":"Chosen","floor":18,"turns":6},{"damage":10,"enemies":"2 Thieves","floor":19,"turns":4},{"damage":13,"enemies":"Sentry and Sphere","floor":21,"turns":5},{"damage":5,"enemies":"Snake Plant","floor":22,"turns":6},{"damage":11,"enemies":"Book of Stabbing","floor":23,"turns":8},{"damage":20,"enemies":"Shelled Parasite and Fungi","floor":24,"turns":9},{"damage":2,"enemies":"Centurion and Healer","floor":28,"turns":6},{"damage":1,"enemies":"Snecko","floor":30,"turns":5},{"damage":81,"enemies":"Collector","floor":33,"turns":6}],"seed_played":"7432811410326592948","potions_obtained":[{"floor":4,"key":"GhostInAJar"},{"floor":6,"key":"Dexterity Potion"},{"floor":8,"key":"Explosive Potion"},{"floor":14,"key":"GhostInAJar"},{"floor":19,"key":"FearPotion"},{"floor":22,"key":"Fire Potion"},{"floor":28,"key":"Energy Potion"},{"floor":30,"key":"Weak Potion"}],"is_trial":false,"path_per_floor":["M","M","M","M","$","E","R","M","T","R","M","R","?","E","R","B",null,"M","M","?","M","M","E","M","R","T","?","M","R","M","?","R","B"],"character_chosen":"THE_SILENT","items_purchased":[],"campfire_rested":6,"item_purchase_floors":[],"current_hp_per_floor":[77,75,70,60,60,42,42,22,22,45,39,62,47,32,55,47,77,77,67,61,48,43,32,12,35,35,19,17,40,39,39,62,0],"gold":296,"neow_bonus":"TEN_PERCENT_HP_BONUS","is_prod":false,"is_daily":false,"chose_seed":false,"campfire_upgraded":1,"win_rate":0.0,"timestamp":1542949294,"path_taken":["M","M","M","M","$","E","R","M","T","R","M","R","?","E","R","BOSS","M","M","?","M","M","E","M","R","T","?","M","R","M","?","R","BOSS"],"build_version":"2018-11-15","purchased_purges":1,"victory":false,"max_hp_per_floor":[77,77,77,77,77,77,77,77,77,77,77,77,77,77,77,77,77,77,77,77,77,77,77,77,77,77,77,77,77,77,77,77,77],"card_choices":[{"not_picked":["Backflip","Dagger Spray"],"picked":"Blade Dance","floor":1},{"not_picked":["Acrobatics","Reflex"],"picked":"Deadly Poison","floor":2},{"not_picked":["Predator","Underhanded Strike"],"picked":"Bouncing Flask","floor":3},{"not_picked":["Dodge and Roll","Quick Slash"],"picked":"Flying Knee","floor":4},{"not_picked":["Noxious Fumes","Caltrops"],"picked":"Malaise","floor":6},{"not_picked":["Calculated Gamble","Heel Hook"],"picked":"Prepared","floor":8},{"not_picked":["Underhanded Strike","Outmaneuver"],"picked":"Backflip","floor":11},{"not_picked":["Deflect","PiercingWail"],"picked":"Leg Sweep","floor":14},{"not_picked":["Tools of the Trade","After Image"],"picked":"Envenom","floor":16},{"not_picked":["Endless Agony","Eviscerate"],"picked":"Backstab","floor":18},{"not_picked":["Masterful Stab","Underhanded Strike"],"picked":"Prepared+1","floor":19},{"not_picked":["Deflect","Endless Agony+1"],"picked":"All Out Attack","floor":21},{"not_picked":["PiercingWail","Eviscerate+1"],"picked":"Dodge and Roll+1","floor":22},{"not_picked":["Noxious Fumes","Deadly Poison"],"picked":"Poisoned Stab+1","floor":23},{"not_picked":["All Out Attack+1","Reflex+1"],"picked":"Bouncing Flask","floor":24},{"not_picked":["Dagger Throw","Poisoned Stab+1"],"picked":"PiercingWail","floor":28},{"not_picked":["Poisoned Stab","PiercingWail","Choke"],"picked":"SKIP","floor":30}],"player_experience":30805,"relics_obtained":[{"floor":6,"key":"Sundial"},{"floor":9,"key":"Unceasing Top"},{"floor":14,"key":"Torii"},{"floor":23,"key":"Ice Cream"},{"floor":26,"key":"Pantograph"},{"floor":27,"key":"Enchiridion"}],"event_choices":[{"damage_healed":0,"gold_gain":0,"player_choice":"Entered Light","damage_taken":15,"max_hp_gain":0,"max_hp_loss":0,"event_name":"Shining Light","floor":13,"gold_loss":0,"cards_upgraded":["Survivor","Defend_G"]},{"damage_healed":0,"gold_gain":0,"player_choice":"Joined the Cult","damage_taken":6,"max_hp_gain":0,"max_hp_loss":0,"event_name":"Nest","floor":20,"gold_loss":0,"cards_obtained":["RitualDagger"]},{"damage_healed":0,"gold_gain":0,"player_choice":"Obtained Book","damage_taken":16,"max_hp_gain":0,"max_hp_loss":0,"event_name":"Cursed Tome","floor":27,"gold_loss":0},{"damage_healed":0,"gold_gain":0,"player_choice":"Obtained Relic","damage_taken":0,"relics_obtained":["Vajra"],"max_hp_gain":0,"max_hp_loss":0,"event_name":"Addict","floor":31,"gold_loss":85}],"is_beta":false,"boss_relics":[{"not_picked":["Snecko Eye","Cursed Key"],"picked":"Ring of the Serpent"}],"items_purged_floors":[5],"is_endless":false,"potions_floor_spawned":[4,6,8,14,19,22,28,30],"killed_by":"Collector","ascension_level":0}