{"gold_per_floor":[116,116,130,144,164,164,174,174,198,214,214,289,352,366,366,463,463,479,301,301,315,315,340,340,240,266,18,30,48,66,76,76,176,176,191,191,191,42,42,42,53,53,78,92,125,139,151,0,0,0],"floor_reached":51,"playtime":6506,"items_purged":["Strike_R","Anger","Strike_R"],"score":666,"play_id":"87cd99d1-6293-4d7d-8dab-7992942a76f4","local_time":"20181124232122","is_ascension_mode":false,"campfire_choices":[{"data":"Bash","floor":6,"key":"SMITH"},{"data":"Pommel Strike","floor":11,"key":"SMITH"},{"data":"Flex","floor":15,"key":"SMITH"},{"data":"Shrug It Off","floor":24,"key":"SMITH"},{"data":"Shrug It Off","floor":32,"key":"SMITH"},{"data":"Double Tap","floor":40,"key":"SMITH"},{"data":"Juggernaut","floor":42,"key":"SMITH"},{"data":"Battle Trance","floor":49,"key":"SMITH"}],"neow_cost":"NONE","seed_source_timestamp":952013039859891,"circlet_count":0,"master_deck":["Strike_R","Strike_R","Strike_R","Defend_R+1","Defend_R","Defend_R","Defend_R+1","Bash+1","Pommel Strike+1","Battle Trance+1","Shrug It Off+1","Flex+1","Double Tap+1","Body Slam+1","Body Slam+1","Shrug It Off+1","Body Slam+1","True Grit+1","Armaments+1","True Grit+1","Juggernaut+1","Warcry+1","Shrug It Off+1","Warcry+1","Warcry+1","Double Tap+1"],"relics":["Burning Blood","War Paint","Red Skull","Molten Egg 2","Oddly Smooth Stone","Bottled Flame","Black Star","Enchiridion","Lantern","Juzu Bracelet","Happy Flower","Toxic Egg 2","Sozu","Bag of Preparation","Bag of Marbles","Mango","Thread and Needle","Red Mask"],"potions_floor_usage":[13,14,16,23,23,33,33,45],"damage_taken":[{"damage":2,"enemies":"Small Slimes","floor":1,"turns":4},{"damage":6,"enemies":"Jaw Worm","floor":3,"turns":3},{"damage":0,"enemies":"2 Louse","floor":4,"turns":3},{"damage":4,"enemies":"Exordium Wildlife","floor":5,"turns":4},{"damage":6,"enemies":"2 Fungi Beasts","floor":7,"turns":5},{"damage":4,"enemies":"Gremlin Gang","floor":10,"turns":4},{"damage":18,"enemies":"Lagavulin Event","floor":13,"turns":5},{"damage":0,"enemies":"Blue Slaver","floor":14,"turns":3},{"damage":31,"enemies":"The Guardian","floor":16,"turns":8},{"damage":14,"enemies":"Shell Parasite","floor":18,"turns":6},{"damage":0,"enemies":"Chosen","floor":21,"turns":3},{"damage":0,"enemies":"Slavers","floor":23,"turns":4},{"damage":1,"enemies":"Shelled Parasite and Fungi","floor":28,"turns":3},{"damage":19,"enemies":"Snecko","floor":29,"turns":7},{"damage":0,"enemies":"Snake Plant","floor":30,"turns":3},{"damage":1,"enemies":"Chosen and Byrds","floor":31,"turns":5},{"damage":67,"enemies":"Champ","floor":33,"turns":10},{"damage":0,"enemies":"Orb Walker","floor":35,"turns":1},{"damage":0,"enemies":"3 Shapes","floor":41,"turns":4},{"damage":0,"enemies":"Jaw Worm Horde","floor":44,"turns":4},{"damage":30,"enemies":"Reptomancer","floor":45,"turns":4},{"damage":0,"enemies":"4 Shapes","floor":46,"turns":2},{"damage":0,"enemies":"Spire Growth","floor":47,"turns":2},{"damage":13,"enemies":"Time Eater","floor":50,"turns":9}],"seed_played":"1991013515519039999","potions_obtained":[{"floor":1,"key":"Weak Potion"},{"floor":4,"key":"Ancient Potion"},{"floor":7,"key":"Explosive Potion"},{"floor":13,"key":"Fire Potion"},{"floor":14,"key":"Energy Potion"},{"floor":18,"key":"SpeedPotion"},{"floor":28,"key":"FearPotion"},{"floor":33,"key":"SpeedPotion"}],"is_trial":false,"path_per_floor":["M","?","M","M","M","R","M","T","T","M","R","?","?","M","R","B",null,"M","$","?","M","?","E","R","$","T","$","M","M","M","M","R","B",null,"M","?","?","$","?","R","M","R","T","M","E","M","M","?","R","B",null],"character_chosen":"IRONCLAD","items_purchased":["Body Slam+1","Shrug It Off","Toxic Egg 2","Shrug It Off+1"],"campfire_rested":0,"item_purchase_floors":[19,19,27,38],"current_hp_per_floor":[80,73,73,79,80,80,80,80,80,80,80,69,57,63,63,38,80,72,72,56,62,62,68,68,68,68,68,73,60,66,71,71,10,80,80,80,80,80,80,80,80,80,80,80,70,76,82,82,82,75],"gold":0,"neow_bonus":"RANDOM_COMMON_RELIC","is_prod":false,"is_daily":false,"chose_seed":false,"campfire_upgraded":8,"win_rate":0.0,"timestamp":1543123282,"path_taken":["M","?","M","M","M","R","M","?","T","M","R","?","?","M","R","BOSS","M","$","?","M","?","E","R","?","T","$","M","M","M","M","R","BOSS","M","?","?","$","?","R","M","R","T","M","E","M","M","?","R","BOSS"],"build_version":"2018-11-15","purchased_purges":3,"victory":true,"max_hp_per_floor":[80,80,80,80,80,80,80,80,80,80,80,80,80,80,80,80,80,80,80,80,80,80,80,80,80,80,80,80,80,80,80,80,80,80,80,80,80,80,80,80,80,80,80,80,94,94,94,94,94,94],"card_choices":[{"not_picked":["Feel No Pain","Heavy Blade","Perfected Strike"],"picked":"SKIP","floor":1},{"not_picked":["Corruption","Armaments"],"picked":"Pommel Strike","floor":3},{"not_picked":["Entrench","Wild Strike"],"picked":"Battle Trance","floor":4},{"not_picked":["Flame Barrier","Wild Strike"],"picked":"Shrug It Off","floor":5},{"not_picked":["True Grit","Cleave"],"picked":"Anger","floor":7},{"not_picked":["Sword Boomerang+1","Flame Barrier","Clothesline+1"],"picked":"SKIP","floor":10},{"not_picked":["Rage","Warcry"],"picked":"Flex","floor":13},{"not_picked":["Disarm","Wild Strike+1","True Grit"],"picked":"SKIP","floor":14},{"not_picked":["Fiend Fire+1","Dark Embrace"],"picked":"Double Tap","floor":16},{"not_picked":["True Grit","Evolve"],"picked":"Body Slam+1","floor":18},{"not_picked":["Bloodletting","Corruption"],"picked":"Body Slam+1","floor":21},{"not_picked":["Offering","Flex"],"picked":"True Grit+1","floor":23},{"not_picked":["Body Slam+1","Clash+1"],"picked":"Armaments+1","floor":28},{"not_picked":["Clash+1","Sever Soul+1"],"picked":"True Grit+1","floor":29},{"not_picked":["Wild Strike+1","Perfected Strike+1"],"picked":"Evolve+1","floor":30},{"not_picked":["Fire Breathing","Cleave+1","Twin Strike+1"],"picked":"SKIP","floor":31},{"not_picked":["Berserk","Immolate+1"],"picked":"Juggernaut","floor":33},{"not_picked":["Cleave+1","Inflame"],"picked":"Warcry+1","floor":35},{"not_picked":["Clothesline+1","Perfected Strike+1","Flex+1"],"picked":"SKIP","floor":41},{"not_picked":["Whirlwind+1","Thunderclap+1"],"picked":"Warcry+1","floor":44},{"not_picked":["Pommel Strike+1","Flex+1","Spot Weakness+1"],"picked":"SKIP","floor":45},{"not_picked":["Wild Strike+1","Heavy Blade+1"],"picked":"Warcry+1","floor":46},{"not_picked":["Wild Strike+1","Heavy Blade+1"],"picked":"Double Tap+1","floor":47}],"player_experience":77997,"relics_obtained":[{"floor":8,"key":"Molten Egg 2"},{"floor":9,"key":"Oddly Smooth Stone"},{"floor":13,"key":"Bottled Flame"},{"floor":20,"key":"Enchiridion"},{"floor":23,"key":"Lantern"},{"floor":23,"key":"Juzu Bracelet"},{"floor":26,"key":"Happy Flower"},{"floor":43,"key":"Bag of Marbles"},{"floor":45,"key":"Mango"},{"floor":45,"key":"Thread and Needle"}],"event_choices":[{"damage_healed":0,"gold_gain":0,"player_choice":"Success","damage_taken":7,"relics_obtained":["Red Skull"],"max_hp_gain":0,"max_hp_loss":0,"event_name":"Scrap Ooze","floor":2,"gold_loss":0},{"damage_healed":0,"gold_gain":75,"player_choice":"Gather Gold","damage_taken":11,"max_hp_gain":0,"max_hp_loss":0,"event_name":"World of Goop","floor":12,"gold_loss":0},{"damage_healed":0,"gold_gain":30,"player_choice":"Searched \u00272\u0027 times","damage_taken":0,"max_hp_gain":0,"max_hp_loss":0,"event_name":"Dead Adventurer","floor":13,"gold_loss":0},{"damage_healed":0,"gold_gain":0,"player_choice":"Obtained Book","damage_taken":16,"max_hp_gain":0,"max_hp_loss":0,"event_name":"Cursed Tome","floor":20,"gold_loss":0},{"damage_healed":0,"gold_gain":0,"player_choice":"Ignored","damage_taken":0,"max_hp_gain":0,"max_hp_loss":0,"event_name":"The Mausoleum","floor":22,"gold_loss":0},{"cards_removed":["Evolve"],"damage_healed":0,"gold_gain":0,"player_choice":"Gave Card","damage_taken":0,"relics_obtained":["Bag of Preparation"],"max_hp_gain":0,"max_hp_loss":0,"event_name":"WeMeetAgain","floor":36,"gold_loss":0},{"damage_healed":0,"gold_gain":0,"player_choice":"Ignored","damage_taken":0,"max_hp_gain":0,"max_hp_loss":0,"event_name":"Mysterious Sphere","floor":37,"gold_loss":0},{"damage_healed":0,"gold_gain":0,"player_choice":"0 cards matched","damage_taken":0,"max_hp_gain":0,"max_hp_loss":0,"event_name":"Match and Keep!","floor":39,"gold_loss":0,"cards_obtained":[]},{"damage_healed":0,"gold_gain":0,"player_choice":"Paid","damage_taken":0,"relics_obtained":["Red Mask"],"max_hp_gain":0,"max_hp_loss":0,"event_name":"Tomb of Lord Red Mask","floor":48,"gold_loss":151}],"is_beta":false,"boss_relics":[{"not_picked":["Lizard Tail","Busted Crown"],"picked":"Black Star"},{"not_picked":["Orrery","Black Blood"],"picked":"Sozu"}],"items_purged_floors":[19,25,38],"is_endless":false,"potions_floor_spawned":[1,4,7,13,14,18,28,33,41,47],"ascension_level":0}