{"gold_per_floor":[111,124,141,161,173,201,201,213,213,213,229,229,246,246,246,317,317,333,333],"floor_reached":19,"playtime":1130,"items_purged":[],"score":311,"play_id":"b8dc71c6-12d1-4fc0-a012-2ab8217999d6","local_time":"20190616130427","is_ascension_mode":true,"campfire_choices":[{"floor":7,"key":"REST"},{"floor":10,"key":"REST"},{"data":"Dagger Spray","floor":12,"key":"SMITH"},{"data":"Neutralize","floor":15,"key":"SMITH"}],"neow_cost":"NONE","seed_source_timestamp":86903393332217,"circlet_count":0,"master_deck":["AscendersBane","Defend_G","Defend_G","Defend_G","Defend_G","Defend_G","Strike_G","Strike_G","Strike_G","Strike_G","Strike_G","Survivor","Neutralize+1","Bane","Dash","Dagger Throw","PiercingWail","Infinite Blades","Noxious Fumes","Dagger Spray+1","Backflip","Wraith Form v2","Bane"],"relics":["Ring of the Snake","Potion Belt","Bag of Preparation","FossilizedHelix","WristBlade"],"potions_floor_usage":[6,16,18],"damage_taken":[{"damage":0,"enemies":"Cultist","floor":1,"turns":4},{"damage":1,"enemies":"2 Louse","floor":2,"turns":4},{"damage":0,"enemies":"Small Slimes","floor":3,"turns":3},{"damage":8,"enemies":"3 Louse","floor":4,"turns":4},{"damage":3,"enemies":"Exordium Wildlife","floor":5,"turns":6},{"damage":46,"enemies":"Gremlin Nob","floor":6,"turns":6},{"damage":1,"enemies":"Looter","floor":8,"turns":4},{"damage":0,"enemies":"3 Louse","floor":11,"turns":5},{"damage":3,"enemies":"Gremlin Gang","floor":13,"turns":4},{"damage":22,"enemies":"Slime Boss","floor":16,"turns":14},{"damage":16,"enemies":"3 Byrds","floor":18,"turns":6},{"damage":1,"enemies":"Shell Parasite","floor":19,"turns":4}],"seed_played":"-6237755850419774133","potions_obtained":[{"floor":5,"key":"SpeedPotion"},{"floor":11,"key":"Poison Potion"},{"floor":16,"key":"Block Potion"}],"is_trial":false,"path_per_floor":["M","M","M","M","M","E","R","M","T","R","M","R","M","?","R","B",null,"M","M"],"character_chosen":"THE_SILENT","items_purchased":[],"campfire_rested":2,"item_purchase_floors":[],"current_hp_per_floor":[59,58,58,50,47,1,20,19,19,38,38,38,35,35,35,13,53,37,36],"gold":333,"neow_bonus":"RANDOM_COMMON_RELIC","is_prod":false,"is_daily":false,"chose_seed":false,"campfire_upgraded":2,"win_rate":0,"timestamp":1560708267,"path_taken":["M","M","M","M","?","E","R","M","T","R","M","R","M","?","R","BOSS","M","M"],"build_version":"2019-01-23","purchased_purges":0,"victory":false,"max_hp_per_floor":[66,66,66,66,66,66,66,66,66,66,66,66,66,66,66,66,66,66,66],"card_choices":[{"not_picked":["Deflect","Tactician"],"picked":"Bane","floor":1},{"not_picked":["Underhanded Strike","Accuracy"],"picked":"Dash","floor":2},{"not_picked":["Deflect","Masterful Stab"],"picked":"Dagger Throw","floor":3},{"not_picked":["Bane","Blade Dance"],"picked":"PiercingWail","floor":4},{"not_picked":["Calculated Gamble","Finisher"],"picked":"Infinite Blades","floor":5},{"not_picked":["All Out Attack","Corpse Explosion"],"picked":"Noxious Fumes","floor":6},{"not_picked":["Tactician","Sucker Punch","Deflect"],"picked":"SKIP","floor":8},{"not_picked":["Dodge and Roll","Eviscerate"],"picked":"Dagger Spray","floor":11},{"not_picked":["Dagger Spray","Deflect"],"picked":"Backflip","floor":13},{"not_picked":["Phantasmal Killer","A Thousand Cuts"],"picked":"Wraith Form v2","floor":16},{"not_picked":["Setup","PiercingWail"],"picked":"Bane","floor":18}],"player_experience":581819,"relics_obtained":[{"floor":6,"key":"Bag of Preparation"},{"floor":9,"key":"FossilizedHelix"}],"event_choices":[{"damage_healed":0,"gold_gain":0,"player_choice":"Ignored","damage_taken":0,"max_hp_gain":0,"max_hp_loss":0,"event_name":"Shining Light","floor":14,"gold_loss":0}],"is_beta":false,"boss_relics":[{"not_picked":["Astrolabe","Runic Dome"],"picked":"WristBlade"}],"items_purged_floors":[],"is_endless":false,"potions_floor_spawned":[5,11,16],"killed_by":"Shell Parasite","ascension_level":16}