{"gold_per_floor":[113,113,133,133,133,133,150,167,167,167,199,215,250,263,263,362,362,362,362,362,362,362,362,362,362,362,362,362,312,312,312,312,312,312,312,312,0,0,0,0,0,0,0,0,0,0,0,0,0,0],"floor_reached":51,"playtime":3486,"items_purged":["Defend_R"],"score":754,"play_id":"2a0b78c5-9ec9-4937-9950-d51fd68806a3","local_time":"20190127205700","is_ascension_mode":true,"campfire_choices":[{"data":"Armaments","floor":6.0,"key":"SMITH"},{"floor":10.0,"key":"REST"},{"data":"Bash","floor":15,"key":"SMITH"},{"data":"Demon Form","floor":23,"key":"SMITH"},{"data":"Limit Break","floor":25,"key":"SMITH"},{"floor":32,"key":"REST"},{"data":"Corruption","floor":40,"key":"SMITH"},{"floor":42,"key":"REST"},{"data":"Feel No Pain","floor":47,"key":"SMITH"},{"floor":49,"key":"REST"}],"neow_cost":"PERCENT_DAMAGE","seed_source_timestamp":0,"circlet_count":0,"master_deck":["Strike_R+1","Strike_R+1","Strike_R+1","Defend_R+1","Defend_R+1","Defend_R+1","Bash+1","Limit Break+1","Twin Strike+1","Clothesline+1","Shrug It Off+1","Iron Wave+1","Demon Form+1","Shrug It Off+1","Cleave+1","True Grit+1","Iron Wave+1","Headbutt+1","Thunderclap+1","Flame Barrier+1","Corruption+1","Pummel+1","Shrug It Off+1","Battle Trance+1","True Grit+1","Reaper+1","Pommel Strike+1","Feel No Pain+1","Warcry+1"],"special_seed":0,"relics":["Burning Blood","Pocketwatch","Molten Egg 2","Toxic Egg 2","Smiling Mask","Pear","Ectoplasm","Bottled Flame","Whetstone","Empty Cage","Anchor","Omamori","Paper Frog"],"potions_floor_usage":[20,31,50,50,50],"damage_taken":[{"damage":0.0,"enemies":"2 Louse","floor":1.0,"turns":3.0},{"damage":1.0,"enemies":"Cultist","floor":3.0,"turns":3.0},{"damage":2.0,"enemies":"Jaw Worm","floor":7.0,"turns":4.0},{"damage":12.0,"enemies":"Looter","floor":8.0,"turns":3.0},{"damage":27.0,"enemies":"3 Sentries","floor":11.0,"turns":9.0},{"damage":0.0,"enemies":"Gremlin Gang","floor":12.0,"turns":5.0},{"damage":2.0,"enemies":"Lagavulin","floor":13.0,"turns":8.0},{"damage":1,"enemies":"Blue Slaver","floor":14,"turns":4},{"damage":8,"enemies":"The Guardian","floor":16,"turns":14},{"damage":3,"enemies":"Spheric Guardian","floor":18,"turns":6},{"damage":0,"enemies":"Chosen","floor":19,"turns":4},{"damage":3,"enemies":"Snecko","floor":20,"turns":5},{"damage":10,"enemies":"3 Cultists","floor":22,"turns":5},{"damage":18,"enemies":"Shelled Parasite and Fungi","floor":27,"turns":5},{"damage":13,"enemies":"Snake Plant","floor":28,"turns":4},{"damage":30,"enemies":"Slavers","floor":31,"turns":5},{"damage":16,"enemies":"Champ","floor":33,"turns":8},{"damage":9,"enemies":"3 Shapes","floor":35,"turns":6},{"damage":15,"enemies":"Orb Walker","floor":36,"turns":3},{"damage":25,"enemies":"Writhing Mass","floor":38,"turns":5},{"damage":0,"enemies":"Maw","floor":39,"turns":7},{"damage":31,"enemies":"Giant Head","floor":41,"turns":9},{"damage":21,"enemies":"Sphere and 2 Shapes","floor":45,"turns":5},{"damage":11,"enemies":"4 Shapes","floor":46,"turns":9},{"damage":6,"enemies":"3 Darklings","floor":48,"turns":5},{"damage":75,"enemies":"Awakened One","floor":50,"turns":10}],"seed_played":"-7092056135890802136","potions_obtained":[{"floor":3.0,"key":"EntropicBrew"},{"floor":5.0,"key":"EntropicBrew"},{"floor":5.0,"key":"LiquidBronze"},{"floor":12.0,"key":"Poison Potion"},{"floor":13,"key":"Energy Potion"},{"floor":19,"key":"Ancient Potion"},{"floor":31,"key":"LiquidBronze"},{"floor":33,"key":"Explosive Potion"},{"floor":38,"key":"SteroidPotion"},{"floor":39,"key":"Strength Potion"}],"is_trial":false,"path_per_floor":["M","?","M","?","?","R","M","M","T","R","E","M","E","M","R","B",null,"M","M","M","?","M","R","?","R","T","M","M","$","?","E","R","B",null,"M","M","$","M","M","R","E","R","T","?","M","M","R","M","R","B",null],"character_chosen":"IRONCLAD","items_purchased":["Corruption","Pummel+1","Shrug It Off+1","Anchor"],"campfire_rested":4,"item_purchase_floors":[37,37,37,37],"current_hp_per_floor":[62,62,67,55,55,55,59,53,53,77,56,62,76,81,81,79,90,90,90,90,90,86,86,77,77,77,65,58,58,58,34,61,51,90,87,78,78,59,65,65,40,67,67,67,65,90,90,90,90,21],"gold":0,"neow_bonus":"ONE_RARE_RELIC","is_prod":false,"is_daily":false,"chose_seed":false,"campfire_upgraded":6,"win_rate":0,"timestamp":1548644220,"path_taken":["M","?","?","?","?","R","M","M","T","R","E","M","E","M","R","BOSS","M","?","?","?","?","R","?","R","T","?","M","$","?","E","R","BOSS","M","M","$","M","M","R","E","R","T","?","M","M","R","?","R","BOSS"],"build_version":"2019-01-23","purchased_purges":1,"victory":true,"max_hp_per_floor":[80,80,80,80,80,80,80,80,80,80,80,80,90,90,90,90,90,90,90,90,90,90,90,90,90,90,90,90,90,90,90,90,90,90,90,90,90,90,90,90,90,90,90,90,90,90,90,90,90,90],"card_choices":[{"not_picked":["Wild Strike","Flex"],"picked":"Armaments","floor":1.0},{"not_picked":["Twin Strike","Clash"],"picked":"Limit Break","floor":3.0},{"not_picked":["Flex","Iron Wave+1"],"picked":"Twin Strike+1","floor":7.0},{"not_picked":["Havoc","Headbutt+1"],"picked":"Clothesline+1","floor":8.0},{"not_picked":["Dropkick+1","Reckless Charge+1","Clothesline+1"],"picked":"SKIP","floor":11.0},{"not_picked":["Entrench+1","Reckless Charge+1"],"picked":"Shrug It Off+1","floor":12.0},{"not_picked":["Sever Soul+1","Barricade"],"picked":"Iron Wave+1","floor":13},{"not_picked":["Flame Barrier+1","Twin Strike+1"],"picked":"Dual Wield+1","floor":14},{"not_picked":["Juggernaut","Feed+1"],"picked":"Demon Form","floor":16},{"not_picked":["Twin Strike+1","Rage+1"],"picked":"Shrug It Off+1","floor":18},{"not_picked":["Power Through+1","Rage+1","Hemokinesis+1"],"picked":"SKIP","floor":19},{"not_picked":["Clothesline+1","Hemokinesis+1"],"picked":"Cleave+1","floor":20},{"not_picked":["Thunderclap+1","Evolve"],"picked":"True Grit+1","floor":22},{"not_picked":["Ghostly Armor+1","Armaments+1"],"picked":"Iron Wave+1","floor":27},{"not_picked":["Rupture","Bloodletting+1"],"picked":"Headbutt+1","floor":28},{"not_picked":["Searing Blow+1","Body Slam+1"],"picked":"Thunderclap+1","floor":31},{"not_picked":["Headbutt+1","Flex+1","Warcry+1"],"picked":"SKIP","floor":35},{"not_picked":["Perfected Strike+1","Uppercut+1"],"picked":"Flame Barrier+1","floor":36},{"not_picked":["Clash+1","Sword Boomerang+1"],"picked":"Battle Trance+1","floor":38},{"not_picked":["Wild Strike+1","Carnage+1"],"picked":"True Grit+1","floor":39},{"not_picked":["Havoc+1","Reckless Charge+1"],"picked":"Reaper+1","floor":41},{"not_picked":["Iron Wave+1","Thunderclap+1"],"picked":"Pommel Strike+1","floor":45},{"not_picked":["True Grit+1","Rampage+1"],"picked":"Feel No Pain","floor":46},{"not_picked":["True Grit+1","Anger+1"],"picked":"Warcry+1","floor":48}],"player_experience":47328,"relics_obtained":[{"floor":9.0,"key":"Toxic Egg 2"},{"floor":11.0,"key":"Smiling Mask"},{"floor":13,"key":"Pear"},{"floor":26,"key":"Bottled Flame"},{"floor":31,"key":"Whetstone"},{"floor":41,"key":"Omamori"},{"floor":43,"key":"Paper Frog"}],"event_choices":[{"damage_healed":0.0,"max_hp_gain":0.0,"max_hp_loss":0.0,"gold_gain":0.0,"event_name":"The Woman in Blue","player_choice":"Bought 0 Potions","floor":2.0,"gold_loss":0.0,"damage_taken":0.0},{"damage_healed":0.0,"max_hp_gain":0.0,"max_hp_loss":0.0,"gold_gain":0.0,"event_name":"Scrap Ooze","player_choice":"Success","floor":4.0,"gold_loss":0.0,"damage_taken":12.0,"relics_obtained":["Molten Egg 2"]},{"damage_healed":0.0,"max_hp_gain":0.0,"max_hp_loss":0.0,"gold_gain":0.0,"event_name":"Lab","player_choice":"Got Potions","floor":5.0,"gold_loss":0.0,"damage_taken":0.0},{"cards_removed":["Strike_R"],"damage_healed":0,"gold_gain":0,"player_choice":"Offered Basic","damage_taken":0,"max_hp_gain":0,"max_hp_loss":0,"event_name":"Bonfire Elementals","floor":21,"gold_loss":0},{"damage_healed":0,"gold_gain":75,"player_choice":"Touch","damage_taken":9,"max_hp_gain":0,"max_hp_loss":0,"event_name":"FaceTrader","floor":24,"gold_loss":0},{"damage_healed":0,"gold_gain":0,"player_choice":"Simplicity","damage_taken":0,"max_hp_gain":0,"max_hp_loss":0,"event_name":"Back to Basics","floor":30,"gold_loss":0,"cards_upgraded":["Strike_R","Strike_R","Strike_R","Strike_R","Defend_R","Defend_R","Defend_R"]},{"cards_removed":["Strike_R"],"damage_healed":0,"gold_gain":0,"player_choice":"Card Removal","damage_taken":0,"max_hp_gain":0,"max_hp_loss":0,"event_name":"Wheel of Change","floor":44,"gold_loss":0}],"is_beta":false,"boss_relics":[{"not_picked":["Mark of Pain","White Beast Statue"],"picked":"Ectoplasm"},{"not_picked":["Lizard Tail","Calling Bell"],"picked":"Empty Cage"}],"items_purged_floors":[29],"is_endless":false,"potions_floor_spawned":[3,8,12,13,16,19,31,33,38,39,41],"ascension_level":2}