{"gold_per_floor":[112,112,41,52,6,33,33,61,150,172,184,196,229,97,97,97],"floor_reached":16,"playtime":1013,"items_purged":["Defend_G"],"score":108,"play_id":"45e1ffae-c562-4b2c-9a7e-7f7fbcb304a3","local_time":"20181127170115","is_ascension_mode":false,"campfire_choices":[{"data":"Footwork","floor":7,"key":"SMITH"},{"data":"Footwork","floor":15,"key":"SMITH"}],"neow_cost":"NONE","seed_source_timestamp":1193922673914142,"circlet_count":0,"master_deck":["Defend_G","Defend_G","Defend_G","Defend_G","Strike_G","Strike_G","Strike_G","Strike_G","Survivor","Neutralize+1","Caltrops","Footwork+1","PiercingWail","Slice","Die Die Die","Backflip","Footwork+1"],"relics":["Ring of the Snake","Bag of Preparation","MawBank","Golden Idol"],"potions_floor_usage":[6,6,16],"damage_taken":[{"damage":1,"enemies":"Cultist","floor":1,"turns":5},{"damage":1,"enemies":"Jaw Worm","floor":4,"turns":5},{"damage":6,"enemies":"3 Sentries","floor":6,"turns":9},{"damage":7,"enemies":"Lagavulin","floor":8,"turns":12},{"damage":0,"enemies":"Small Slimes","floor":10,"turns":3},{"damage":2,"enemies":"Exordium Thugs","floor":13,"turns":5},{"damage":49,"enemies":"Slime Boss","floor":16,"turns":14}],"seed_played":"-1256665188104266900","potions_obtained":[{"floor":1,"key":"AttackPotion"},{"floor":4,"key":"PowerPotion"},{"floor":8,"key":"Dexterity Potion"},{"floor":10,"key":"Poison Potion"}],"is_trial":false,"path_per_floor":["M","?","$","M","$","E","R","E","T","M","?","$","M","$","R","B"],"character_chosen":"THE_SILENT","items_purchased":["Footwork","Slice","Footwork"],"campfire_rested":0,"item_purchase_floors":[3,5,14],"current_hp_per_floor":[69,62,62,61,61,55,55,48,48,48,48,48,46,46,46,0],"gold":97,"neow_bonus":"UPGRADE_CARD","is_prod":false,"is_daily":false,"chose_seed":false,"campfire_upgraded":2,"win_rate":0,"timestamp":1543359675,"path_taken":["M","?","?","M","$","E","R","E","T","?","?","?","M","$","R","BOSS"],"build_version":"2018-11-15","purchased_purges":1,"victory":false,"max_hp_per_floor":[70,70,70,70,70,70,70,70,70,70,65,65,65,65,65,65],"card_choices":[{"not_picked":["Quick Slash","Poisoned Stab"],"picked":"Caltrops","floor":1},{"not_picked":["Bane","All Out Attack"],"picked":"PiercingWail","floor":4},{"not_picked":["Eviscerate","PiercingWail","Choke"],"picked":"SKIP","floor":6},{"not_picked":["Terror","Endless Agony"],"picked":"Die Die Die","floor":8},{"not_picked":["Outmaneuver","Expertise"],"picked":"Backflip","floor":10},{"not_picked":["Underhanded Strike","Bane","Riddle With Holes"],"picked":"SKIP","floor":13}],"player_experience":134392,"relics_obtained":[{"floor":6,"key":"Bag of Preparation"},{"floor":8,"key":"MawBank"}],"event_choices":[{"cards_removed":["Strike_G"],"damage_healed":0,"gold_gain":0,"player_choice":"Card Removal","damage_taken":7,"max_hp_gain":0,"max_hp_loss":0,"event_name":"Golden Wing","floor":2,"gold_loss":0},{"damage_healed":0,"gold_gain":0,"player_choice":"Lose Max HP","damage_taken":0,"relics_obtained":["Golden Idol"],"max_hp_gain":0,"max_hp_loss":5,"event_name":"Golden Idol","floor":11,"gold_loss":0}],"is_beta":false,"boss_relics":[],"items_purged_floors":[14],"is_endless":false,"potions_floor_spawned":[1,4,8,10],"killed_by":"Slime Boss","ascension_level":0}