{"gold_per_floor":[117,117,117,142,161,161,204,204,229,254,254,269,269,269,269,388,388,408,408,87,100,100,100,134,147,147,161,86,86,149,170,170,293,293,314,314,339,239,262,295,256,297,350,120,144,169,169,183,183,183,183,183,58,102,102],"floor_reached":56,"playtime":6895,"items_purged":["Defend_G","Grand Finale","Phantasmal Killer+1"],"score":1480,"play_id":"2f0d3932-efd8-48af-9714-a9c6e8d7ac65","local_time":"20181215153013","is_ascension_mode":true,"campfire_choices":[{"data":"Neutralize","floor":6,"key":"SMITH"},{"data":"Backflip","floor":8,"key":"SMITH"},{"data":"Noxious Fumes","floor":11,"key":"SMITH"},{"data":"Backflip","floor":13,"key":"SMITH"},{"data":"Deadly Poison","floor":15,"key":"SMITH"},{"data":"Wraith Form v2","floor":23,"key":"SMITH"},{"floor":32,"key":"RECALL"},{"data":"Wraith Form v2","floor":47,"key":"SMITH"},{"data":"Leg Sweep","floor":49,"key":"SMITH"},{"data":"Acrobatics","floor":52,"key":"SMITH"}],"neow_cost":"NONE","seed_source_timestamp":295479783519653,"circlet_count":0,"master_deck":["Survivor","Neutralize+1","Riddle With Holes","Backflip+1","Noxious Fumes+1","Leg Sweep+1","Deadly Poison+1","Backflip+1","Wraith Form v2+1","Dagger Spray+1","Acrobatics+1","Backstab","Quick Slash+1","Crippling Poison+1","After Image","Wraith Form v2+1","All Out Attack","Noxious Fumes","Backflip+1","Endless Agony","Backflip+1","Quick Slash+1","Prepared+1","Dash+1","Noxious Fumes","Noxious Fumes","Noxious Fumes","Skewer+1","PiercingWail+1"],"relics":["Philosopher\u0027s Stone","Golden Idol","FaceOfCleric","Anchor","Bronze Scales","Sozu","Paper Crane","MutagenicStrength","Ninja Scroll","Toxic Egg 2","Tiny Chest","Pandora\u0027s Box","StoneCalendar","Bottled Flame","ClockworkSouvenir","Boot","Dodecahedron"],"potions_floor_usage":[55,55,55],"damage_taken":[{"damage":5,"enemies":"Small Slimes","floor":1,"turns":5},{"damage":0,"enemies":"Cultist","floor":4,"turns":3},{"damage":6,"enemies":"2 Louse","floor":5,"turns":3},{"damage":26,"enemies":"Gremlin Nob","floor":7,"turns":5},{"damage":0,"enemies":"2 Fungi Beasts","floor":10,"turns":3},{"damage":0,"enemies":"Looter","floor":12,"turns":3},{"damage":21,"enemies":"Hexaghost","floor":16,"turns":8},{"damage":0,"enemies":"3 Byrds","floor":18,"turns":4},{"damage":0,"enemies":"Shell Parasite","floor":21,"turns":5},{"damage":4,"enemies":"Gremlin Leader","floor":24,"turns":5},{"damage":0,"enemies":"Centurion and Healer","floor":25,"turns":4},{"damage":1,"enemies":"Shelled Parasite and Fungi","floor":27,"turns":4},{"damage":0,"enemies":"Slavers","floor":30,"turns":3},{"damage":0,"enemies":"3 Cultists","floor":31,"turns":2},{"damage":25,"enemies":"Champ","floor":33,"turns":13},{"damage":0,"enemies":"3 Darklings","floor":35,"turns":2},{"damage":0,"enemies":"3 Shapes","floor":37,"turns":3},{"damage":0,"enemies":"Spire Growth","floor":39,"turns":4},{"damage":0,"enemies":"Nemesis","floor":40,"turns":7},{"damage":0,"enemies":"Reptomancer","floor":42,"turns":6},{"damage":2,"enemies":"Jaw Worm Horde","floor":45,"turns":3},{"damage":0,"enemies":"Sphere and 2 Shapes","floor":48,"turns":3},{"damage":26,"enemies":"Time Eater","floor":50,"turns":10},{"damage":0,"enemies":"Shield and Spear","floor":54,"turns":6},{"damage":49,"enemies":"The Heart","floor":55,"turns":10}],"seed_played":"816784710244581642","potions_obtained":[{"floor":1,"key":"PowerPotion"},{"floor":4,"key":"Fire Potion"},{"floor":16,"key":"Weak Potion"}],"is_trial":false,"path_per_floor":["M","?","?","M","M","R","E","R","T","M","R","M","R","?","R","B",null,"M","?","$","M","?","R","E","M","T","M","?","?","E","M","R","B",null,"M","?","M","$","M","E","$","E","T","$","M","T","R","M","R","B",null,"R","$","E","B",null],"character_chosen":"THE_SILENT","items_purchased":["Paper Crane","Noxious Fumes","ClockworkSouvenir","Noxious Fumes"],"campfire_rested":0,"item_purchase_floors":[20,41,44,44],"current_hp_per_floor":[65,65,65,66,61,61,36,36,36,37,37,38,38,61,61,41,71,72,72,72,73,73,73,70,71,71,71,71,71,72,73,73,49,79,80,80,81,81,82,83,83,84,84,84,83,83,83,84,84,59,87,87,87,88,40],"gold":102,"neow_bonus":"BOSS_RELIC","is_prod":false,"is_daily":false,"chose_seed":false,"campfire_upgraded":9,"win_rate":0,"timestamp":1544909413,"path_taken":["M","?","?","?","M","R","E","R","T","M","R","M","R","?","R","BOSS","M","?","$","M","?","R","E","M","T","M","?","?","E","M","R","BOSS","M","?","M","$","M","E","?","E","T","$","M","?","R","?","R","BOSS","R","$","E","BOSS"],"build_version":"2018-12-13","purchased_purges":3,"victory":true,"max_hp_per_floor":[70,65,65,66,67,67,68,68,68,69,69,70,70,70,70,71,71,72,72,72,73,73,73,74,75,75,76,76,76,77,78,78,79,79,80,80,81,81,82,83,83,84,84,84,85,85,85,86,86,87,87,87,87,88,89],"card_choices":[{"not_picked":["Reflex","Poisoned Stab"],"picked":"Riddle With Holes","floor":1},{"not_picked":["Quick Slash","Prepared"],"picked":"Backflip","floor":4},{"not_picked":["Backflip","Prepared"],"picked":"Noxious Fumes","floor":5},{"not_picked":["Masterful Stab","Dodge and Roll"],"picked":"Leg Sweep","floor":7},{"not_picked":["Backflip","A Thousand Cuts"],"picked":"Deadly Poison","floor":10},{"not_picked":["Quick Slash","Flechettes"],"picked":"Backflip","floor":12},{"not_picked":["A Thousand Cuts","Night Terror"],"picked":"Wraith Form v2","floor":16},{"not_picked":["Dagger Throw","Backstab"],"picked":"Dagger Spray+1","floor":18},{"not_picked":["Endless Agony+1","Terror"],"picked":"Backstab","floor":21},{"not_picked":["Backflip","Eviscerate+1","Dagger Throw"],"picked":"SKIP","floor":24},{"not_picked":["Acrobatics","Sucker Punch+1"],"picked":"Quick Slash+1","floor":25},{"not_picked":["Riddle With Holes","Flying Knee"],"picked":"Crippling Poison+1","floor":27},{"not_picked":["Sucker Punch","Flying Knee","Blade Dance+1"],"picked":"SKIP","floor":30},{"not_picked":["Slice+1","Setup+1","Masterful Stab"],"picked":"SKIP","floor":31},{"not_picked":["Venomology+1","Phantasmal Killer+1"],"picked":"After Image","floor":33},{"not_picked":["Setup+1","Catalyst+1"],"picked":"Quick Slash+1","floor":35},{"not_picked":["Bane+1","Flying Knee+1"],"picked":"Prepared+1","floor":37},{"not_picked":["Tactician+1","Dodge and Roll+1"],"picked":"Dash+1","floor":39},{"not_picked":["Finisher+1","Dodge and Roll+1"],"picked":"Noxious Fumes","floor":40},{"not_picked":["Sucker Punch","Underhanded Strike","Flying Knee"],"picked":"SKIP","floor":42},{"not_picked":["Deflect+1","Slice+1"],"picked":"Skewer+1","floor":45},{"not_picked":["Glass Knife","Sucker Punch"],"picked":"PiercingWail+1","floor":48},{"not_picked":["Poisoned Stab+1","Sucker Punch","Masterful Stab+1"],"picked":"SKIP","floor":54}],"player_experience":280634,"relics_obtained":[{"floor":7,"key":"Anchor"},{"floor":9,"key":"Bronze Scales"},{"floor":24,"key":"Ninja Scroll"},{"floor":26,"key":"Toxic Egg 2"},{"floor":30,"key":"Tiny Chest"},{"floor":40,"key":"StoneCalendar"},{"floor":42,"key":"Bottled Flame"},{"floor":46,"key":"Boot"},{"floor":54,"key":"Dodecahedron"}],"event_choices":[{"damage_healed":0,"gold_gain":0,"player_choice":"Lose Max HP","damage_taken":0,"relics_obtained":["Golden Idol"],"max_hp_gain":0,"max_hp_loss":5,"event_name":"Golden Idol","floor":2,"gold_loss":0},{"damage_healed":0,"gold_gain":0,"player_choice":"Trade","damage_taken":0,"relics_obtained":["FaceOfCleric"],"max_hp_gain":0,"max_hp_loss":0,"event_name":"FaceTrader","floor":3,"gold_loss":0},{"damage_healed":23,"gold_gain":0,"player_choice":"Banana","damage_taken":0,"max_hp_gain":0,"max_hp_loss":0,"event_name":"Big Fish","floor":14,"gold_loss":0},{"damage_healed":0,"gold_gain":0,"player_choice":"Read","damage_taken":0,"max_hp_gain":0,"max_hp_loss":0,"event_name":"The Library","floor":19,"gold_loss":0,"cards_obtained":["Acrobatics"]},{"damage_healed":0,"gold_gain":0,"player_choice":"Inject Mutagens","damage_taken":0,"relics_obtained":["MutagenicStrength"],"max_hp_gain":0,"max_hp_loss":0,"event_name":"Drug Dealer","floor":22,"gold_loss":0},{"cards_removed":["Strike_G"],"damage_healed":0,"gold_gain":0,"player_choice":"Gave Gold","damage_taken":0,"max_hp_gain":0,"max_hp_loss":0,"event_name":"Beggar","floor":28,"gold_loss":75},{"damage_healed":0,"gold_gain":0,"player_choice":"Ignored","damage_taken":0,"max_hp_gain":0,"max_hp_loss":0,"event_name":"The Mausoleum","floor":29,"gold_loss":0},{"damage_healed":0,"gold_gain":0,"player_choice":"Ignored","damage_taken":0,"max_hp_gain":0,"max_hp_loss":0,"event_name":"SecretPortal","floor":36,"gold_loss":0}],"is_beta":false,"boss_relics":[{"not_picked":["Lizard Tail","Busted Crown"],"picked":"Sozu"},{"not_picked":["Velvet Choker","Calling Bell"],"picked":"Pandora\u0027s Box"}],"items_purged_floors":[20,38,53],"is_endless":false,"potions_floor_spawned":[1,4,16,25,27,30,31,33,39,40,48],"ascension_level":2}