{"gold_per_floor":[109,109,109,109,120,150,150,177,177,177,224,174,174,184,184,280,280,299,328,54,66,66,92,92,103,128,143,143,143,161,188,188,293,293,310,310,330,30,130,130,142,364,416,434,448,466,466,78,78,78],"floor_reached":51,"playtime":1234,"items_purged":["Defend_R"],"score":807,"play_id":"a50ae216-4976-4b13-aae1-cc8fe1a67992","local_time":"20190124234647","is_ascension_mode":true,"campfire_choices":[{"data":"Bash","floor":7,"key":"SMITH"},{"data":"Cleave","floor":10,"key":"SMITH"},{"floor":15,"key":"REST"},{"floor":24,"key":"REST"},{"floor":28,"key":"REST"},{"floor":32,"key":"REST"},{"floor":40,"key":"REST"},{"data":"Flex","floor":47,"key":"SMITH"},{"data":"Limit Break","floor":49,"key":"SMITH"}],"neow_cost":"NONE","seed_source_timestamp":31290282982525,"circlet_count":0,"master_deck":["Strike_R","Strike_R+1","Strike_R+1","Strike_R","Strike_R","Bash+1","Clash","Pummel","Clothesline+1","Cleave+1","Flex","Demon Form","Heavy Blade","Pummel","Clash+1","Heavy Blade","Clash+1","Limit Break+1","Flex+1","Headbutt+1","Pommel Strike"],"relics":["Burning Blood","NeowsBlessing","Letter Opener","Mummified Hand","Art of War","Whetstone","Philosopher\u0027s Stone","Red Mask","Brimstone","Nloth\u0027s Gift","Boot","Strawberry","Bag of Preparation","Eternal Feather","Orichalcum","Mango","Regal Pillow","Anchor","TheAbacus"],"potions_floor_usage":[8,23,25,33,45,47,50,50],"damage_taken":[{"damage":0,"enemies":"Small Slimes","floor":1,"turns":1},{"damage":0,"enemies":"2 Louse","floor":5,"turns":1},{"damage":0,"enemies":"Gremlin Nob","floor":6,"turns":1},{"damage":26,"enemies":"3 Sentries","floor":8,"turns":7},{"damage":0,"enemies":"Cultist","floor":14,"turns":2},{"damage":71,"enemies":"The Guardian","floor":16,"turns":8},{"damage":3,"enemies":"Spheric Guardian","floor":18,"turns":3},{"damage":38,"enemies":"Masked Bandits","floor":19,"turns":5},{"damage":21,"enemies":"Shell Parasite","floor":21,"turns":3},{"damage":22,"enemies":"Book of Stabbing","floor":23,"turns":3},{"damage":21,"enemies":"Snake Plant","floor":25,"turns":3},{"damage":18,"enemies":"Shelled Parasite and Fungi","floor":27,"turns":2},{"damage":10,"enemies":"Cultist and Chosen","floor":30,"turns":3},{"damage":50,"enemies":"Champ","floor":33,"turns":5},{"damage":12,"enemies":"3 Darklings","floor":35,"turns":3},{"damage":9,"enemies":"Orb Walker","floor":37,"turns":2},{"damage":37,"enemies":"Mind Bloom Boss Battle","floor":39,"turns":4},{"damage":0,"enemies":"Transient","floor":41,"turns":5},{"damage":14,"enemies":"Sphere and 2 Shapes","floor":44,"turns":2},{"damage":26,"enemies":"Writhing Mass","floor":45,"turns":3},{"damage":7,"enemies":"Spire Growth","floor":46,"turns":2},{"damage":72,"enemies":"Donu and Deca","floor":50,"turns":6}],"seed_played":"8215395466076741460","potions_obtained":[{"floor":1,"key":"Weak Potion"},{"floor":6,"key":"SteroidPotion"},{"floor":16,"key":"Ancient Potion"},{"floor":18,"key":"FearPotion"},{"floor":19,"key":"Energy Potion"},{"floor":33,"key":"Regen Potion"},{"floor":35,"key":"Fruit Juice"},{"floor":44,"key":"SkillPotion"},{"floor":46,"key":"SteroidPotion"}],"is_trial":false,"path_per_floor":["M","?","?","?","M","E","R","E","T","R","T","?","?","M","R","B",null,"M","?","$","M","?","E","R","M","T","M","R","$","M","T","R","B",null,"M","?","M","$","?","R","M","?","T","M","M","M","R","$","R","B",null],"character_chosen":"IRONCLAD","items_purchased":["Brimstone","Limit Break","Orichalcum","Anchor","Pommel Strike","TheAbacus"],"campfire_rested":5,"item_purchase_floors":[20,38,38,48,48,48],"current_hp_per_floor":[80,68,73,73,79,85,85,65,65,65,65,65,48,54,79,14,85,85,53,53,38,38,22,47,32,39,27,54,54,50,50,77,33,92,86,86,83,83,66,106,106,106,106,98,83,82,99,99,111,45],"gold":78,"neow_bonus":"THREE_ENEMY_KILL","is_prod":false,"is_daily":false,"chose_seed":false,"campfire_upgraded":4,"win_rate":0,"timestamp":1548395207,"path_taken":["M","?","?","?","M","E","R","E","T","R","?","?","?","M","R","BOSS","M","?","$","M","?","E","R","?","T","M","R","$","M","?","R","BOSS","M","?","?","$","?","R","M","?","T","M","M","M","R","$","R","BOSS"],"build_version":"2019-01-23","purchased_purges":1,"victory":true,"max_hp_per_floor":[80,80,85,85,85,85,85,85,85,85,85,85,85,85,85,85,85,85,85,85,85,85,85,85,85,92,92,92,92,92,92,92,92,92,92,92,92,92,106,106,106,106,106,106,106,106,111,111,111,111],"card_choices":[{"not_picked":["Wild Strike","Heavy Blade"],"picked":"Clash","floor":1},{"not_picked":["Headbutt","Heavy Blade"],"picked":"Pummel","floor":5},{"not_picked":["Intimidate","Rage"],"picked":"Clothesline","floor":6},{"not_picked":["Bloodletting","Warcry"],"picked":"Cleave","floor":8},{"not_picked":["Cleave","Heavy Blade"],"picked":"Flex","floor":14},{"not_picked":["Bludgeon","Dark Embrace"],"picked":"Demon Form","floor":16},{"not_picked":["Anger+1","Perfected Strike"],"picked":"Heavy Blade","floor":18},{"not_picked":["Armaments","Ghostly Armor"],"picked":"Pummel","floor":19},{"not_picked":["Seeing Red","Shrug It Off","Iron Wave"],"picked":"SKIP","floor":21},{"not_picked":["Shrug It Off","Bludgeon","Rupture"],"picked":"SKIP","floor":23},{"not_picked":["Dark Embrace","Headbutt"],"picked":"Clash+1","floor":25},{"not_picked":["Heavy Blade","Reckless Charge","Cleave"],"picked":"SKIP","floor":27},{"not_picked":["Dropkick","Searing Blow"],"picked":"Heavy Blade","floor":30},{"not_picked":["Entrench+1","Blood for Blood+1","True Grit+1"],"picked":"SKIP","floor":35},{"not_picked":["Searing Blow+1","Intimidate"],"picked":"Clash+1","floor":37},{"not_picked":["Cleave","True Grit"],"picked":"Flex","floor":39},{"not_picked":["Whirlwind","Second Wind+1","True Grit+1"],"picked":"SKIP","floor":41},{"not_picked":["Wild Strike","Cleave"],"picked":"Headbutt+1","floor":44},{"not_picked":["Burning Pact+1","Warcry","Thunderclap+1"],"picked":"SKIP","floor":45},{"not_picked":["True Grit","Cleave+1","Dark Embrace"],"picked":"SKIP","floor":46}],"player_experience":33318,"relics_obtained":[{"floor":6,"key":"Mummified Hand"},{"floor":8,"key":"Art of War"},{"floor":9,"key":"Dodecahedron"},{"floor":11,"key":"Whetstone"},{"floor":19,"key":"Red Mask"},{"floor":23,"key":"Boot"},{"floor":26,"key":"Strawberry"},{"floor":31,"key":"Bag of Preparation"},{"floor":39,"key":"Mango"},{"floor":43,"key":"Regal Pillow"}],"event_choices":[{"damage_healed":0,"gold_gain":0,"player_choice":"Success","damage_taken":12,"relics_obtained":["Letter Opener"],"max_hp_gain":0,"max_hp_loss":0,"event_name":"Scrap Ooze","floor":2,"gold_loss":0},{"damage_healed":0,"gold_gain":0,"player_choice":"Donut","damage_taken":0,"max_hp_gain":5,"max_hp_loss":0,"event_name":"Big Fish","floor":3,"gold_loss":0},{"cards_removed":["Defend_R"],"damage_healed":0,"gold_gain":0,"player_choice":"Forget","damage_taken":0,"max_hp_gain":0,"max_hp_loss":0,"event_name":"Living Wall","floor":4,"gold_loss":0},{"cards_removed":["Defend_R"],"damage_healed":0,"gold_gain":0,"player_choice":"Card Removal","damage_taken":0,"max_hp_gain":0,"max_hp_loss":0,"event_name":"The Cleric","floor":12,"gold_loss":50},{"damage_healed":0,"gold_gain":0,"player_choice":"Entered Light","damage_taken":17,"max_hp_gain":0,"max_hp_loss":0,"event_name":"Shining Light","floor":13,"gold_loss":0,"cards_upgraded":["Clothesline","Defend_R"]},{"damage_healed":0,"gold_gain":0,"player_choice":"Fought Bandits","damage_taken":0,"max_hp_gain":0,"max_hp_loss":0,"event_name":"Masked Bandits","floor":19,"gold_loss":0},{"damage_healed":0,"gold_gain":0,"player_choice":"Traded Relic","damage_taken":0,"relics_obtained":["Nloth\u0027s Gift"],"max_hp_gain":0,"max_hp_loss":0,"event_name":"N\u0027loth","floor":22,"relics_lost":["Dodecahedron"],"gold_loss":0},{"cards_removed":["Defend_R"],"damage_healed":0,"gold_gain":0,"player_choice":"Offered Basic","damage_taken":0,"max_hp_gain":0,"max_hp_loss":0,"event_name":"Bonfire Elementals","floor":36,"gold_loss":0},{"damage_healed":0,"gold_gain":0,"player_choice":"Fight","damage_taken":0,"max_hp_gain":0,"max_hp_loss":0,"event_name":"MindBloom","floor":39,"gold_loss":0},{"damage_healed":0,"gold_gain":222,"player_choice":"Wore Mask","damage_taken":0,"max_hp_gain":0,"max_hp_loss":0,"event_name":"Tomb of Lord Red Mask","floor":42,"gold_loss":0}],"is_beta":false,"boss_relics":[{"not_picked":["Pandora\u0027s Box","Cursed Key"],"picked":"Philosopher\u0027s Stone"},{"not_picked":["Snecko Eye","Coffee Dripper"],"picked":"Eternal Feather"}],"items_purged_floors":[20],"is_endless":false,"potions_floor_spawned":[1,6,16,18,19,33,35,44,46],"ascension_level":1}