{"gold_per_floor":[113,78,88,104,29,29,57,57,83,95,95,95,118,154,154,285,285,270,291,251,265,281,324,324,339,339,339],"floor_reached":27,"playtime":1696,"items_purged":["Strike_G"],"score":257,"play_id":"1f32f62a-a802-4dec-9904-f4f8851fbc84","local_time":"20181203193803","is_ascension_mode":true,"campfire_choices":[{"data":"Noxious Fumes","floor":6,"key":"SMITH"},{"data":"Noxious Fumes","floor":8,"key":"SMITH"},{"data":"Deflect","floor":12,"key":"SMITH"},{"floor":15,"key":"REST"},{"floor":24,"key":"REST"}],"neow_cost":"NONE","seed_source_timestamp":1721050418721816,"circlet_count":0,"master_deck":["Defend_G","Defend_G","Defend_G","Defend_G","Defend_G","Strike_G","Strike_G+1","Strike_G","Strike_G","Survivor","Neutralize","Dash","Noxious Fumes+1","Noxious Fumes+1","Deflect+1","Calculated Gamble","Envenom+1","Expertise+1","Dagger Throw","Bouncing Flask"],"relics":["Ring of the Snake","Anchor","Golden Idol","Ice Cream","Sozu","Frozen Egg 2","Letter Opener"],"potions_floor_usage":[14,23,23],"damage_taken":[{"damage":0,"enemies":"Cultist","floor":1,"turns":4},{"damage":3,"enemies":"2 Louse","floor":3,"turns":3},{"damage":0,"enemies":"Small Slimes","floor":4,"turns":4},{"damage":18,"enemies":"Gremlin Nob","floor":7,"turns":5},{"damage":2,"enemies":"Red Slaver","floor":10,"turns":4},{"damage":0,"enemies":"Exordium Wildlife","floor":13,"turns":4},{"damage":11,"enemies":"3 Sentries","floor":14,"turns":7},{"damage":38,"enemies":"Hexaghost","floor":16,"turns":10},{"damage":12,"enemies":"2 Thieves","floor":18,"turns":4},{"damage":14,"enemies":"Spheric Guardian","floor":19,"turns":7},{"damage":8,"enemies":"Snecko","floor":21,"turns":5},{"damage":0,"enemies":"Centurion and Healer","floor":22,"turns":6},{"damage":18,"enemies":"Gremlin Leader","floor":23,"turns":6},{"damage":19,"enemies":"Snake Plant","floor":25,"turns":5},{"damage":21,"enemies":"Slavers","floor":27,"turns":3}],"seed_played":"-2863827583076931830","potions_obtained":[{"floor":1,"key":"Explosive Potion"},{"floor":3,"key":"GhostInAJar"},{"floor":13,"key":"Strength Potion"},{"floor":16,"key":"PowerPotion"}],"is_trial":false,"path_per_floor":["M","$","M","M","$","R","E","R","T","M","?","R","M","E","R","B",null,"M","M","?","M","M","E","R","M","T","E"],"character_chosen":"THE_SILENT","items_purchased":["Noxious Fumes"],"campfire_rested":2,"item_purchase_floors":[2],"current_hp_per_floor":[77,77,74,74,74,74,56,56,56,54,54,54,54,43,64,26,71,59,45,45,37,37,19,40,21,21,0],"gold":339,"neow_bonus":"TEN_PERCENT_HP_BONUS","is_prod":false,"is_daily":false,"chose_seed":false,"campfire_upgraded":3,"win_rate":0,"timestamp":1543887483,"path_taken":["M","?","M","M","$","R","E","R","T","M","?","R","M","E","R","BOSS","M","M","?","M","?","E","R","M","T","E"],"build_version":"2018-11-15","purchased_purges":1,"victory":false,"max_hp_per_floor":[77,77,77,77,77,77,77,77,77,77,71,71,71,71,71,71,71,71,71,71,71,71,71,71,71,71,71],"card_choices":[{"not_picked":["Flying Knee","Endless Agony"],"picked":"Dash","floor":1},{"not_picked":["Dagger Spray","Poisoned Stab"],"picked":"Noxious Fumes","floor":3},{"not_picked":["Quick Slash","Dagger Throw"],"picked":"Deflect","floor":4},{"not_picked":["Acrobatics","Poisoned Stab"],"picked":"Calculated Gamble","floor":7},{"not_picked":["Slice","Dagger Spray","Choke"],"picked":"SKIP","floor":10},{"not_picked":["Slice","Wraith Form v2","Blade Dance"],"picked":"SKIP","floor":13},{"not_picked":["Slice","Blade Dance","Wraith Form v2"],"picked":"SKIP","floor":14},{"not_picked":["Unload","Glass Knife"],"picked":"Envenom","floor":16},{"not_picked":["Accuracy","Predator"],"picked":"Expertise+1","floor":18},{"not_picked":["Cloak And Dagger+1","Dagger Spray"],"picked":"Dagger Throw","floor":19},{"not_picked":["Tactician","Masterful Stab","Underhanded Strike"],"picked":"SKIP","floor":21},{"not_picked":["Quick Slash","Dagger Spray"],"picked":"Bouncing Flask","floor":22},{"not_picked":["Phantasmal Killer","Riddle With Holes","Concentrate+1"],"picked":"SKIP","floor":23},{"not_picked":["Skewer","Underhanded Strike+1","Predator"],"picked":"SKIP","floor":25}],"player_experience":189941,"relics_obtained":[{"floor":7,"key":"Anchor"},{"floor":14,"key":"Ice Cream"},{"floor":23,"key":"Frozen Egg 2"},{"floor":26,"key":"Letter Opener"}],"event_choices":[{"damage_healed":0,"gold_gain":0,"player_choice":"Lose Max HP","damage_taken":0,"relics_obtained":["Golden Idol"],"max_hp_gain":0,"max_hp_loss":6,"event_name":"Golden Idol","floor":11,"gold_loss":0},{"damage_healed":0,"gold_gain":0,"player_choice":"Upgraded Two","damage_taken":0,"max_hp_gain":0,"max_hp_loss":0,"event_name":"Designer","floor":20,"gold_loss":40,"cards_upgraded":["Strike_G","Envenom"]}],"is_beta":false,"boss_relics":[{"not_picked":["Busted Crown","Cursed Key"],"picked":"Sozu"}],"items_purged_floors":[5],"is_endless":false,"potions_floor_spawned":[1,3,13,16,18,19,23],"killed_by":"Slavers","ascension_level":1}