{"gold_per_floor":[118,135,135,149,74,74,102,102,102,102,116,133,33,47,47,47],"floor_reached":16,"playtime":1582,"items_purged":["Strike_R","Defend_R"],"score":112,"play_id":"06b5148f-c692-4dc1-8841-8dfec9cf89a3","local_time":"20191011012744","is_ascension_mode":true,"campfire_choices":[{"data":"Dark Embrace","floor":6.0,"key":"SMITH"},{"floor":8.0,"key":"REST"},{"data":"True Grit","floor":10.0,"key":"SMITH"},{"floor":15,"key":"REST"}],"neow_cost":"NONE","seed_source_timestamp":0,"circlet_count":0,"master_deck":["Strike_R","Strike_R","Strike_R","Defend_R","Defend_R","Defend_R","Bash+1","True Grit+1","Dark Embrace+1"],"special_seed":0,"relics":["Burning Blood","Mummified Hand","Frozen Egg 2"],"potions_floor_usage":[16],"damage_taken":[{"damage":1.0,"enemies":"Cultist","floor":1.0,"turns":3.0},{"damage":2.0,"enemies":"2 Louse","floor":2.0,"turns":5.0},{"damage":0.0,"enemies":"Jaw Worm","floor":4.0,"turns":4.0},{"damage":66.0,"enemies":"Lagavulin","floor":7.0,"turns":11.0},{"damage":6.0,"enemies":"2 Fungi Beasts","floor":11.0,"turns":6.0},{"damage":9.0,"enemies":"Large Slime","floor":12.0,"turns":14.0},{"damage":3,"enemies":"3 Louse","floor":14,"turns":5},{"damage":38,"enemies":"Slime Boss","floor":16,"turns":10}],"seed_played":"-5374463738862570964","potions_obtained":[{"floor":1.0,"key":"Dexterity Potion"},{"floor":14,"key":"Weak Potion"}],"is_trial":false,"path_per_floor":["M","M","?","M","$","R","E","R","T","R","M","M","$","M","R","B"],"character_chosen":"IRONCLAD","items_purchased":[],"campfire_rested":2,"item_purchase_floors":[],"current_hp_per_floor":[80,80,80,80,80,80,20,44,44,44,44,41,41,44,68,30],"gold":47,"neow_bonus":"TRANSFORM_CARD","is_prod":false,"is_daily":false,"chose_seed":false,"campfire_upgraded":2,"win_rate":0,"timestamp":1570771664,"path_taken":["M","M","?","M","$","R","E","R","T","R","?","M","$","M","R","BOSS"],"build_version":"2019-07-17","purchased_purges":2,"victory":false,"max_hp_per_floor":[80,80,80,80,80,80,80,80,80,80,80,80,80,80,80,80],"card_choices":[{"not_picked":["Blood for Blood","Flex","Warcry"],"picked":"SKIP","floor":1.0},{"not_picked":["Anger","Havoc","Perfected Strike"],"picked":"SKIP","floor":2.0},{"not_picked":["Anger","Havoc","Perfected Strike"],"picked":"SKIP","floor":2.0},{"not_picked":["Pommel Strike","Armaments"],"picked":"Dark Embrace","floor":4.0},{"not_picked":["Entrench","Body Slam","Rage"],"picked":"SKIP","floor":7.0},{"not_picked":["Flex","Sword Boomerang","Clothesline"],"picked":"SKIP","floor":11.0},{"not_picked":["Burning Pact","Shrug It Off","Infernal Blade"],"picked":"SKIP","floor":12.0},{"not_picked":["Cleave","Sword Boomerang","Bludgeon"],"picked":"SKIP","floor":14}],"player_experience":749727,"relics_obtained":[{"floor":7.0,"key":"Mummified Hand"},{"floor":9.0,"key":"Frozen Egg 2"}],"event_choices":[{"damage_healed":0.0,"max_hp_gain":0.0,"max_hp_loss":0.0,"gold_gain":0.0,"event_name":"Accursed Blacksmith","player_choice":"Forge","floor":3.0,"gold_loss":0.0,"damage_taken":0.0,"cards_upgraded":["Bash"]}],"is_beta":false,"boss_relics":[],"items_purged_floors":[5,13],"is_endless":false,"potions_floor_spawned":[1,14],"killed_by":"Slime Boss","ascension_level":2}