{"gold_per_floor":[119,135,145,145,158,173,186,186,186,186,206,238,238,252,252,349,349,365,378,303,303,303,303,321,321,321,336,355,366,366,380,380,380],"floor_reached":33,"playtime":2254,"items_purged":["Strike_R"],"score":280,"play_id":"77c06bc7-3a67-4cd5-94a3-51e46efd6bab","local_time":"20181123194624","is_ascension_mode":false,"campfire_choices":[{"data":"Fiend Fire","floor":8,"key":"SMITH"},{"data":"Bloodletting","floor":10,"key":"SMITH"},{"data":"Wild Strike","floor":13,"key":"SMITH"},{"data":"Cleave","floor":15,"key":"SMITH"},{"data":"RitualDagger","floor":23,"key":"SMITH"},{"floor":30,"key":"REST"},{"floor":32,"key":"REST"}],"neow_cost":"NONE","seed_source_timestamp":856990784474924,"circlet_count":0,"master_deck":["Defend_R+1","Defend_R+1","Defend_R+1","Defend_R+1","Bash","Flame Barrier","Cleave+1","Bloodletting+1","Fiend Fire+1","Wild Strike+1","Warcry","Flex","Wild Strike+1","Headbutt","Offering","Warcry","Bite","Bite","Bite","Bite","Bite","RitualDagger+1","Fiend Fire"],"relics":["Burning Blood","Bronze Scales","Whetstone","Mark of Pain","Paper Frog"],"potions_floor_usage":[11,12,16,24,33,33],"damage_taken":[{"damage":9,"enemies":"2 Louse","floor":1,"turns":3},{"damage":9,"enemies":"Cultist","floor":2,"turns":4},{"damage":1,"enemies":"Jaw Worm","floor":3,"turns":4},{"damage":14,"enemies":"Large Slime","floor":5,"turns":3},{"damage":0,"enemies":"3 Louse","floor":6,"turns":3},{"damage":12,"enemies":"2 Fungi Beasts","floor":7,"turns":3},{"damage":5,"enemies":"Lots of Slimes","floor":11,"turns":1},{"damage":18,"enemies":"Gremlin Nob","floor":12,"turns":4},{"damage":10,"enemies":"Looter","floor":14,"turns":3},{"damage":22,"enemies":"Slime Boss","floor":16,"turns":9},{"damage":6,"enemies":"Chosen","floor":18,"turns":3},{"damage":26,"enemies":"2 Thieves","floor":19,"turns":3},{"damage":39,"enemies":"Cultist and Chosen","floor":24,"turns":8},{"damage":22,"enemies":"Snake Plant","floor":27,"turns":3},{"damage":22,"enemies":"Snecko","floor":28,"turns":4},{"damage":19,"enemies":"3 Cultists","floor":29,"turns":4},{"damage":14,"enemies":"Snake Plant","floor":31,"turns":3},{"damage":52,"enemies":"Champ","floor":33,"turns":6}],"seed_played":"2549965925029153094","potions_obtained":[{"floor":2,"key":"Regen Potion"},{"floor":5,"key":"Explosive Potion"},{"floor":6,"key":"Block Potion"},{"floor":12,"key":"LiquidBronze"},{"floor":14,"key":"Swift Potion"},{"floor":19,"key":"Energy Potion"},{"floor":29,"key":"SpeedPotion"}],"is_trial":false,"path_per_floor":["M","M","M","?","M","M","M","R","T","R","M","E","R","M","R","B",null,"M","M","$","?","?","R","M","?","T","M","M","M","R","M","R","B"],"character_chosen":"IRONCLAD","items_purchased":[],"campfire_rested":2,"item_purchase_floors":[],"current_hp_per_floor":[85,82,87,87,79,85,79,79,79,79,80,68,68,64,64,63,88,88,68,68,61,55,55,34,34,34,24,14,9,27,23,41,0],"gold":380,"neow_bonus":"TEN_PERCENT_HP_BONUS","is_prod":false,"is_daily":false,"chose_seed":false,"campfire_upgraded":5,"win_rate":0.0,"timestamp":1543023984,"path_taken":["M","M","M","?","M","M","M","R","T","R","?","E","R","M","R","BOSS","M","M","$","?","?","R","M","?","T","M","M","M","R","M","R","BOSS"],"build_version":"2018-11-15","purchased_purges":1,"victory":false,"max_hp_per_floor":[88,88,88,88,88,88,88,88,88,88,88,88,88,88,88,88,88,88,88,88,61,61,61,61,61,61,61,61,61,61,61,61,61],"card_choices":[{"not_picked":["Cleave","Body Slam"],"picked":"Flame Barrier","floor":1},{"not_picked":["Rupture","True Grit"],"picked":"Cleave","floor":2},{"not_picked":["Body Slam","Heavy Blade"],"picked":"Bloodletting","floor":3},{"not_picked":["Fiend Fire","Flex"],"picked":"Wild Strike","floor":5},{"not_picked":["Pommel Strike","Iron Wave"],"picked":"Warcry","floor":6},{"not_picked":["Flame Barrier","Armaments"],"picked":"Flex","floor":7},{"not_picked":["Cleave","Perfected Strike"],"picked":"Wild Strike","floor":11},{"not_picked":["Shockwave","Bludgeon","Corruption"],"picked":"SKIP","floor":12},{"not_picked":["Infernal Blade","Shrug It Off"],"picked":"Headbutt","floor":14},{"not_picked":["Limit Break","Barricade"],"picked":"Offering","floor":16},{"not_picked":["Perfected Strike","Pommel Strike"],"picked":"Warcry","floor":18},{"not_picked":["Armaments","Combust","Shrug It Off+1"],"picked":"SKIP","floor":19},{"not_picked":["Clash","Sword Boomerang","Heavy Blade+1"],"picked":"SKIP","floor":24},{"not_picked":["Pommel Strike","Heavy Blade+1"],"picked":"Fiend Fire","floor":27},{"not_picked":["Armaments","Feel No Pain","Combust"],"picked":"SKIP","floor":28},{"not_picked":["Bloodletting","Iron Wave","Combust"],"picked":"SKIP","floor":29},{"not_picked":["Feel No Pain","Anger+1","Bloodletting"],"picked":"SKIP","floor":31}],"player_experience":62062,"relics_obtained":[{"floor":9,"key":"Bronze Scales"},{"floor":12,"key":"Whetstone"},{"floor":26,"key":"Paper Frog"}],"event_choices":[{"damage_healed":0,"gold_gain":0,"player_choice":"1 cards matched","damage_taken":0,"max_hp_gain":0,"max_hp_loss":0,"event_name":"Match and Keep!","floor":4,"gold_loss":0,"cards_obtained":["Fiend Fire"]},{"damage_healed":0,"gold_gain":0,"player_choice":"Became a vampire","damage_taken":0,"max_hp_gain":0,"max_hp_loss":27,"event_name":"Vampires","floor":21,"gold_loss":0,"cards_obtained":["Bite","Bite","Bite","Bite","Bite"]},{"damage_healed":0,"gold_gain":0,"player_choice":"Joined the Cult","damage_taken":6,"max_hp_gain":0,"max_hp_loss":0,"event_name":"Nest","floor":22,"gold_loss":0,"cards_obtained":["RitualDagger"]},{"damage_healed":0,"gold_gain":0,"player_choice":"Simplicity","damage_taken":0,"max_hp_gain":0,"max_hp_loss":0,"event_name":"Back to Basics","floor":25,"gold_loss":0,"cards_upgraded":["Defend_R","Defend_R","Defend_R","Defend_R"]}],"is_beta":false,"boss_relics":[{"not_picked":["White Beast Statue","Runic Pyramid"],"picked":"Mark of Pain"}],"items_purged_floors":[20],"is_endless":false,"potions_floor_spawned":[2,5,6,12,14,19,29,31],"killed_by":"Champ","ascension_level":0}