{"gold_per_floor":[113,113,113,113,2,29,29,54,135,149,149,149],"floor_reached":12,"playtime":172,"items_purged":[],"score":255,"play_id":"03168335-c548-420d-9fc8-ecec852cf094","local_time":"20190703213409","is_ascension_mode":true,"campfire_choices":[{"data":"Neutralize","floor":7,"key":"SMITH"},{"data":"Cloak And Dagger","floor":11,"key":"SMITH"}],"neow_cost":"NONE","seed_source_timestamp":369615040308583,"circlet_count":0,"master_deck":["AscendersBane","Strike_G","Strike_G","Strike_G","Strike_G","Strike_G","Defend_G","Defend_G","Defend_G","Defend_G","Defend_G","Survivor","Neutralize+1","Quick Slash","Footwork","Dagger Spray","Endless Agony","Cloak And Dagger+1"],"relics":["Ring of the Snake","NeowsBlessing","WingedGreaves","Question Card","The Courier","NlothsMask"],"potions_floor_usage":[],"damage_taken":[{"damage":0,"enemies":"2 Louse","floor":1,"turns":1},{"damage":0,"enemies":"Lagavulin","floor":6,"turns":1},{"damage":0,"enemies":"Gremlin Nob","floor":8,"turns":1},{"damage":0,"enemies":"Cultist","floor":10,"turns":3}],"seed_played":"7353431669760525010","potions_obtained":[{"floor":8,"key":"SkillPotion"},{"floor":10,"key":"AttackPotion"}],"is_trial":false,"path_per_floor":["M","$","?","?","$","E","R","E","T","M","R","?"],"character_chosen":"THE_SILENT","items_purchased":["Footwork","Dagger Spray"],"campfire_rested":0,"item_purchase_floors":[5,5],"current_hp_per_floor":[59,59,64,60,60,60,60,60,60,60,60,60],"gold":149,"neow_bonus":"THREE_ENEMY_KILL","is_prod":false,"is_daily":false,"chose_seed":false,"campfire_upgraded":2,"win_rate":0,"timestamp":1562207649,"path_taken":["M","$","?","?","$","E","R","E","T","?","R","?"],"build_version":"2019-07-01","purchased_purges":0,"victory":false,"max_hp_per_floor":[66,66,71,71,71,71,71,71,71,71,71,71],"card_choices":[{"not_picked":["Skewer","Setup"],"picked":"Quick Slash","floor":1},{"not_picked":["Deflect","Masterful Stab","Accuracy"],"picked":"SKIP","floor":6},{"not_picked":["Acrobatics","Caltrops"],"picked":"Endless Agony","floor":8},{"not_picked":["Blur","Deflect","Backflip"],"picked":"Cloak And Dagger","floor":10}],"player_experience":687967,"relics_obtained":[{"floor":6,"key":"WingedGreaves"},{"floor":8,"key":"Question Card"},{"floor":9,"key":"The Courier"}],"event_choices":[{"damage_healed":0,"gold_gain":0,"player_choice":"Donut","damage_taken":0,"max_hp_gain":5,"max_hp_loss":0,"event_name":"Big Fish","floor":3,"gold_loss":0},{"damage_healed":0,"gold_gain":0,"player_choice":"Bought 0 Potions","damage_taken":0,"max_hp_gain":0,"max_hp_loss":0,"event_name":"The Woman in Blue","floor":4,"gold_loss":0},{"damage_healed":0,"gold_gain":0,"player_choice":"Trade","damage_taken":0,"relics_obtained":["NlothsMask"],"max_hp_gain":0,"max_hp_loss":0,"event_name":"FaceTrader","floor":12,"gold_loss":0}],"is_beta":false,"boss_relics":[],"items_purged_floors":[],"is_endless":false,"potions_floor_spawned":[8,10],"ascension_level":18}