{"gold_per_floor":[110,123,123,136,153,153,153,153,207,207,220,230,29,92,92,194,194,213,213,229,241,252,285,285],"floor_reached":24,"playtime":1355,"items_purged":["Strike_R"],"score":231,"play_id":"3652abf7-472e-48fe-a8e5-63b8c76af96f","local_time":"20181212094419","is_ascension_mode":true,"campfire_choices":[{"data":"Bash","floor":6,"key":"SMITH"},{"data":"Sword Boomerang","floor":8,"key":"SMITH"},{"data":"True Grit","floor":15,"key":"SMITH"}],"neow_cost":"NONE","seed_source_timestamp":22133170269392,"circlet_count":0,"master_deck":["Strike_R","Strike_R","Strike_R","Defend_R","Defend_R","Defend_R","Defend_R","Bash+1","Shrug It Off","Combust+1","Sword Boomerang+1","Fire Breathing+1","Anger","Rupture+1","True Grit+1","Double Tap","Anger+1","Rupture+1","Heavy Blade+1","True Grit"],"relics":["Burning Blood","NeowsBlessing","Frozen Egg 2","Boot","Regal Pillow","Kunai","Runic Cube","Anchor"],"potions_floor_usage":[12,16,20,23,23],"damage_taken":[{"damage":0,"enemies":"Jaw Worm","floor":1,"turns":1},{"damage":0,"enemies":"Cultist","floor":2,"turns":1},{"damage":0,"enemies":"Small Slimes","floor":4,"turns":1},{"damage":8,"enemies":"2 Fungi Beasts","floor":5,"turns":2},{"damage":11,"enemies":"Lots of Slimes","floor":11,"turns":2},{"damage":1,"enemies":"Blue Slaver","floor":12,"turns":3},{"damage":17,"enemies":"Gremlin Nob","floor":14,"turns":4},{"damage":34,"enemies":"Slime Boss","floor":16,"turns":8},{"damage":23,"enemies":"Spheric Guardian","floor":18,"turns":5},{"damage":11,"enemies":"3 Byrds","floor":20,"turns":3},{"damage":21,"enemies":"Sentry and Sphere","floor":21,"turns":5},{"damage":11,"enemies":"Cultist and Chosen","floor":22,"turns":4},{"damage":35,"enemies":"Slavers","floor":23,"turns":4},{"damage":15,"enemies":"Snecko","floor":24,"turns":2}],"seed_played":"3284213700142197427","potions_obtained":[{"floor":4,"key":"Block Potion"},{"floor":11,"key":"Block Potion"},{"floor":16,"key":"Weak Potion"},{"floor":18,"key":"PowerPotion"},{"floor":22,"key":"Explosive Potion"}],"is_trial":false,"path_per_floor":["M","M","?","M","M","R","T","R","T","?","M","M","$","?","R","B",null,"M","?","M","M","M","E","M"],"character_chosen":"IRONCLAD","items_purchased":["Rupture+1","True Grit"],"campfire_rested":0,"item_purchase_floors":[13,13],"current_hp_per_floor":[80,80,80,80,78,78,78,78,78,78,73,78,78,67,67,39,80,63,63,58,43,38,9,0],"gold":285,"neow_bonus":"THREE_ENEMY_KILL","is_prod":false,"is_daily":false,"chose_seed":false,"campfire_upgraded":3,"win_rate":0,"timestamp":1544629459,"path_taken":["M","M","?","M","?","R","?","R","T","?","M","M","$","?","R","BOSS","M","?","M","?","M","E","M"],"build_version":"2018-12-06","purchased_purges":1,"victory":false,"max_hp_per_floor":[80,80,80,80,80,80,80,80,80,80,80,80,80,80,80,80,80,80,80,80,80,80,80,80],"card_choices":[{"not_picked":["Armaments","Metallicize"],"picked":"Flex","floor":1},{"not_picked":["Clothesline","Ghostly Armor"],"picked":"Shrug It Off","floor":2},{"not_picked":["Perfected Strike","Flex"],"picked":"Combust+1","floor":4},{"not_picked":["Headbutt","Warcry"],"picked":"Sword Boomerang","floor":5},{"not_picked":["Warcry","Impervious"],"picked":"Fire Breathing+1","floor":11},{"not_picked":["Perfected Strike","Iron Wave"],"picked":"Anger","floor":12},{"not_picked":["Juggernaut+1","Berserk+1"],"picked":"Double Tap","floor":16},{"not_picked":["Second Wind+1","Armaments"],"picked":"Anger+1","floor":18},{"not_picked":["Body Slam","Entrench"],"picked":"Heavy Blade+1","floor":20},{"not_picked":["Heavy Blade+1","Warcry","Cleave+1"],"picked":"SKIP","floor":21},{"not_picked":["Cleave","Clothesline+1"],"picked":"True Grit","floor":22},{"not_picked":["Clothesline+1","Brutality+1","Pommel Strike"],"picked":"SKIP","floor":23}],"player_experience":267903,"relics_obtained":[{"floor":7,"key":"Boot"},{"floor":9,"key":"Regal Pillow"},{"floor":14,"key":"Kunai"},{"floor":23,"key":"Anchor"}],"event_choices":[{"cards_removed":["Flex"],"damage_healed":0,"gold_gain":0,"player_choice":"Gave Card","damage_taken":0,"relics_obtained":["Frozen Egg 2"],"max_hp_gain":0,"max_hp_loss":0,"event_name":"WeMeetAgain","floor":3,"gold_loss":0},{"cards_removed":["Strike_R"],"damage_healed":0,"gold_gain":0,"player_choice":"Forget","damage_taken":0,"max_hp_gain":0,"max_hp_loss":0,"event_name":"Living Wall","floor":10,"gold_loss":0},{"damage_healed":0,"gold_gain":0,"player_choice":"Searched \u00271\u0027 times","damage_taken":0,"max_hp_gain":0,"max_hp_loss":0,"event_name":"Dead Adventurer","floor":14,"gold_loss":0},{"damage_healed":0,"gold_gain":0,"player_choice":"Copied","damage_taken":0,"max_hp_gain":0,"max_hp_loss":0,"event_name":"Duplicator","floor":19,"gold_loss":0,"cards_obtained":["Rupture"]}],"is_beta":false,"boss_relics":[{"not_picked":["Ectoplasm","Runic Dome"],"picked":"Runic Cube"}],"items_purged_floors":[13],"is_endless":false,"potions_floor_spawned":[4,11,16,18,22],"killed_by":"Snecko","ascension_level":2}