{"gold_per_floor":[114,130,130,130,149,149,178,178,178,198,198,210,210,228,228,327,327,342,441,516,534,206,206,206],"floor_reached":24,"playtime":1083,"items_purged":["Strike_B"],"score":206,"play_id":"d9171819-c4b7-4d71-a9c4-216b2f53cd05","local_time":"20181202223237","is_ascension_mode":true,"campfire_choices":[{"data":"Zap","floor":6.0,"key":"SMITH"},{"data":"Conserve Battery","floor":8.0,"key":"SMITH"},{"data":"Dualcast","floor":13.0,"key":"SMITH"},{"data":"Go for the Eyes","floor":15.0,"key":"SMITH"},{"floor":23,"key":"REST"}],"neow_cost":"NONE","seed_source_timestamp":1645718977534051,"circlet_count":0,"master_deck":["Strike_B","Strike_B","Defend_B","Defend_B","Defend_B","Defend_B","Zap+1","Dualcast+1","Go for the Eyes+1","Ball Lightning","Conserve Battery+1","Steam","Capacitor+1","Multi-Cast","Hologram"],"special_seed":0,"relics":["Cracked Core","Ancient Tea Set","Frozen Egg 2","Cursed Key","Molten Egg 2"],"potions_floor_usage":[24,24],"damage_taken":[{"damage":0.0,"enemies":"Cultist","floor":1.0,"turns":4.0},{"damage":1.0,"enemies":"2 Louse","floor":2.0,"turns":2.0},{"damage":0.0,"enemies":"Small Slimes","floor":5.0,"turns":3.0},{"damage":12.0,"enemies":"Gremlin Nob","floor":7.0,"turns":4.0},{"damage":0.0,"enemies":"Blue Slaver","floor":10.0,"turns":2.0},{"damage":0.0,"enemies":"Looter","floor":12.0,"turns":3.0},{"damage":0.0,"enemies":"Red Slaver","floor":14.0,"turns":3.0},{"damage":11.0,"enemies":"The Guardian","floor":16.0,"turns":11.0},{"damage":9.0,"enemies":"Shell Parasite","floor":18.0,"turns":6.0},{"damage":14,"enemies":"Spheric Guardian","floor":21,"turns":4},{"damage":82,"enemies":"Gremlin Leader","floor":24,"turns":8}],"seed_played":"-8378384444988326993","potions_obtained":[{"floor":2.0,"key":"FocusPotion"},{"floor":4.0,"key":"EssenceOfSteel"},{"floor":4.0,"key":"SpeedPotion"},{"floor":10.0,"key":"Poison Potion"},{"floor":14.0,"key":"AttackPotion"},{"floor":18.0,"key":"Poison Potion"}],"is_trial":false,"path_per_floor":["M","M","?","?","M","R","E","R","T","M","?","M","R","M","R","B",null,"M","?","?","M","$","R","E"],"character_chosen":"DEFECT","items_purchased":["Molten Egg 2"],"campfire_rested":1,"item_purchase_floors":[22],"current_hp_per_floor":[82,81,81,81,81,81,69,69,69,69,62,62,62,62,62,51,82,73,73,65,51,51,75,0],"gold":206,"neow_bonus":"TEN_PERCENT_HP_BONUS","is_prod":false,"is_daily":false,"chose_seed":false,"campfire_upgraded":4,"win_rate":0,"timestamp":1543811557,"path_taken":["M","M","?","?","M","R","E","R","T","?","?","M","R","M","R","BOSS","M","?","?","?","$","R","E"],"build_version":"2018-11-15","purchased_purges":1,"victory":false,"max_hp_per_floor":[82,82,82,82,82,82,82,82,82,82,82,82,82,82,82,82,82,82,82,82,82,82,82,82],"card_choices":[{"not_picked":["Coolheaded","Stack"],"picked":"Go for the Eyes","floor":1.0},{"not_picked":["Rebound","Gash"],"picked":"Ball Lightning","floor":2.0},{"not_picked":["Stack","Doom and Gloom"],"picked":"Conserve Battery","floor":5.0},{"not_picked":["Rebound","Echo Form"],"picked":"Steam","floor":7.0},{"not_picked":["Barrage","Hello World+1"],"picked":"Capacitor+1","floor":10.0},{"not_picked":["Redo","Gash","Streamline"],"picked":"SKIP","floor":12.0},{"not_picked":["Redo","Gash","Streamline"],"picked":"SKIP","floor":12.0},{"not_picked":["Rebound","Coolheaded","White Noise"],"picked":"SKIP","floor":14.0},{"not_picked":["All For One","Reboot"],"picked":"Multi-Cast","floor":16.0},{"not_picked":["Coolheaded","Auto Shields+1"],"picked":"Hologram","floor":18.0},{"not_picked":["Barrage","Beam Cell","Go for the Eyes"],"picked":"SKIP","floor":21}],"player_experience":178055,"relics_obtained":[{"floor":7.0,"key":"Ancient Tea Set"},{"floor":9.0,"key":"Frozen Egg 2"}],"event_choices":[{"damage_healed":0.0,"max_hp_gain":0.0,"max_hp_loss":0.0,"gold_gain":0.0,"event_name":"Liars Game","player_choice":"Ignored","floor":3.0,"gold_loss":0.0,"damage_taken":0.0},{"damage_healed":0.0,"max_hp_gain":0.0,"max_hp_loss":0.0,"gold_gain":0.0,"event_name":"Lab","player_choice":"Got Potions","floor":4.0,"gold_loss":0.0,"damage_taken":0.0},{"cards_removed":["Strike_B"],"damage_healed":0.0,"max_hp_gain":0.0,"max_hp_loss":0.0,"gold_gain":0.0,"event_name":"Golden Wing","player_choice":"Card Removal","floor":11.0,"gold_loss":0.0,"damage_taken":7.0},{"damage_healed":0.0,"max_hp_gain":0.0,"max_hp_loss":0.0,"gold_gain":99.0,"event_name":"Nest","player_choice":"Stole From Cult","floor":19.0,"gold_loss":0.0,"damage_taken":0.0},{"damage_healed":0,"gold_gain":75,"player_choice":"Touch","damage_taken":8,"max_hp_gain":0,"max_hp_loss":0,"event_name":"FaceTrader","floor":20,"gold_loss":0}],"is_beta":false,"boss_relics":[{"not_picked":["Runic Pyramid","Ectoplasm"],"picked":"Cursed Key"}],"items_purged_floors":[22],"is_endless":false,"potions_floor_spawned":[2,5,10,14,18,21],"killed_by":"Gremlin Leader","ascension_level":1}