{"gold_per_floor":[111,129,129,143,155,155,165,165,165,198,215,242,262,262],"floor_reached":14,"playtime":648,"items_purged":[],"score":99,"play_id":"91778e76-4ef3-4389-9412-90ef8de16e6e","local_time":"20191009095341","is_ascension_mode":true,"campfire_choices":[{"data":"Calculated Gamble","floor":6,"key":"SMITH"},{"data":"Neutralize","floor":8,"key":"SMITH"}],"neow_cost":"NONE","seed_source_timestamp":180005143566400,"circlet_count":0,"master_deck":["Strike_G","Strike_G","Strike_G","Strike_G","Strike_G","Defend_G","Defend_G","Defend_G","Defend_G","Defend_G","Survivor","Neutralize+1","Backstab","Calculated Gamble+1","Cloak And Dagger","Well Laid Plans"],"relics":["Ring of the Snake","NeowsBlessing","Pen Nib","Dream Catcher","Odd Mushroom"],"potions_floor_usage":[10,10,12],"damage_taken":[{"damage":0,"enemies":"Jaw Worm","floor":1,"turns":1},{"damage":0,"enemies":"Cultist","floor":2,"turns":1},{"damage":0,"enemies":"2 Louse","floor":4,"turns":1},{"damage":5,"enemies":"Looter","floor":5,"turns":3},{"damage":2,"enemies":"2 Fungi Beasts","floor":7,"turns":5},{"damage":34,"enemies":"Lagavulin","floor":10,"turns":6},{"damage":2,"enemies":"Gremlin Gang","floor":11,"turns":5},{"damage":15,"enemies":"The Mushroom Lair","floor":12,"turns":5},{"damage":0,"enemies":"3 Louse","floor":13,"turns":5},{"damage":15,"enemies":"3 Sentries","floor":14,"turns":4}],"seed_played":"-4383656419957111730","potions_obtained":[{"floor":1,"key":"Swift Potion"},{"floor":2,"key":"SteroidPotion"},{"floor":3,"key":"SteroidPotion"}],"is_trial":false,"path_per_floor":["M","M","?","M","M","R","M","R","T","E","M","?","M","E"],"character_chosen":"THE_SILENT","items_purchased":[],"campfire_rested":0,"item_purchase_floors":[],"current_hp_per_floor":[70,70,70,70,65,65,63,63,63,29,27,12,12,0],"gold":262,"neow_bonus":"THREE_ENEMY_KILL","is_prod":false,"is_daily":false,"chose_seed":false,"campfire_upgraded":2,"win_rate":0,"timestamp":1570629221,"path_taken":["M","M","?","M","?","R","?","R","T","E","M","?","M","E"],"build_version":"2019-07-17","purchased_purges":0,"victory":false,"max_hp_per_floor":[70,70,70,70,70,70,70,70,70,70,70,70,70,70],"card_choices":[{"not_picked":["Setup","Dodge and Roll","Bane"],"picked":"SKIP","floor":1},{"not_picked":["Sucker Punch","Poisoned Stab"],"picked":"Backstab","floor":2},{"not_picked":["Underhanded Strike","Crippling Poison","Eviscerate"],"picked":"SKIP","floor":4},{"not_picked":["Sucker Punch","Crippling Poison"],"picked":"Calculated Gamble","floor":5},{"not_picked":["Flechettes","Glass Knife","Dodge and Roll"],"picked":"SKIP","floor":7},{"not_picked":["Flechettes","Reflex"],"picked":"Cloak And Dagger","floor":10},{"not_picked":["Quick Slash","Dash","Sucker Punch"],"picked":"SKIP","floor":11},{"not_picked":["Dodge and Roll","Prepared"],"picked":"Well Laid Plans","floor":12},{"not_picked":["Deadly Poison","Dash","PiercingWail"],"picked":"SKIP","floor":13}],"player_experience":109953,"relics_obtained":[{"floor":9,"key":"Pen Nib"},{"floor":10,"key":"Dream Catcher"},{"floor":12,"key":"Odd Mushroom"}],"event_choices":[{"damage_healed":0,"gold_gain":0,"player_choice":"Got Potions","damage_taken":0,"max_hp_gain":0,"max_hp_loss":0,"event_name":"Lab","floor":3,"gold_loss":0},{"damage_healed":0,"gold_gain":0,"player_choice":"Fought Mushrooms","damage_taken":0,"max_hp_gain":0,"max_hp_loss":0,"event_name":"Mushrooms","floor":12,"gold_loss":0}],"is_beta":false,"boss_relics":[],"items_purged_floors":[],"is_endless":false,"potions_floor_spawned":[1,2,7],"killed_by":"3 Sentries","ascension_level":1}