{"gold_per_floor":[111,131,131,141,141,176,176,189,189,114,132,162,162,190,190,288,288,302,327,341,359,105,132,132,144,168,168,20,55,65,80,80,184,184,199,421,436,453,463,494,506,535,535,535,535,548,548,566,566,566,566,566,82,113,113],"floor_reached":55,"playtime":2979,"items_purged":["Strike_B","Strike_B","Defend_B"],"score":978,"play_id":"ba03a0d0-3969-4a94-b87e-23c8f7eaf643","local_time":"20181203232848","is_ascension_mode":true,"campfire_choices":[{"data":"Defragment","floor":7,"key":"SMITH"},{"floor":13,"key":"REST"},{"data":"Defragment","floor":15,"key":"SMITH"},{"data":"Electrodynamics","floor":24,"key":"SMITH"},{"floor":32,"key":"REST"},{"floor":44,"key":"RECALL"},{"data":"Loop","floor":47,"key":"SMITH"},{"data":"Rainbow","floor":49,"key":"SMITH"},{"data":"Dualcast","floor":52,"key":"SMITH"}],"neow_cost":"NONE","seed_source_timestamp":1733338573749534,"circlet_count":0,"master_deck":["Defend_B+1","Defend_B","Defend_B+1","Zap","Dualcast+1","Defragment+1","Defragment+1","Loop+1","Chill","Darkness","Ball Lightning","Chill","Electrodynamics+1","Undo","Ball Lightning+1","Conserve Battery","Go for the Eyes","Tempest","Rainbow+1","Defragment+1","Lockon+1","Tempest+1","Steam+1","Defragment+1"],"relics":["Cracked Core","Turnip","Emotion Chip","Calipers","Ice Cream","White Beast Statue","Red Mask","Lantern","Mango","War Paint","PreservedInsect","Art of War","Empty Cage","Anchor","DataDisk","Lee\u0027s Waffle","Girya"],"potions_floor_usage":[14,18,23,23,33,38,38,40,40,50,50,50,54,54,55],"damage_taken":[{"damage":1,"enemies":"Jaw Worm","floor":1,"turns":3},{"damage":0,"enemies":"Small Slimes","floor":2,"turns":3},{"damage":1,"enemies":"Cultist","floor":4,"turns":4},{"damage":24,"enemies":"3 Sentries","floor":6,"turns":8},{"damage":2,"enemies":"3 Louse","floor":8,"turns":4},{"damage":5,"enemies":"Looter","floor":11,"turns":3},{"damage":18,"enemies":"Gremlin Nob","floor":14,"turns":3},{"damage":15,"enemies":"Slime Boss","floor":16,"turns":7},{"damage":4,"enemies":"Spheric Guardian","floor":18,"turns":4},{"damage":6,"enemies":"Masked Bandits","floor":19,"turns":5},{"damage":1,"enemies":"3 Byrds","floor":20,"turns":3},{"damage":4,"enemies":"Centurion and Healer","floor":21,"turns":7},{"damage":30,"enemies":"Slavers","floor":23,"turns":6},{"damage":11,"enemies":"Snecko","floor":25,"turns":5},{"damage":0,"enemies":"Book of Stabbing","floor":29,"turns":4},{"damage":0,"enemies":"3 Cultists","floor":30,"turns":5},{"damage":2,"enemies":"Snake Plant","floor":31,"turns":3},{"damage":0,"enemies":"Collector","floor":33,"turns":7},{"damage":0,"enemies":"3 Shapes","floor":35,"turns":3},{"damage":6,"enemies":"Orb Walker","floor":37,"turns":3},{"damage":0,"enemies":"Maw","floor":38,"turns":7},{"damage":0,"enemies":"4 Shapes","floor":39,"turns":6},{"damage":1,"enemies":"Nemesis","floor":40,"turns":3},{"damage":4,"enemies":"Spire Growth","floor":41,"turns":5},{"damage":10,"enemies":"Giant Head","floor":42,"turns":7},{"damage":10,"enemies":"Maw","floor":46,"turns":5},{"damage":0,"enemies":"Jaw Worm Horde","floor":48,"turns":2},{"damage":60,"enemies":"Awakened One","floor":50,"turns":9},{"damage":42,"enemies":"Shield and Spear","floor":54,"turns":4},{"damage":67,"enemies":"The Heart","floor":55,"turns":3}],"seed_played":"-86371485250909032","potions_obtained":[{"floor":1,"key":"Poison Potion"},{"floor":11,"key":"LiquidBronze"},{"floor":14,"key":"Regen Potion"},{"floor":16,"key":"LiquidBronze"},{"floor":18,"key":"SpeedPotion"},{"floor":19,"key":"Swift Potion"},{"floor":23,"key":"Poison Potion"},{"floor":25,"key":"Poison Potion"},{"floor":29,"key":"Strength Potion"},{"floor":30,"key":"Energy Potion"},{"floor":33,"key":"Dexterity Potion"},{"floor":35,"key":"GamblersBrew"},{"floor":37,"key":"Energy Potion"},{"floor":38,"key":"SkillPotion"},{"floor":39,"key":"SmokeBomb"},{"floor":40,"key":"Fire Potion"},{"floor":41,"key":"EssenceOfSteel"},{"floor":42,"key":"AttackPotion"},{"floor":46,"key":"Swift Potion"},{"floor":48,"key":"FocusPotion"},{"floor":54,"key":"Fire Potion"}],"is_trial":false,"path_per_floor":["M","M","?","M","?","E","R","M","T","$","M","?","R","E","R","B",null,"M","?","M","M","$","E","R","M","T","?","$","E","M","M","R","B",null,"M","?","M","M","M","E","M","E","T","R","?","M","R","M","R","B",null,"R","$","E","B"],"character_chosen":"DEFECT","items_purchased":["Lantern","PreservedInsect","SkillPotion","Dexterity Potion","Weak Potion","Lee\u0027s Waffle"],"campfire_rested":2,"item_purchase_floors":[22,28,53,53,53,53],"current_hp_per_floor":[81,81,86,85,67,43,43,41,41,41,36,36,62,44,44,29,87,83,77,76,72,72,71,71,60,60,60,60,60,60,58,88,88,101,101,101,95,95,95,94,90,80,80,80,80,70,70,70,70,10,101,101,108,66,0],"gold":113,"neow_bonus":"TEN_PERCENT_HP_BONUS","is_prod":false,"is_daily":false,"chose_seed":false,"campfire_upgraded":6,"win_rate":0,"timestamp":1543901328,"path_taken":["M","M","?","M","?","E","R","M","T","$","M","?","R","E","R","BOSS","M","?","M","M","$","E","R","M","T","?","?","E","M","M","R","BOSS","M","?","M","M","M","E","M","E","T","R","?","?","R","M","R","BOSS","R","$","E","BOSS"],"build_version":"2018-11-15","purchased_purges":3,"victory":false,"max_hp_per_floor":[82,82,87,87,87,87,87,87,87,87,87,87,87,87,87,87,87,87,87,87,87,87,101,101,101,101,101,101,101,101,101,101,101,101,101,101,101,101,101,101,101,101,101,101,101,101,101,101,101,101,101,101,108,108,108],"card_choices":[{"not_picked":["Melter","Redo"],"picked":"Defragment","floor":1},{"not_picked":["Lockon","Static Discharge"],"picked":"Defragment","floor":2},{"not_picked":["Redo","White Noise"],"picked":"Loop","floor":4},{"not_picked":["Barrage","Skim"],"picked":"Chill","floor":6},{"not_picked":["Auto Shields","Cold Snap"],"picked":"Darkness","floor":8},{"not_picked":["BootSequence","FTL"],"picked":"Ball Lightning","floor":11},{"not_picked":["Rip and Tear","Reinforced Body"],"picked":"Chill","floor":14},{"not_picked":["All For One","Fission"],"picked":"Electrodynamics","floor":16},{"not_picked":["Streamline+1","Steam"],"picked":"Undo","floor":18},{"not_picked":["Coolheaded","Sweeping Beam"],"picked":"Ball Lightning+1","floor":19},{"not_picked":["FTL+1","Steam","Redo"],"picked":"SKIP","floor":20},{"not_picked":["Redo","Sweeping Beam","Leap"],"picked":"SKIP","floor":21},{"not_picked":["Auto Shields+1","Self Repair+1","Glacier"],"picked":"SKIP","floor":23},{"not_picked":["Steam+1","Chill"],"picked":"Conserve Battery","floor":25},{"not_picked":["Hologram","Conserve Battery"],"picked":"Go for the Eyes","floor":29},{"not_picked":["Glacier+1","Redo+1"],"picked":"Tempest","floor":30},{"not_picked":["Barrage+1","Cold Snap"],"picked":"Rainbow","floor":31},{"not_picked":["Conserve Battery+1","Redo","Streamline+1"],"picked":"SKIP","floor":35},{"not_picked":["Cold Snap+1","White Noise+1","Heatsinks"],"picked":"SKIP","floor":37},{"not_picked":["Beam Cell+1","Reinforced Body","Chill+1"],"picked":"SKIP","floor":38},{"not_picked":["Compile Driver","Coolheaded","Storm"],"picked":"SKIP","floor":39},{"not_picked":["Self Repair","Rip and Tear+1"],"picked":"Defragment","floor":40},{"not_picked":["Streamline","Ball Lightning"],"picked":"Lockon+1","floor":41},{"not_picked":["Redo+1","Force Field"],"picked":"Tempest+1","floor":42},{"not_picked":["Turbo","Thunder Strike"],"picked":"Steam+1","floor":46},{"not_picked":["Cold Snap","Loop"],"picked":"Defragment+1","floor":48},{"not_picked":["Coolheaded","Stack+1","Undo"],"picked":"SKIP","floor":54}],"player_experience":200796,"relics_obtained":[{"floor":6,"key":"Emotion Chip"},{"floor":9,"key":"Calipers"},{"floor":14,"key":"Ice Cream"},{"floor":19,"key":"Red Mask"},{"floor":23,"key":"Mango"},{"floor":26,"key":"War Paint"},{"floor":29,"key":"Art of War"},{"floor":40,"key":"Anchor"},{"floor":42,"key":"DataDisk"},{"floor":54,"key":"Girya"}],"event_choices":[{"damage_healed":0,"gold_gain":0,"player_choice":"Donut","damage_taken":0,"max_hp_gain":5,"max_hp_loss":0,"event_name":"Big Fish","floor":3,"gold_loss":0},{"damage_healed":0,"gold_gain":0,"player_choice":"Success","damage_taken":18,"relics_obtained":["Turnip"],"max_hp_gain":0,"max_hp_loss":0,"event_name":"Scrap Ooze","floor":5,"gold_loss":0},{"damage_healed":0,"gold_gain":30,"player_choice":"Searched \u00271\u0027 times","damage_taken":0,"max_hp_gain":0,"max_hp_loss":0,"event_name":"Dead Adventurer","floor":12,"gold_loss":0},{"damage_healed":0,"gold_gain":0,"player_choice":"Fought Bandits","damage_taken":0,"max_hp_gain":0,"max_hp_loss":0,"event_name":"Masked Bandits","floor":19,"gold_loss":0},{"damage_healed":0,"gold_gain":0,"player_choice":"Ignored","damage_taken":0,"max_hp_gain":0,"max_hp_loss":0,"event_name":"Vampires","floor":27,"gold_loss":0},{"damage_healed":0,"gold_gain":222,"player_choice":"Wore Mask","damage_taken":0,"max_hp_gain":0,"max_hp_loss":0,"event_name":"Tomb of Lord Red Mask","floor":36,"gold_loss":0},{"damage_healed":0,"gold_gain":0,"player_choice":"Forge","damage_taken":0,"max_hp_gain":0,"max_hp_loss":0,"event_name":"Accursed Blacksmith","floor":45,"gold_loss":0,"cards_upgraded":["Defragment"]}],"is_beta":false,"boss_relics":[{"not_picked":["Coffee Dripper","Pandora\u0027s Box"],"picked":"White Beast Statue"},{"not_picked":["Orrery","Fusion Hammer"],"picked":"Empty Cage"}],"items_purged_floors":[10,22,53],"is_endless":false,"potions_floor_spawned":[1,11,14,16,18,19,20,21,23,25,29,30,31,33,35,37,38,39,40,41,42,46,48,54],"killed_by":"The Heart","ascension_level":1}