{"gold_per_floor":[111,122,136,154,168,168,197,212,212,212],"floor_reached":10,"playtime":1245,"items_purged":[],"score":137,"play_id":"971a89b9-6b89-40f5-a1c6-862aa07e3b98","local_time":"20190628184756","is_ascension_mode":true,"campfire_choices":[{"floor":6,"key":"REST"}],"neow_cost":"NONE","seed_source_timestamp":8124996511997,"circlet_count":0,"master_deck":["AscendersBane","Defend_G","Defend_G","Defend_G","Defend_G","Defend_G","Strike_G","Strike_G","Strike_G","Strike_G","Strike_G","Survivor","Neutralize","Blade Dance","Quick Slash","Calculated Gamble","Bouncing Flask"],"relics":["Ring of the Snake","Blood Vial","Ornamental Fan"],"potions_floor_usage":[7,7,10],"damage_taken":[{"damage":0,"enemies":"Cultist","floor":1,"turns":4},{"damage":7,"enemies":"2 Louse","floor":2,"turns":5},{"damage":0,"enemies":"Small Slimes","floor":3,"turns":5},{"damage":6,"enemies":"Blue Slaver","floor":4,"turns":5},{"damage":10,"enemies":"Red Slaver","floor":5,"turns":5},{"damage":55,"enemies":"Gremlin Nob","floor":7,"turns":5},{"damage":1,"enemies":"2 Fungi Beasts","floor":8,"turns":4},{"damage":30,"enemies":"Lagavulin","floor":10,"turns":6}],"seed_played":"-3578798359124620450","potions_obtained":[{"floor":2,"key":"Regen Potion"},{"floor":3,"key":"Dexterity Potion"},{"floor":8,"key":"Strength Potion"}],"is_trial":false,"path_per_floor":["M","M","M","M","M","R","E","M","T","E"],"character_chosen":"THE_SILENT","items_purchased":[],"campfire_rested":1,"item_purchase_floors":[],"current_hp_per_floor":[59,52,52,46,36,55,14,15,15,0],"gold":212,"neow_bonus":"THREE_CARDS","is_prod":false,"is_daily":false,"chose_seed":false,"campfire_upgraded":0,"win_rate":0,"timestamp":1561765676,"path_taken":["M","M","M","M","M","R","E","M","T","E"],"build_version":"2019-01-23","purchased_purges":0,"victory":false,"max_hp_per_floor":[66,66,66,66,66,66,66,66,66,66],"card_choices":[{"not_picked":["Masterful Stab","Acrobatics"],"picked":"Blade Dance","floor":0},{"not_picked":["Deflect","Backflip","Bane"],"picked":"SKIP","floor":1},{"not_picked":["Blade Dance","Accuracy"],"picked":"Quick Slash","floor":2},{"not_picked":["Flying Knee","Concentrate","Cloak And Dagger"],"picked":"SKIP","floor":3},{"not_picked":["Acrobatics","Deflect"],"picked":"Calculated Gamble","floor":4},{"not_picked":["Catalyst","Dagger Throw"],"picked":"Bouncing Flask","floor":5},{"not_picked":["Acrobatics","Tools of the Trade","Outmaneuver"],"picked":"SKIP","floor":7},{"not_picked":["Sucker Punch","Tactician","Reflex"],"picked":"SKIP","floor":8}],"player_experience":673034,"relics_obtained":[{"floor":7,"key":"Blood Vial"},{"floor":9,"key":"Ornamental Fan"}],"event_choices":[],"is_beta":false,"boss_relics":[],"items_purged_floors":[],"is_endless":false,"potions_floor_spawned":[2,3,8],"killed_by":"Lagavulin","ascension_level":18}