{"gold_per_floor":[111,129,129,145,145,145,160,176,202,202,79,95,95,120,120,246,246,264,7,20,20,44,44,44,44,71,85,0,19,19,19,19,143,143,159,178,178,197,197,197,220,234,289,164,164,164,183,216,216,216],"floor_reached":50,"playtime":4478,"items_purged":["Strike_R","Injury","Defend_R"],"score":464,"play_id":"dbcea884-793e-4898-90f1-100eb3bdb535","local_time":"20181122093101","is_ascension_mode":false,"campfire_choices":[{"data":"Pommel Strike","floor":6,"key":"SMITH"},{"data":"Flex","floor":10,"key":"SMITH"},{"data":"Flex","floor":15,"key":"SMITH"},{"data":"Double Tap","floor":23,"key":"SMITH"},{"floor":25,"key":"REST"},{"data":"Bash","floor":30,"key":"SMITH"},{"data":"Sword Boomerang","floor":32,"key":"SMITH"},{"data":"Uppercut","floor":40,"key":"SMITH"},{"data":"Shrug It Off","floor":45,"key":"SMITH"},{"floor":49,"key":"REST"}],"neow_cost":"","seed_source_timestamp":731444569827289,"circlet_count":0,"master_deck":["Strike_R","Strike_R","Strike_R","Defend_R","Defend_R","Bash+1","Shrug It Off+1","Pommel Strike+1","Twin Strike","Flex+1","Pommel Strike","Headbutt","Flex+1","Double Tap+1","Sever Soul+1","Clash","Headbutt","Necronomicurse","Sword Boomerang+1","Feed","Uppercut+1","Clothesline","Sever Soul+1","Clothesline+1"],"relics":["Burning Blood","Bag of Marbles","Golden Idol","Velvet Choker","Orichalcum","MutagenicStrength","Necronomicon","Pen Nib","Orrery","Bronze Scales","Dream Catcher","PreservedInsect"],"potions_floor_usage":[33,33,48,50,50],"damage_taken":[{"damage":1,"enemies":"Jaw Worm","floor":1,"turns":4},{"damage":1,"enemies":"2 Louse","floor":2,"turns":3},{"damage":0,"enemies":"Small Slimes","floor":4,"turns":3},{"damage":8,"enemies":"3 Louse","floor":7,"turns":5},{"damage":9,"enemies":"2 Fungi Beasts","floor":8,"turns":4},{"damage":10,"enemies":"Looter","floor":12,"turns":2},{"damage":2,"enemies":"Blue Slaver","floor":14,"turns":3},{"damage":69,"enemies":"The Guardian","floor":16,"turns":12},{"damage":26,"enemies":"2 Thieves","floor":18,"turns":4},{"damage":11,"enemies":"3 Byrds","floor":20,"turns":5},{"damage":19,"enemies":"Centurion and Healer","floor":22,"turns":5},{"damage":0,"enemies":"Snake Plant","floor":27,"turns":1},{"damage":0,"enemies":"Shelled Parasite and Fungi","floor":29,"turns":1},{"damage":62,"enemies":"Champ","floor":33,"turns":6},{"damage":5,"enemies":"Orb Walker","floor":35,"turns":2},{"damage":14,"enemies":"3 Shapes","floor":36,"turns":3},{"damage":0,"enemies":"3 Darklings","floor":38,"turns":2},{"damage":20,"enemies":"Spire Growth","floor":42,"turns":3},{"damage":19,"enemies":"Sphere and 2 Shapes","floor":47,"turns":3},{"damage":28,"enemies":"Reptomancer","floor":48,"turns":3},{"damage":91,"enemies":"Awakened One","floor":50,"turns":5}],"seed_played":"6008235992941490053","potions_obtained":[{"floor":8,"key":"SpeedPotion"},{"floor":14,"key":"BloodPotion"},{"floor":27,"key":"FearPotion"},{"floor":33,"key":"BloodPotion"},{"floor":38,"key":"EssenceOfSteel"},{"floor":48,"key":"Swift Potion"}],"is_trial":false,"path_per_floor":["M","M","?","M","?","R","M","M","T","R","$","M","?","M","R","B",null,"M","$","M","?","M","R","?","R","T","M","?","M","R","$","R","B",null,"M","M","?","M","?","R","T","M","T","$","R","?","M","E","R","B"],"character_chosen":"IRONCLAD","items_purchased":["Headbutt","Orichalcum"],"campfire_rested":2,"item_purchase_floors":[11,19],"current_hp_per_floor":[80,80,85,85,85,85,83,80,80,80,80,76,76,80,80,17,85,65,65,60,60,47,47,31,56,56,62,62,68,68,68,68,20,85,85,80,80,86,86,86,86,72,72,72,72,72,62,40,67,0],"gold":216,"neow_bonus":"","is_prod":false,"is_daily":false,"chose_seed":false,"campfire_upgraded":8,"win_rate":0.0,"timestamp":1542900661,"path_taken":["M","M","?","M","?","R","M","M","T","R","$","M","?","M","R","BOSS","M","$","M","?","M","R","?","R","T","M","?","M","R","?","R","BOSS","M","M","?","M","?","R","?","M","T","$","R","?","M","E","R","BOSS"],"build_version":"2018-11-15","purchased_purges":3,"victory":false,"max_hp_per_floor":[80,80,85,85,85,85,85,85,85,85,85,85,85,85,85,85,85,85,85,85,85,85,85,85,85,85,85,85,85,85,85,85,85,85,85,88,88,88,88,88,88,88,88,88,88,88,91,91,91,94],"card_choices":[{"not_picked":["Sword Boomerang","Anger"],"picked":"Shrug It Off","floor":1},{"not_picked":["Anger","Blood for Blood"],"picked":"Pommel Strike","floor":2},{"not_picked":["Clash","Brutality"],"picked":"Twin Strike","floor":4},{"not_picked":["Combust","Blood for Blood"],"picked":"Flex","floor":7},{"not_picked":["Anger","Sever Soul"],"picked":"Pommel Strike","floor":8},{"not_picked":["Iron Wave","Warcry"],"picked":"Flex","floor":12},{"not_picked":["Anger","Burning Pact","Flex"],"picked":"SKIP","floor":14},{"not_picked":["Brutality","Offering"],"picked":"Double Tap","floor":16},{"not_picked":["Blood for Blood+1","Entrench"],"picked":"Sever Soul+1","floor":18},{"not_picked":["Infernal Blade","Carnage+1"],"picked":"Clash","floor":20},{"not_picked":["Pommel Strike","Carnage"],"picked":"Headbutt","floor":22},{"not_picked":["Carnage+1","Pommel Strike"],"picked":"Sword Boomerang","floor":27},{"not_picked":["Headbutt+1","Shrug It Off","Seeing Red"],"picked":"SKIP","floor":29},{"not_picked":["Impervious","Berserk"],"picked":"Feed","floor":33},{"not_picked":["True Grit","Clothesline"],"picked":"Uppercut","floor":34},{"not_picked":["Rage","Shockwave+1"],"picked":"Clothesline","floor":34},{"not_picked":["Body Slam+1","True Grit+1","Cleave+1"],"picked":"SKIP","floor":35},{"not_picked":["Rupture","Brutality"],"picked":"Sever Soul+1","floor":36},{"not_picked":["Sword Boomerang","Anger+1","Rage+1"],"picked":"SKIP","floor":38},{"not_picked":["Perfected Strike","Reckless Charge","Headbutt+1"],"picked":"SKIP","floor":42},{"not_picked":["Rupture","Armaments","Blood for Blood"],"picked":"SKIP","floor":47},{"not_picked":["Cleave","Battle Trance+1"],"picked":"Clothesline+1","floor":48}],"player_experience":0,"relics_obtained":[{"floor":9,"key":"Bag of Marbles"},{"floor":24,"key":"Necronomicon"},{"floor":26,"key":"Pen Nib"},{"floor":41,"key":"Bronze Scales"},{"floor":43,"key":"Dream Catcher"},{"floor":48,"key":"PreservedInsect"}],"event_choices":[{"damage_healed":0,"gold_gain":0,"player_choice":"Donut","damage_taken":0,"max_hp_gain":5,"max_hp_loss":0,"event_name":"Big Fish","floor":3,"gold_loss":0},{"cards_removed":["Strike_R"],"damage_healed":0,"gold_gain":0,"player_choice":"Forget","damage_taken":0,"max_hp_gain":0,"max_hp_loss":0,"event_name":"Living Wall","floor":5,"gold_loss":0},{"damage_healed":0,"gold_gain":0,"player_choice":"Take Wound","damage_taken":0,"relics_obtained":["Golden Idol"],"max_hp_gain":0,"max_hp_loss":0,"event_name":"Golden Idol","floor":13,"gold_loss":0,"cards_obtained":["Injury"]},{"damage_healed":0,"gold_gain":0,"player_choice":"Inject Mutagens","damage_taken":0,"relics_obtained":["MutagenicStrength"],"max_hp_gain":0,"max_hp_loss":0,"event_name":"Drug Dealer","floor":21,"gold_loss":0},{"damage_healed":0,"gold_gain":0,"player_choice":"Obtained Book","damage_taken":16,"max_hp_gain":0,"max_hp_loss":0,"event_name":"Cursed Tome","floor":24,"gold_loss":0},{"damage_healed":0,"gold_gain":0,"player_choice":"Paid Fearfully","damage_taken":0,"max_hp_gain":0,"max_hp_loss":0,"event_name":"Masked Bandits","floor":28,"gold_loss":85},{"damage_healed":0,"gold_gain":0,"player_choice":"Memory 1","damage_taken":0,"max_hp_gain":0,"max_hp_loss":0,"event_name":"SensoryStone","floor":37,"gold_loss":0},{"damage_healed":0,"gold_gain":0,"player_choice":"Ignored","damage_taken":0,"max_hp_gain":0,"max_hp_loss":0,"event_name":"The Moai Head","floor":39,"gold_loss":0},{"cards_removed":["Defend_R"],"damage_healed":0,"gold_gain":0,"player_choice":"Offered Basic","damage_taken":0,"max_hp_gain":0,"max_hp_loss":0,"event_name":"Bonfire Elementals","floor":46,"gold_loss":0}],"is_beta":false,"boss_relics":[{"not_picked":["Fusion Hammer","Cursed Key"],"picked":"Velvet Choker"},{"not_picked":["Snecko Eye","Busted Crown"],"picked":"Orrery"}],"items_purged_floors":[11,19,44],"is_endless":false,"potions_floor_spawned":[8,14,27,29,33,38,48],"killed_by":"Awakened One","ascension_level":0}