{"gold_per_floor":[114,124,139,139,155,195,195,295,295,309,309,325,340,361,361,492,492,515,515,183,206,306,329,329,342,365,385,409,409,429,444,444,568,568,581,597,615,414,434,434,453,453,453,467,511,511,101,115,115,115],"floor_reached":50,"playtime":4336,"items_purged":["Barricade","Injury"],"score":559,"play_id":"8e354a16-79cc-4970-9977-9326b01554f6","local_time":"20181123160740","is_ascension_mode":false,"campfire_choices":[{"floor":7,"key":"REST"},{"floor":11,"key":"REST"},{"data":"Combust","floor":15,"key":"SMITH"},{"floor":24,"key":"REST"},{"floor":29,"key":"REST"},{"floor":32,"key":"REST"},{"floor":40,"key":"REST"},{"floor":42,"key":"REST"},{"data":"Limit Break","floor":46,"key":"SMITH"},{"data":"Limit Break","floor":49,"key":"SMITH"}],"neow_cost":"NONE","seed_source_timestamp":841785412527248,"circlet_count":0,"master_deck":["Strike_R","Strike_R","Strike_R","Strike_R","Strike_R","Defend_R+1","Defend_R","Defend_R","Defend_R","Bash+1","Cleave","Armaments","Seeing Red+1","Inflame","Headbutt","Battle Trance","Heavy Blade","Combust+1","Limit Break+1","Pommel Strike+1","Shrug It Off","Heavy Blade","Thunderclap+1","Headbutt+1","Limit Break+1","Armaments+1","Shrug It Off+1","Parasite","Leap+1","FTL+1","Flex","Die Die Die","Flex"],"relics":["Burning Blood","Golden Idol","War Paint","Boot","Velvet Choker","Paper Frog","Shuriken","Strawberry","Lantern","Cursed Key","PrismaticShard","Pear","Red Skull","Ornamental Fan"],"potions_floor_usage":[6,13,16,16,27,28,33,41,45,48,48],"damage_taken":[{"damage":6,"enemies":"2 Louse","floor":1,"turns":3},{"damage":8,"enemies":"Small Slimes","floor":2,"turns":3},{"damage":0,"enemies":"Cultist","floor":3,"turns":3},{"damage":12,"enemies":"3 Louse","floor":5,"turns":3},{"damage":30,"enemies":"Gremlin Nob","floor":6,"turns":4},{"damage":23,"enemies":"Exordium Thugs","floor":10,"turns":4},{"damage":1,"enemies":"Blue Slaver","floor":12,"turns":5},{"damage":0,"enemies":"Lots of Slimes","floor":13,"turns":1},{"damage":5,"enemies":"3 Louse","floor":14,"turns":3},{"damage":48,"enemies":"The Guardian","floor":16,"turns":9},{"damage":30,"enemies":"2 Thieves","floor":18,"turns":3},{"damage":43,"enemies":"Shell Parasite","floor":23,"turns":6},{"damage":38,"enemies":"Snake Plant","floor":25,"turns":4},{"damage":13,"enemies":"Snecko","floor":27,"turns":6},{"damage":2,"enemies":"Cultist and Chosen","floor":28,"turns":3},{"damage":5,"enemies":"Chosen and Byrds","floor":30,"turns":3},{"damage":14,"enemies":"3 Cultists","floor":31,"turns":4},{"damage":59,"enemies":"Automaton","floor":33,"turns":9},{"damage":5,"enemies":"Orb Walker","floor":35,"turns":2},{"damage":17,"enemies":"3 Darklings","floor":36,"turns":3},{"damage":15,"enemies":"Maw","floor":37,"turns":6},{"damage":36,"enemies":"Writhing Mass","floor":39,"turns":4},{"damage":37,"enemies":"3 Darklings","floor":41,"turns":4},{"damage":10,"enemies":"4 Shapes","floor":44,"turns":3},{"damage":21,"enemies":"Nemesis","floor":45,"turns":3},{"damage":2,"enemies":"Transient","floor":48,"turns":5},{"damage":90,"enemies":"Time Eater","floor":50,"turns":6}],"seed_played":"-5070972270621881993","potions_obtained":[{"floor":2,"key":"Energy Potion"},{"floor":3,"key":"Ancient Potion"},{"floor":5,"key":"LiquidBronze"},{"floor":10,"key":"FearPotion"},{"floor":12,"key":"Explosive Potion"},{"floor":23,"key":"SkillPotion"},{"floor":25,"key":"Explosive Potion"},{"floor":28,"key":"Swift Potion"},{"floor":33,"key":"Dexterity Potion"},{"floor":37,"key":"SteroidPotion"},{"floor":39,"key":"Regen Potion"},{"floor":45,"key":"Regen Potion"}],"is_trial":false,"path_per_floor":["M","M","M","?","M","E","R","?","T","M","R","M","M","M","R","B",null,"M","?","$","T","?","M","R","M","T","M","M","R","M","M","R","B",null,"M","M","M","$","M","R","M","R","T","M","E","R","$","M","R","B"],"character_chosen":"IRONCLAD","items_purchased":["Shuriken","PrismaticShard","Ornamental Fan","Flex"],"campfire_rested":7,"item_purchase_floors":[20,38,47,47],"current_hp_per_floor":[80,78,80,60,54,30,54,54,54,37,61,66,72,73,73,31,80,56,56,56,63,63,26,52,20,20,13,17,43,44,36,62,9,87,87,76,67,67,37,63,41,67,77,73,58,58,58,77,77,0],"gold":115,"neow_bonus":"UPGRADE_CARD","is_prod":false,"is_daily":false,"chose_seed":false,"campfire_upgraded":3,"win_rate":0.0,"timestamp":1543010860,"path_taken":["M","M","M","?","M","E","R","?","T","M","R","M","M","?","R","BOSS","M","?","$","?","?","M","R","M","T","?","M","R","M","M","R","BOSS","M","M","M","$","M","R","M","R","T","M","E","R","?","?","R","BOSS"],"build_version":"2018-11-15","purchased_purges":2,"victory":false,"max_hp_per_floor":[80,80,80,80,80,80,80,80,80,80,80,80,80,80,80,80,80,80,80,80,87,87,87,87,87,87,87,87,87,87,87,87,87,87,87,87,87,87,87,87,87,87,97,97,97,97,97,97,97,97],"card_choices":[{"not_picked":["Thunderclap","Anger"],"picked":"Cleave","floor":1},{"not_picked":["Inflame","Rupture"],"picked":"Armaments","floor":2},{"not_picked":["Intimidate","Cleave"],"picked":"Seeing Red","floor":3},{"not_picked":["Sever Soul","Cleave"],"picked":"Inflame","floor":5},{"not_picked":["Burning Pact","True Grit"],"picked":"Barricade","floor":6},{"not_picked":["Clothesline","Spot Weakness"],"picked":"Headbutt","floor":10},{"not_picked":["Reckless Charge","Uppercut"],"picked":"Battle Trance","floor":12},{"not_picked":["Perfected Strike","Power Through"],"picked":"Heavy Blade","floor":13},{"not_picked":["Ghostly Armor","Clash"],"picked":"Combust","floor":14},{"not_picked":["Dark Embrace","Bludgeon"],"picked":"Limit Break","floor":16},{"not_picked":["Armaments","Corruption"],"picked":"Pommel Strike+1","floor":18},{"not_picked":["Feel No Pain+1","Clash"],"picked":"Shrug It Off","floor":23},{"not_picked":["Dual Wield","Carnage","Anger"],"picked":"SKIP","floor":25},{"not_picked":["Dropkick","Clothesline"],"picked":"Heavy Blade","floor":27},{"not_picked":["Reckless Charge","Intimidate"],"picked":"Thunderclap+1","floor":28},{"not_picked":["Clothesline+1","Pummel","Perfected Strike"],"picked":"SKIP","floor":30},{"not_picked":["Flame Barrier","Heavy Blade"],"picked":"Headbutt+1","floor":31},{"not_picked":["Bludgeon","Juggernaut"],"picked":"Limit Break","floor":33},{"not_picked":["Sword Boomerang","Anger+1"],"picked":"Armaments+1","floor":35},{"not_picked":["Sever Soul+1","Body Slam+1","Dual Wield+1"],"picked":"SKIP","floor":36},{"not_picked":["Headbutt+1","Pommel Strike"],"picked":"Shrug It Off+1","floor":37},{"not_picked":["Concentrate+1","All Out Attack"],"picked":"Leap+1","floor":39},{"not_picked":["Turbo+1","Endless Agony"],"picked":"FTL+1","floor":41},{"not_picked":["Accuracy","Poisoned Stab"],"picked":"Flex","floor":44},{"not_picked":["Auto Shields","Static Discharge+1"],"picked":"Die Die Die","floor":45},{"not_picked":["Power Through","Reprogram+1","Cleave"],"picked":"SKIP","floor":48}],"player_experience":48224,"relics_obtained":[{"floor":6,"key":"War Paint"},{"floor":9,"key":"Boot"},{"floor":19,"key":"Paper Frog"},{"floor":21,"key":"Strawberry"},{"floor":26,"key":"Lantern"},{"floor":43,"key":"Pear"},{"floor":45,"key":"Red Skull"}],"event_choices":[{"damage_healed":0,"gold_gain":0,"player_choice":"Take Damage","damage_taken":20,"relics_obtained":["Golden Idol"],"max_hp_gain":0,"max_hp_loss":0,"event_name":"Golden Idol","floor":4,"gold_loss":0},{"damage_healed":0,"gold_gain":100,"player_choice":"Gold","damage_taken":0,"max_hp_gain":0,"max_hp_loss":0,"event_name":"Wheel of Change","floor":8,"gold_loss":0},{"damage_healed":0,"gold_gain":0,"player_choice":"Relic","damage_taken":0,"max_hp_gain":0,"max_hp_loss":0,"event_name":"Wheel of Change","floor":19,"gold_loss":0},{"damage_healed":0,"gold_gain":100,"player_choice":"Pray","damage_taken":0,"max_hp_gain":0,"max_hp_loss":0,"event_name":"Golden Shrine","floor":22,"gold_loss":0}],"is_beta":false,"boss_relics":[{"not_picked":["Calling Bell","Runic Cube"],"picked":"Velvet Choker"},{"not_picked":["Busted Crown","Fusion Hammer"],"picked":"Cursed Key"}],"items_purged_floors":[20,47],"is_endless":false,"potions_floor_spawned":[2,3,5,10,12,23,25,28,33,37,39,45],"killed_by":"Time Eater","ascension_level":0}