{"gold_per_floor":[15,15,65,85,100,133,133,166,166,189,216,228,240],"floor_reached":13,"playtime":603,"items_purged":[],"score":176,"play_id":"e3c66abd-9645-4ffd-983c-6254159af9f4","local_time":"20190622192250","is_ascension_mode":true,"campfire_choices":[{"floor":7,"key":"REST"}],"neow_cost":"NO_GOLD","seed_source_timestamp":628533122262197,"circlet_count":0,"master_deck":["AscendersBane","Strike_R","Strike_R","Strike_R","Strike_R","Defend_R+1","Defend_R","Defend_R+1","Defend_R","Bash","Rampage","Pommel Strike","Shrug It Off","Limit Break","Cleave"],"relics":["Burning Blood","Ginger","War Paint","Dodecahedron","MawBank","Art of War"],"potions_floor_usage":[6,13,13],"damage_taken":[{"damage":2,"enemies":"Cultist","floor":1,"turns":4},{"damage":4,"enemies":"2 Louse","floor":4,"turns":3},{"damage":1,"enemies":"Small Slimes","floor":5,"turns":4},{"damage":39,"enemies":"Gremlin Nob","floor":6,"turns":5},{"damage":22,"enemies":"3 Sentries","floor":8,"turns":10},{"damage":21,"enemies":"Exordium Wildlife","floor":10,"turns":6},{"damage":11,"enemies":"2 Fungi Beasts","floor":11,"turns":4},{"damage":12,"enemies":"Gremlin Gang","floor":13,"turns":1}],"seed_played":"-6633077279297333856","potions_obtained":[{"floor":4,"key":"Weak Potion"},{"floor":5,"key":"Swift Potion"},{"floor":11,"key":"Regen Potion"}],"is_trial":false,"path_per_floor":["M","?","?","M","M","E","R","E","T","M","M","?","M"],"character_chosen":"IRONCLAD","items_purchased":[],"campfire_rested":1,"item_purchase_floors":[],"current_hp_per_floor":[72,65,58,60,65,32,54,38,38,23,18,7,0],"gold":240,"neow_bonus":"ONE_RARE_RELIC","is_prod":false,"is_daily":false,"chose_seed":false,"campfire_upgraded":0,"win_rate":0,"timestamp":1561249370,"path_taken":["M","?","?","?","M","E","R","E","T","M","M","?","M"],"build_version":"2019-01-23","purchased_purges":0,"victory":false,"max_hp_per_floor":[75,75,75,75,75,75,75,75,75,75,75,75,75],"card_choices":[{"not_picked":["Body Slam","Twin Strike"],"picked":"Rampage","floor":1},{"not_picked":["Anger","Flex"],"picked":"Pommel Strike","floor":4},{"not_picked":["Searing Blow","Feel No Pain","Flex"],"picked":"SKIP","floor":5},{"not_picked":["Intimidate","Body Slam"],"picked":"Shrug It Off","floor":6},{"not_picked":["Wild Strike","Perfected Strike"],"picked":"Limit Break","floor":8},{"not_picked":["Thunderclap","Twin Strike","Body Slam"],"picked":"SKIP","floor":10},{"not_picked":["Perfected Strike","Body Slam"],"picked":"Cleave","floor":11}],"player_experience":631124,"relics_obtained":[{"floor":6,"key":"War Paint"},{"floor":8,"key":"Dodecahedron"},{"floor":9,"key":"MawBank"}],"event_choices":[{"cards_removed":["Strike_R"],"damage_healed":0,"gold_gain":0,"player_choice":"Card Removal","damage_taken":7,"max_hp_gain":0,"max_hp_loss":0,"event_name":"Golden Wing","floor":2,"gold_loss":0},{"damage_healed":0,"gold_gain":50,"player_choice":"Touch","damage_taken":7,"max_hp_gain":0,"max_hp_loss":0,"event_name":"FaceTrader","floor":3,"gold_loss":0},{"damage_healed":0,"gold_gain":0,"player_choice":"Success","damage_taken":11,"relics_obtained":["Art of War"],"max_hp_gain":0,"max_hp_loss":0,"event_name":"Scrap Ooze","floor":12,"gold_loss":0}],"is_beta":false,"boss_relics":[],"items_purged_floors":[],"is_endless":false,"potions_floor_spawned":[4,5,11],"killed_by":"Gremlin Gang","ascension_level":17}