{"gold_per_floor":[112,127,137,152,166,166,120,140,166,181,181,181,194,194,194,292,292,307,49,49,63,63,63,75,94,142,142,142,142,172,25,25,123,123,141,66,77,77,16,45,45,45,69,69,20,20,30,44,44,44],"floor_reached":51,"playtime":2799,"items_purged":["Strike_R+1"],"score":780,"play_id":"8c7964bd-b783-4cb4-a3f2-d879d06baca7","local_time":"20181212103534","is_ascension_mode":true,"campfire_choices":[{"data":"Carnage","floor":6.0,"key":"SMITH"},{"data":"Rampage","floor":12.0,"key":"SMITH"},{"data":"True Grit","floor":15.0,"key":"SMITH"},{"data":"True Grit","floor":27.0,"key":"SMITH"},{"data":"Uppercut","floor":29.0,"key":"SMITH"},{"data":"Flex","floor":32.0,"key":"SMITH"},{"data":"Clash","floor":41,"key":"SMITH"},{"data":"Clash","floor":46,"key":"SMITH"},{"data":"Bash","floor":49,"key":"SMITH"}],"neow_cost":"NONE","seed_source_timestamp":23693161570818,"circlet_count":0,"master_deck":["Strike_R+1","Strike_R+1","Strike_R+1","Strike_R+1","Defend_R+1","Defend_R+1","Defend_R+1","Defend_R+1","Bash+1","Carnage+1","Flex+1","Clash+1","True Grit+1","Clash+1","Rampage+1","Uppercut+1","True Grit+1","Feed","Armaments+1","True Grit+1","Inflame+1","Impervious+1","Whirlwind+1","Spot Weakness+1","Writhe"],"special_seed":0,"relics":["Coffee Dripper","Letter Opener","Velvet Choker","Matryoshka","Orichalcum","Happy Flower","MutagenicStrength","PreservedInsect","Strawberry","Lizard Tail","War Paint","Centennial Puzzle","Blood Vial","Art of War"],"potions_floor_usage":[40,40,42,42,50,50],"damage_taken":[{"damage":0.0,"enemies":"Cultist","floor":1.0,"turns":3.0},{"damage":0.0,"enemies":"Jaw Worm","floor":2.0,"turns":1.0},{"damage":0.0,"enemies":"2 Louse","floor":3.0,"turns":2.0},{"damage":3.0,"enemies":"Blue Slaver","floor":4.0,"turns":3.0},{"damage":10.0,"enemies":"Large Slime","floor":5.0,"turns":3.0},{"damage":7.0,"enemies":"Lots of Slimes","floor":8.0,"turns":4.0},{"damage":5.0,"enemies":"Exordium Wildlife","floor":10.0,"turns":3.0},{"damage":0.0,"enemies":"Large Slime","floor":13.0,"turns":3.0},{"damage":29.0,"enemies":"The Guardian","floor":16.0,"turns":8.0},{"damage":16.0,"enemies":"Spheric Guardian","floor":18.0,"turns":4.0},{"damage":0.0,"enemies":"Chosen","floor":21.0,"turns":4.0},{"damage":15.0,"enemies":"Shelled Parasite and Fungi","floor":24.0,"turns":3.0},{"damage":3.0,"enemies":"Snecko","floor":25.0,"turns":5.0},{"damage":0.0,"enemies":"Gremlin Leader","floor":30.0,"turns":4.0},{"damage":47.0,"enemies":"Champ","floor":33.0,"turns":10.0},{"damage":4,"enemies":"3 Shapes","floor":35,"turns":4},{"damage":0,"enemies":"3 Darklings","floor":37,"turns":1},{"damage":34,"enemies":"Reptomancer","floor":40,"turns":6},{"damage":0,"enemies":"Maw","floor":42,"turns":4},{"damage":7,"enemies":"4 Shapes","floor":47,"turns":6},{"damage":18,"enemies":"Sphere and 2 Shapes","floor":48,"turns":4},{"damage":89,"enemies":"Awakened One","floor":50,"turns":17}],"seed_played":"-8856402646776886303","potions_obtained":[{"floor":1.0,"key":"Fire Potion"},{"floor":2.0,"key":"Poison Potion"},{"floor":4.0,"key":"SkillPotion"},{"floor":21.0,"key":"Dexterity Potion"},{"floor":24.0,"key":"SmokeBomb"},{"floor":25.0,"key":"GamblersBrew"},{"floor":33.0,"key":"Energy Potion"},{"floor":37,"key":"Block Potion"},{"floor":40,"key":"BloodPotion"},{"floor":48,"key":"Explosive Potion"}],"is_trial":false,"path_per_floor":["M","M","M","M","M","R","?","M","T","M","?","R","M","T","R","B",null,"M","$","?","M","?","?","M","M","T","R","?","R","E","$","R","B",null,"M","$","M","?","?","E","R","M","T","?","$","R","M","M","R","B",null],"character_chosen":"IRONCLAD","items_purchased":["Matryoshka","Strawberry","SpeedPotion"],"campfire_rested":0,"item_purchase_floors":[19,31,45],"current_hp_per_floor":[80,80,80,77,67,67,67,60,60,55,55,55,55,55,55,26,80,67,67,67,67,67,67,52,49,49,49,49,49,49,56,56,9,90,89,89,89,93,93,59,59,68,68,68,68,68,66,50,50,12],"gold":44,"neow_bonus":"BOSS_RELIC","is_prod":false,"is_daily":false,"chose_seed":false,"campfire_upgraded":9,"win_rate":0,"timestamp":1544632534,"path_taken":["M","M","M","?","M","R","?","M","T","M","?","R","M","?","R","BOSS","M","$","?","M","?","?","?","M","T","R","?","R","E","?","R","BOSS","M","$","M","?","?","E","R","?","T","?","$","R","M","M","R","BOSS"],"build_version":"2018-12-06","purchased_purges":1,"victory":true,"max_hp_per_floor":[80,80,80,80,80,80,80,80,80,80,80,80,80,80,80,80,80,83,83,83,83,83,83,83,83,83,83,83,83,83,90,90,90,90,93,93,93,93,93,93,93,93,93,93,93,93,96,96,96,96],"card_choices":[{"not_picked":["Sentinel","Battle Trance"],"picked":"Carnage","floor":1.0},{"not_picked":["Combust","Searing Blow"],"picked":"Flex","floor":2.0},{"not_picked":["Rampage","Sword Boomerang"],"picked":"Clash","floor":3.0},{"not_picked":["Perfected Strike","Intimidate"],"picked":"True Grit","floor":4.0},{"not_picked":["Fire Breathing","Body Slam"],"picked":"Clash","floor":5.0},{"not_picked":["True Grit","Brutality"],"picked":"Rampage","floor":8.0},{"not_picked":["Dropkick","Perfected Strike"],"picked":"Uppercut","floor":10.0},{"not_picked":["Anger","Feel No Pain"],"picked":"True Grit","floor":13.0},{"not_picked":["Juggernaut","Offering"],"picked":"Feed","floor":16.0},{"not_picked":["Reckless Charge","Rampage","Sword Boomerang"],"picked":"SKIP","floor":18.0},{"not_picked":["Headbutt+1","Spot Weakness"],"picked":"Armaments+1","floor":21.0},{"not_picked":["Twin Strike","Flex","Pummel"],"picked":"SKIP","floor":24.0},{"not_picked":["Demon Form","Thunderclap","Entrench"],"picked":"SKIP","floor":25.0},{"not_picked":["Disarm","Perfected Strike"],"picked":"Inflame+1","floor":30.0},{"not_picked":["Double Tap","Immolate"],"picked":"Impervious","floor":33.0},{"not_picked":["Sword Boomerang+1","Shrug It Off+1"],"picked":"Whirlwind+1","floor":35},{"not_picked":["Warcry","Headbutt+1"],"picked":"Spot Weakness","floor":37},{"not_picked":["Body Slam","Clothesline+1","Warcry"],"picked":"SKIP","floor":40},{"not_picked":["Uppercut","Wild Strike+1","Clothesline"],"picked":"SKIP","floor":47},{"not_picked":["Havoc","Intimidate","Thunderclap+1"],"picked":"SKIP","floor":48}],"player_experience":269258,"relics_obtained":[{"floor":14.0,"key":"Letter Opener"},{"floor":26.0,"key":"Orichalcum"},{"floor":26.0,"key":"Happy Flower"},{"floor":30.0,"key":"PreservedInsect"},{"floor":40,"key":"Centennial Puzzle"},{"floor":43,"key":"Blood Vial"},{"floor":43,"key":"Art of War"}],"event_choices":[{"damage_healed":0.0,"max_hp_gain":0.0,"max_hp_loss":0.0,"gold_gain":0.0,"event_name":"World of Goop","player_choice":"Left Gold","floor":7.0,"gold_loss":46.0,"damage_taken":0.0},{"damage_healed":0.0,"max_hp_gain":0.0,"max_hp_loss":0.0,"gold_gain":0.0,"event_name":"Liars Game","player_choice":"Ignored","floor":11.0,"gold_loss":0.0,"damage_taken":0.0},{"damage_healed":0.0,"max_hp_gain":0.0,"max_hp_loss":0.0,"gold_gain":0.0,"event_name":"Beggar","player_choice":"Ignored","floor":20.0,"gold_loss":0.0,"damage_taken":0.0},{"damage_healed":0.0,"max_hp_gain":0.0,"max_hp_loss":0.0,"gold_gain":0.0,"event_name":"Back to Basics","player_choice":"Simplicity","floor":22.0,"gold_loss":0.0,"damage_taken":0.0,"cards_upgraded":["Strike_R","Strike_R","Strike_R","Strike_R","Strike_R","Defend_R","Defend_R","Defend_R","Defend_R"]},{"damage_healed":0.0,"max_hp_gain":0.0,"max_hp_loss":0.0,"gold_gain":0.0,"event_name":"Duplicator","player_choice":"Copied","floor":23.0,"gold_loss":0.0,"damage_taken":0.0,"cards_obtained":["True Grit"]},{"damage_healed":0.0,"max_hp_gain":0.0,"max_hp_loss":0.0,"gold_gain":0.0,"event_name":"Drug Dealer","player_choice":"Inject Mutagens","floor":28.0,"gold_loss":0.0,"damage_taken":0.0,"relics_obtained":["MutagenicStrength"]},{"damage_healed":23,"gold_gain":0,"player_choice":"Writhe","damage_taken":0,"max_hp_gain":0,"max_hp_loss":0,"event_name":"Winding Halls","floor":38,"gold_loss":0,"cards_obtained":["Writhe"]},{"damage_healed":0,"gold_gain":0,"player_choice":"Paid Gold","damage_taken":0,"relics_obtained":["War Paint"],"max_hp_gain":0,"max_hp_loss":0,"event_name":"WeMeetAgain","floor":39,"gold_loss":61},{"damage_healed":0,"gold_gain":0,"player_choice":"Ignored","damage_taken":0,"max_hp_gain":0,"max_hp_loss":0,"event_name":"Mysterious Sphere","floor":44,"gold_loss":0}],"is_beta":false,"boss_relics":[{"not_picked":["Orrery","Sozu"],"picked":"Velvet Choker"},{"not_picked":["Empty Cage","Calling Bell"],"picked":"Lizard Tail"}],"items_purged_floors":[36],"is_endless":false,"potions_floor_spawned":[1,2,4,21,24,25,33,37,40,42,48],"ascension_level":2}