{"gold_per_floor":[112,131,143,143,168,207,232,157,210,60,94,94,110,130,130,259,259,284,307,137,137,156,156,156,156,156,156],"floor_reached":27,"playtime":2510,"items_purged":["Defend_G","Strike_G"],"score":250,"play_id":"18f64ccc-562f-41ae-9904-5be90088fd11","local_time":"20181123123457","is_ascension_mode":false,"campfire_choices":[{"floor":12,"key":"REST"},{"data":"Caltrops","floor":15,"key":"SMITH"},{"floor":23,"key":"REST"},{"data":"Infinite Blades","floor":25,"key":"SMITH"}],"neow_cost":"NONE","seed_source_timestamp":830847260572493,"circlet_count":0,"master_deck":["Defend_G","Defend_G","Defend_G","Defend_G","Strike_G","Strike_G","Strike_G","Strike_G","Survivor","Neutralize","Backstab","Riddle With Holes","Slice","Calculated Gamble","Leg Sweep","Escape Plan","Sucker Punch","Dodge and Roll","Caltrops+1","Adrenaline","Blade Dance","Finisher","Infinite Blades+1"],"relics":["Ring of the Snake","Golden Idol","Orichalcum","Juzu Bracelet","Blood Vial","Bottled Lightning","Ornamental Fan"],"potions_floor_usage":[6,11,11,16,16,21,22,27],"damage_taken":[{"damage":0,"enemies":"Small Slimes","floor":1,"turns":5},{"damage":0,"enemies":"Jaw Worm","floor":2,"turns":4},{"damage":0,"enemies":"Cultist","floor":3,"turns":2},{"damage":3,"enemies":"Blue Slaver","floor":5,"turns":3},{"damage":14,"enemies":"3 Sentries","floor":6,"turns":12},{"damage":0,"enemies":"3 Louse","floor":7,"turns":3},{"damage":0,"enemies":"Gremlin Nob","floor":11,"turns":3},{"damage":0,"enemies":"2 Fungi Beasts","floor":13,"turns":2},{"damage":0,"enemies":"Looter","floor":14,"turns":4},{"damage":20,"enemies":"Hexaghost","floor":16,"turns":10},{"damage":2,"enemies":"Chosen","floor":18,"turns":5},{"damage":7,"enemies":"3 Byrds","floor":19,"turns":6},{"damage":6,"enemies":"Colosseum Slavers","floor":21,"turns":3},{"damage":39,"enemies":"Sentry and Sphere","floor":22,"turns":6},{"damage":48,"enemies":"Chosen and Byrds","floor":27,"turns":9}],"seed_played":"-2967205283970743643","potions_obtained":[{"floor":0,"key":"GhostInAJar"},{"floor":0,"key":"Strength Potion"},{"floor":0,"key":"EntropicBrew"},{"floor":1,"key":"Explosive Potion"},{"floor":6,"key":"Weak Potion"},{"floor":13,"key":"GhostInAJar"},{"floor":14,"key":"Energy Potion"},{"floor":18,"key":"Explosive Potion"},{"floor":22,"key":"SkillPotion"}],"is_trial":false,"path_per_floor":["M","M","M","?","M","E","M","$","T","$","E","R","M","M","R","B",null,"M","M","$","?","M","R","?","R","T","M"],"character_chosen":"THE_SILENT","items_purchased":["Blood Vial","Infinite Blades"],"campfire_rested":2,"item_purchase_floors":[10,20],"current_hp_per_floor":[70,70,70,53,50,36,36,36,36,36,38,59,61,63,63,45,70,68,63,63,59,22,43,43,43,43,0],"gold":156,"neow_bonus":"THREE_SMALL_POTIONS","is_prod":false,"is_daily":false,"chose_seed":false,"campfire_upgraded":2,"win_rate":0.0,"timestamp":1542998097,"path_taken":["M","M","M","?","M","E","M","$","T","$","E","R","M","M","R","BOSS","M","M","$","?","M","R","?","R","T","M"],"build_version":"2018-11-15","purchased_purges":2,"victory":false,"max_hp_per_floor":[70,70,70,70,70,70,70,70,70,70,70,70,70,70,70,70,70,70,70,70,70,70,70,70,70,70,70],"card_choices":[{"not_picked":["Quick Slash","Bouncing Flask"],"picked":"Backstab","floor":1},{"not_picked":["Poisoned Stab","Deadly Poison"],"picked":"Riddle With Holes","floor":2},{"not_picked":["Masterful Stab","PiercingWail"],"picked":"Slice","floor":3},{"not_picked":["Outmaneuver","Infinite Blades"],"picked":"Calculated Gamble","floor":5},{"not_picked":["Bullet Time","Sucker Punch"],"picked":"Leg Sweep","floor":6},{"not_picked":["Dodge and Roll","Eviscerate"],"picked":"Escape Plan","floor":7},{"not_picked":["Slice","Quick Slash"],"picked":"Sucker Punch","floor":11},{"not_picked":["Riddle With Holes","Sucker Punch"],"picked":"Dodge and Roll","floor":13},{"not_picked":["Dash","Slice"],"picked":"Caltrops","floor":14},{"not_picked":["Corpse Explosion","Venomology"],"picked":"Adrenaline","floor":16},{"not_picked":["Choke+1","Deflect"],"picked":"Blade Dance","floor":18},{"not_picked":["Acrobatics+1","Underhanded Strike"],"picked":"Finisher","floor":19},{"not_picked":["Underhanded Strike+1","Deadly Poison","Choke"],"picked":"SKIP","floor":22}],"player_experience":37452,"relics_obtained":[{"floor":6,"key":"Orichalcum"},{"floor":9,"key":"Juzu Bracelet"},{"floor":11,"key":"Bottled Lightning"},{"floor":26,"key":"Ornamental Fan"}],"event_choices":[{"damage_healed":0,"gold_gain":0,"player_choice":"Take Damage","damage_taken":17,"relics_obtained":["Golden Idol"],"max_hp_gain":0,"max_hp_loss":0,"event_name":"Golden Idol","floor":4,"gold_loss":0},{"damage_healed":0,"gold_gain":0,"player_choice":"Fight","damage_taken":0,"max_hp_gain":0,"max_hp_loss":0,"event_name":"Colosseum","floor":21,"gold_loss":0},{"damage_healed":0,"gold_gain":0,"player_choice":"Fled From Nobs","damage_taken":0,"max_hp_gain":0,"max_hp_loss":0,"event_name":"Colosseum","floor":21,"gold_loss":0},{"damage_healed":0,"gold_gain":0,"player_choice":"Ignored","damage_taken":0,"max_hp_gain":0,"max_hp_loss":0,"event_name":"Transmorgrifier","floor":24,"gold_loss":0}],"is_beta":false,"boss_relics":[{"not_picked":["Busted Crown","Velvet Choker","Astrolabe"]}],"items_purged_floors":[8,20],"is_endless":false,"potions_floor_spawned":[1,3,6,13,14,18,21,22],"killed_by":"Chosen and Byrds","ascension_level":0}