{"gold_per_floor":[116,116,96,115,190,518,518,518,518,551,246,246,246,246,246,323,323,341,341,210,210,210],"floor_reached":22,"playtime":716,"items_purged":["Parasite","Strike_G"],"score":401,"play_id":"bb9546ba-488d-41ea-836a-cf9f3f97d4d9","local_time":"20190706144321","is_ascension_mode":true,"campfire_choices":[{"data":"Neutralize","floor":8.0,"key":"SMITH"},{"data":"Noxious Fumes","floor":12.0,"key":"SMITH"},{"floor":15.0,"key":"REST"}],"neow_cost":"NONE","seed_source_timestamp":603415719156401,"circlet_count":0,"master_deck":["AscendersBane","Strike_G+1","Strike_G+1","Defend_G","Defend_G","Defend_G","Defend_G","Defend_G","Survivor","Neutralize+1","Deadly Poison+1","Dagger Spray","Noxious Fumes+1","Catalyst","Escape Plan","Burst","Expertise","Infinite Blades","Dark Shackles","Cloak And Dagger","Catalyst"],"special_seed":0,"relics":["Ring of the Snake","NeowsBlessing","Old Coin","Ancient Tea Set","Juzu Bracelet","Membership Card","Cursed Key"],"potions_floor_usage":[16,22],"damage_taken":[{"damage":0.0,"enemies":"Cultist","floor":1.0,"turns":1.0},{"damage":0.0,"enemies":"2 Louse","floor":4.0,"turns":1.0},{"damage":0.0,"enemies":"Gremlin Nob","floor":6.0,"turns":1.0},{"damage":14.0,"enemies":"3 Sentries","floor":10.0,"turns":6.0},{"damage":34,"enemies":"Slime Boss","floor":16,"turns":9},{"damage":23,"enemies":"Chosen","floor":18,"turns":5},{"damage":22,"enemies":"Spheric Guardian","floor":22,"turns":5}],"seed_played":"7989280877442871468","potions_obtained":[{"floor":3.0,"key":"Ancient Potion"},{"floor":4.0,"key":"AttackPotion"},{"floor":16,"key":"SteroidPotion"},{"floor":18,"key":"AttackPotion"}],"is_trial":false,"path_per_floor":["M","?","?","M","?","E","?","R","T","E","$","R","?","?","R","B",null,"M","?","$","?","M"],"character_chosen":"THE_SILENT","items_purchased":["Membership Card","Escape Plan","Poison Potion","Dark Shackles","Cloak And Dagger"],"campfire_rested":1,"item_purchase_floors":[11,11,11,20,20],"current_hp_per_floor":[59,39,39,39,28,28,44,44,44,30,30,30,23,23,41,7,49,26,26,26,26,4],"gold":210,"neow_bonus":"THREE_ENEMY_KILL","is_prod":false,"is_daily":false,"chose_seed":false,"campfire_upgraded":2,"win_rate":0,"timestamp":1562442201,"path_taken":["M","?","?","?","?","E","?","R","T","E","?","R","?","?","R","BOSS","M","?","$","?","M"],"build_version":"2019-07-05","purchased_purges":2,"victory":false,"max_hp_per_floor":[66,66,66,66,66,66,66,66,66,66,63,63,63,63,63,63,63,63,63,63,63,63],"card_choices":[{"not_picked":["Footwork","Sucker Punch"],"picked":"Deadly Poison","floor":1.0},{"not_picked":["Cloak And Dagger","PiercingWail"],"picked":"Dagger Spray","floor":4.0},{"not_picked":["Venomology","Acrobatics"],"picked":"Noxious Fumes","floor":6.0},{"not_picked":["Underhanded Strike","Acrobatics"],"picked":"Catalyst","floor":10.0},{"not_picked":["Unload","Venomology"],"picked":"Burst","floor":16},{"not_picked":["Dagger Throw","Deadly Poison"],"picked":"Expertise","floor":18}],"player_experience":691768,"relics_obtained":[{"floor":6.0,"key":"Old Coin"},{"floor":9.0,"key":"Ancient Tea Set"},{"floor":10.0,"key":"Juzu Bracelet"}],"event_choices":[{"damage_healed":0.0,"max_hp_gain":0.0,"max_hp_loss":0.0,"gold_gain":0.0,"event_name":"Shining Light","player_choice":"Entered Light","floor":2.0,"gold_loss":0.0,"damage_taken":20.0,"cards_upgraded":["Strike_G","Strike_G"]},{"damage_healed":0.0,"max_hp_gain":0.0,"max_hp_loss":0.0,"gold_gain":0.0,"event_name":"The Woman in Blue","player_choice":"Bought 1 Potion","floor":3.0,"gold_loss":0.0,"damage_taken":0.0},{"damage_healed":0.0,"max_hp_gain":0.0,"max_hp_loss":0.0,"gold_gain":75.0,"event_name":"World of Goop","player_choice":"Gather Gold","floor":5.0,"gold_loss":0.0,"damage_taken":11.0},{"damage_healed":16.0,"max_hp_gain":0.0,"max_hp_loss":0.0,"gold_gain":0.0,"event_name":"Mushrooms","player_choice":"Healed and dodged fight","floor":7.0,"gold_loss":0.0,"damage_taken":0.0,"cards_obtained":["Parasite"]},{"cards_removed":["Strike_G"],"damage_healed":0.0,"max_hp_gain":0.0,"max_hp_loss":0.0,"gold_gain":0.0,"event_name":"Golden Wing","player_choice":"Card Removal","floor":13.0,"gold_loss":0.0,"damage_taken":7.0},{"damage_healed":0.0,"max_hp_gain":0.0,"max_hp_loss":0.0,"gold_gain":0.0,"event_name":"Living Wall","player_choice":"Grow","floor":14.0,"gold_loss":0.0,"damage_taken":0.0,"cards_upgraded":["Deadly Poison"]},{"damage_healed":0,"gold_gain":0,"cards_transformed":["Strike_G"],"player_choice":"Transformed","damage_taken":0,"max_hp_gain":0,"max_hp_loss":0,"event_name":"Transmorgrifier","floor":19,"gold_loss":0,"cards_obtained":["Infinite Blades"]},{"damage_healed":0,"gold_gain":0,"player_choice":"Copied","damage_taken":0,"max_hp_gain":0,"max_hp_loss":0,"event_name":"Duplicator","floor":21,"gold_loss":0,"cards_obtained":["Catalyst"]}],"is_beta":false,"boss_relics":[{"not_picked":["Tiny House","Empty Cage"],"picked":"Cursed Key"}],"items_purged_floors":[11,20],"is_endless":false,"potions_floor_spawned":[4,16,18],"killed_by":"Spheric Guardian","ascension_level":18}