{"path_per_floor":["M","M","$","?","$","R","$","?","T","M","M","$","M","M","R","B",null,"M","?","$","M","$","R","?","E","T","?","M","M","M","M","R","B",null,"M","M","$","M","$","R","M","M","T","M","R","M","?","M","R","B"],"character_chosen":"THE_SILENT","items_purchased":["Prepared","Noxious Fumes","Footwork","Acrobatics","Caltrops","Footwork"],"gold_per_floor":[114,132,84,84,47,47,47,47,72,92,111,16,30,46,46,150,150,162,162,162,182,107,107,107,139,166,81,96,106,124,143,143,246,276,295,308,173,188,25,25,39,57,108,120,120,134,134,152,152,152],"floor_reached":51,"campfire_rested":3,"playtime":3771,"current_hp_per_floor":[70,69,69,70,70,70,70,70,70,68,55,55,50,42,42,42,70,70,70,70,70,70,70,57,56,56,56,54,14,9,9,31,31,80,80,80,80,77,77,77,77,35,35,35,59,59,59,59,80,36],"items_purged":["Well Laid Plans","Strike_G","Strike_G"],"gold":152,"score":740,"play_id":"94563835-5f90-478d-87b3-2222d8fbd08d","local_time":"20180518125715","is_prod":false,"is_daily":false,"chose_seed":false,"is_ascension_mode":false,"campfire_upgraded":4,"timestamp":1526662635,"campfire_choices":[{"data":"Noxious Fumes","floor":6.0,"key":"SMITH"},{"data":"Acrobatics","floor":15.0,"key":"SMITH"},{"data":"Prepared","floor":23.0,"key":"SMITH"},{"floor":32.0,"key":"REST"},{"data":"Calculated Gamble","floor":40.0,"key":"SMITH"},{"floor":45,"key":"REST"},{"floor":49,"key":"REST"}],"path_taken":["M","M","$","?","?","R","$","?","T","M","M","?","M","?","R","BOSS","M","?","$","M","$","R","?","E","T","?","M","M","?","M","R","BOSS","M","M","$","M","$","R","M","M","T","M","R","M","?","M","R","BOSS"],"build_version":"2018-05-17","seed_source_timestamp":0,"purchased_purges":3,"victory":true,"master_deck":["Defend_G","Defend_G","Defend_G","Defend_G","Defend_G","Strike_G","Survivor+1","Neutralize","Prepared+1","Noxious Fumes+1","Calculated Gamble+1","Backflip+1","Footwork","Acrobatics+1","Dodge and Roll","Adrenaline","Escape Plan","After Image","Noxious Fumes+1","Blur+1","Adrenaline","Noxious Fumes","Caltrops","Footwork","Prepared+1","Noxious Fumes"],"max_hp_per_floor":[70,70,70,70,70,70,70,70,70,70,70,70,70,70,70,70,70,70,70,70,70,70,70,75,75,75,75,75,75,75,75,75,75,80,80,80,80,80,80,80,80,80,80,80,80,80,80,80,80,80],"relics":["Ring of the Snake","Bag of Preparation","Sozu","Dream Catcher","Happy Flower","War Paint","Tiny House","Bronze Scales"],"card_choices":[{"not_picked":["Skewer","Underhanded Strike"],"picked":"Well Laid Plans","floor":1.0},{"not_picked":["Dagger Spray","Dagger Throw"],"picked":"Predator","floor":2.0},{"not_picked":["Underhanded Strike","Distraction"],"picked":"Backflip","floor":10.0},{"not_picked":["Dagger Spray","All Out Attack","Flying Knee"],"picked":"SKIP","floor":11.0},{"not_picked":["Bouncing Flask","Malaise"],"picked":"Dodge and Roll","floor":13.0},{"not_picked":["Dagger Spray","Eviscerate","Flechettes"],"picked":"SKIP","floor":14.0},{"not_picked":["Unload","Burst"],"picked":"Adrenaline","floor":16.0},{"not_picked":["Dagger Throw+1","Underhanded Strike"],"picked":"Escape Plan","floor":18.0},{"not_picked":["Deflect","Riddle With Holes","Dagger Spray"],"picked":"SKIP","floor":21.0},{"not_picked":["Infinite Blades","Slice+1"],"picked":"After Image","floor":25.0},{"not_picked":["Flying Knee+1","Deflect","Underhanded Strike+1"],"picked":"SKIP","floor":28.0},{"not_picked":["Leg Sweep","Acrobatics","Riddle With Holes"],"picked":"SKIP","floor":29.0},{"not_picked":["Backflip","Die Die Die"],"picked":"Noxious Fumes+1","floor":30.0},{"not_picked":["Acrobatics","Dagger Spray","PiercingWail"],"picked":"SKIP","floor":31.0},{"not_picked":["Dash","Bouncing Flask+1"],"picked":"Blur","floor":32.0},{"not_picked":["Glass Knife","Tactician"],"picked":"Adrenaline","floor":33.0},{"not_picked":["Leg Sweep+1","Well Laid Plans","Dagger Throw+1"],"picked":"SKIP","floor":35.0},{"not_picked":["Prepared+1","Calculated Gamble"],"picked":"Noxious Fumes","floor":36.0},{"not_picked":["Leg Sweep","Sucker Punch+1","Distraction+1"],"picked":"SKIP","floor":38.0},{"not_picked":["Dodge and Roll+1","Dagger Spray+1","Flying Knee+1"],"picked":"SKIP","floor":41.0},{"not_picked":["Dagger Throw","PiercingWail","Deadly Poison+1"],"picked":"SKIP","floor":42.0},{"not_picked":["Slice+1","Dagger Throw+1","Sucker Punch+1"],"picked":"SKIP","floor":44},{"not_picked":["Blade Dance+1","PiercingWail+1"],"picked":"Prepared+1","floor":45},{"not_picked":["Underhanded Strike+1","PiercingWail+1","Prepared+1"],"picked":"SKIP","floor":46},{"not_picked":["Sucker Punch+1","Venomology"],"picked":"Noxious Fumes","floor":48}],"player_experience":444,"potions_floor_usage":[],"damage_taken":[{"damage":0.0,"enemies":"Small Slimes","floor":1.0,"turns":3.0},{"damage":1.0,"enemies":"Cultist","floor":2.0,"turns":4.0},{"damage":2.0,"enemies":"Jaw Worm","floor":10.0,"turns":5.0},{"damage":13.0,"enemies":"Exordium Thugs","floor":11.0,"turns":7.0},{"damage":5.0,"enemies":"Looter","floor":13.0,"turns":4.0},{"damage":8.0,"enemies":"Red Slaver","floor":14.0,"turns":5.0},{"damage":0.0,"enemies":"The Guardian","floor":16.0,"turns":14.0},{"damage":0.0,"enemies":"3 Byrds","floor":18.0,"turns":5.0},{"damage":0.0,"enemies":"Shell Parasite","floor":21.0,"turns":9.0},{"damage":1.0,"enemies":"Book of Stabbing","floor":25.0,"turns":10.0},{"damage":2.0,"enemies":"Sentry and Sphere","floor":28.0,"turns":7.0},{"damage":40.0,"enemies":"Cultist and Chosen","floor":29.0,"turns":8.0},{"damage":5.0,"enemies":"Chosen and Byrds","floor":30.0,"turns":8.0},{"damage":0.0,"enemies":"Centurion and Healer","floor":31.0,"turns":6.0},{"damage":0.0,"enemies":"Champ","floor":33.0,"turns":17.0},{"damage":0.0,"enemies":"3 Darklings","floor":35.0,"turns":6.0},{"damage":0.0,"enemies":"Orb Walker","floor":36.0,"turns":6.0},{"damage":3.0,"enemies":"Spire Growth","floor":38.0,"turns":8.0},{"damage":0.0,"enemies":"3 Darklings","floor":41.0,"turns":5.0},{"damage":42.0,"enemies":"Flame Bruiser 2 Orb","floor":42.0,"turns":7.0},{"damage":0,"enemies":"Maw","floor":44,"turns":10},{"damage":0,"enemies":"Spire Growth","floor":46,"turns":8},{"damage":0,"enemies":"4 Shapes","floor":48,"turns":5},{"damage":44,"enemies":"Awakened One","floor":50,"turns":18}],"relics_obtained":[{"floor":9.0,"key":"Bag of Preparation"},{"floor":25.0,"key":"Dream Catcher"},{"floor":26.0,"key":"Happy Flower"},{"floor":43.0,"key":"Bronze Scales"}],"event_choices":[{"event_name":"Bonfire Elementals","player_choice":"UNCOMMON","floor":4.0,"damage_taken":0.0},{"event_name":"Transmorgrifier","player_choice":"Transform","floor":8.0,"damage_taken":0.0},{"event_name":"Ghosts","player_choice":"Ignored","floor":19.0,"damage_taken":0.0},{"event_name":"Forgotten Altar","player_choice":"Shed Blood","floor":24.0,"damage_taken":0.0},{"event_name":"Addict","player_choice":"Obtained Relic","floor":27.0,"damage_taken":0.0}],"boss_relics":[],"potions_floor_spawned":[1,2,13,14,21,28,29,31,35,44,48],"seed_played":"-5799505312462244431","ascension_level":0,"potions_obtained":[{"floor":1.0,"key":"AttackPotion"},{"floor":2.0,"key":"Weak Potion"},{"floor":13.0,"key":"Fire Potion"},{"floor":14.0,"key":"EntropicBrew"}],"is_trial":false}