{"gold_per_floor":[114,161,175,175,193,219,232,232,232,251,251,251,285,210,210,306,306,320,333,333,258,274,302,302,313,365,115,115,115,148,160,160,264,264,280,291,291,309,309,342,397,397,397,426,68,84,102,102,102,102,102,102,54,86,86],"floor_reached":55,"playtime":4719,"items_purged":["Strike_B","Defend_B"],"score":845,"play_id":"516f4c58-2df9-471b-8668-a93138066506","local_time":"20181204230026","is_ascension_mode":true,"campfire_choices":[{"data":"Fission","floor":8,"key":"SMITH"},{"data":"Gash","floor":11,"key":"SMITH"},{"floor":15,"key":"REST"},{"data":"Hologram","floor":24,"key":"SMITH"},{"data":"Dualcast","floor":29,"key":"SMITH"},{"floor":32,"key":"REST"},{"data":"Reinforced Body","floor":42,"key":"SMITH"},{"floor":49,"key":"RECALL"},{"data":"Coolheaded","floor":52,"key":"SMITH"}],"neow_cost":"NONE","seed_source_timestamp":1815763908125002,"circlet_count":0,"master_deck":["Defend_B+1","Defend_B","Defend_B","Zap+1","Dualcast+1","Chill","Gash+1","Fission+1","Hologram+1","Seek","Beam Cell+1","Beam Cell+1","All For One","Steam+1","Reinforced Body+1","Double Energy","Cold Snap+1","Coolheaded+1","Flash of Steel","Go for the Eyes+1"],"relics":["Cracked Core","Bag of Preparation","Anchor","Sundial","Runic Pyramid","Dodecahedron","Omamori","Oddly Smooth Stone","Nloth\u0027s Gift","Darkstone Periapt","Empty Cage","Calipers","Tiny Chest","Molten Egg 2","Dream Catcher","Ice Cream","War Paint"],"potions_floor_usage":[30,30,50,55,55,55],"damage_taken":[{"damage":0,"enemies":"Cultist","floor":1,"turns":4},{"damage":0,"enemies":"Small Slimes","floor":3,"turns":3},{"damage":1,"enemies":"Jaw Worm","floor":5,"turns":3},{"damage":42,"enemies":"Lagavulin","floor":6,"turns":7},{"damage":0,"enemies":"Exordium Thugs","floor":7,"turns":5},{"damage":0,"enemies":"2 Fungi Beasts","floor":10,"turns":2},{"damage":0,"enemies":"3 Sentries","floor":13,"turns":8},{"damage":31,"enemies":"Slime Boss","floor":16,"turns":7},{"damage":2,"enemies":"2 Thieves","floor":18,"turns":3},{"damage":0,"enemies":"Chosen","floor":19,"turns":4},{"damage":8,"enemies":"Centurion and Healer","floor":22,"turns":7},{"damage":18,"enemies":"Book of Stabbing","floor":23,"turns":4},{"damage":0,"enemies":"Chosen and Byrds","floor":25,"turns":4},{"damage":3,"enemies":"Gremlin Leader","floor":30,"turns":5},{"damage":0,"enemies":"Shelled Parasite and Fungi","floor":31,"turns":4},{"damage":2,"enemies":"Automaton","floor":33,"turns":10},{"damage":0,"enemies":"Orb Walker","floor":35,"turns":2},{"damage":0,"enemies":"3 Shapes","floor":36,"turns":2},{"damage":0,"enemies":"Transient","floor":38,"turns":5},{"damage":14,"enemies":"Reptomancer","floor":40,"turns":7},{"damage":24,"enemies":"Nemesis","floor":44,"turns":9},{"damage":0,"enemies":"Writhing Mass","floor":46,"turns":7},{"damage":0,"enemies":"Jaw Worm Horde","floor":47,"turns":4},{"damage":9,"enemies":"Awakened One","floor":50,"turns":15},{"damage":0,"enemies":"Shield and Spear","floor":54,"turns":9},{"damage":84,"enemies":"The Heart","floor":55,"turns":8}],"seed_played":"-5030703711588852328","potions_obtained":[{"floor":1,"key":"FearPotion"},{"floor":5,"key":"SpeedPotion"},{"floor":10,"key":"FearPotion"},{"floor":22,"key":"Block Potion"},{"floor":23,"key":"PowerPotion"},{"floor":33,"key":"Block Potion"},{"floor":38,"key":"SkillPotion"},{"floor":46,"key":"Ancient Potion"}],"is_trial":false,"path_per_floor":["M","T","M","?","M","E","M","R","T","M","R","T","E","$","R","B",null,"M","M","?","?","M","E","R","M","T","$","?","R","E","M","R","B",null,"M","M","?","M","?","E","T","R","T","E","$","M","M","$","R","B",null,"R","$","E","B"],"character_chosen":"DEFECT","items_purchased":["Oddly Smooth Stone","Ice Cream","Go for the Eyes+1","Block Potion"],"campfire_rested":2,"item_purchase_floors":[27,45,45,53],"current_hp_per_floor":[82,82,82,75,74,32,32,32,32,32,32,32,32,32,56,25,82,80,80,80,80,72,54,54,54,54,54,54,54,51,51,75,73,82,82,82,82,82,82,68,68,68,68,44,44,44,44,44,44,35,82,82,82,82,0],"gold":86,"neow_bonus":"TEN_PERCENT_HP_BONUS","is_prod":false,"is_daily":false,"chose_seed":false,"campfire_upgraded":6,"win_rate":0,"timestamp":1543986026,"path_taken":["M","?","M","?","M","E","M","R","T","M","R","?","E","$","R","BOSS","M","M","?","?","M","E","R","M","T","$","?","R","E","M","R","BOSS","M","M","?","M","?","E","?","R","T","E","$","?","M","$","R","BOSS","R","$","E","BOSS"],"build_version":"2018-11-15","purchased_purges":2,"victory":false,"max_hp_per_floor":[82,82,82,82,82,82,82,82,82,82,82,82,82,82,82,82,82,82,82,82,82,82,82,82,82,82,82,82,82,82,82,82,82,82,82,82,82,82,82,82,82,82,82,82,82,82,82,82,82,82,82,82,82,82,82],"card_choices":[{"not_picked":["Recycle","Streamline"],"picked":"Chill","floor":1},{"not_picked":["Chill","Leap"],"picked":"Ball Lightning","floor":3},{"not_picked":["Consume","Auto Shields","Loop"],"picked":"SKIP","floor":5},{"not_picked":["BootSequence","Reinforced Body"],"picked":"Gash","floor":6},{"not_picked":["Sweeping Beam","Doom and Gloom"],"picked":"Fission","floor":7},{"not_picked":["Redo","Coolheaded"],"picked":"Hologram","floor":10},{"not_picked":["Rebound","Streamline"],"picked":"Reboot","floor":13},{"not_picked":["Machine Learning","Fission"],"picked":"Seek","floor":16},{"not_picked":["Rip and Tear+1","Barrage","Double Energy+1"],"picked":"SKIP","floor":18},{"not_picked":["Leap+1","Self Repair"],"picked":"Beam Cell+1","floor":19},{"not_picked":["Heatsinks","Ball Lightning+1"],"picked":"Beam Cell+1","floor":22},{"not_picked":["Streamline","Sweeping Beam"],"picked":"All For One","floor":23},{"not_picked":["Cold Snap","Compile Driver"],"picked":"Steam+1","floor":25},{"not_picked":["Turbo+1","Beam Cell"],"picked":"Reinforced Body","floor":30},{"not_picked":["Glacier","Multi-Cast"],"picked":"Double Energy","floor":31},{"not_picked":["Genetic Algorithm+1","Lockon"],"picked":"Cold Snap+1","floor":35},{"not_picked":["Auto Shields","BootSequence+1"],"picked":"Coolheaded","floor":36},{"not_picked":["BootSequence+1","Capacitor","Heatsinks"],"picked":"SKIP","floor":38},{"not_picked":["Swift Strike","Mind Blast"],"picked":"Flash of Steel","floor":39},{"not_picked":["Blizzard","Melter","Conserve Battery+1"],"picked":"SKIP","floor":40},{"not_picked":["Blizzard","Melter","Conserve Battery+1"],"picked":"SKIP","floor":40},{"not_picked":["Barrage+1","Stack","Biased Cognition"],"picked":"SKIP","floor":44},{"not_picked":["Conserve Battery+1","Go for the Eyes+1","Hologram"],"picked":"SKIP","floor":46},{"not_picked":["Ball Lightning+1","Sweeping Beam+1","Barrage+1"],"picked":"SKIP","floor":47},{"not_picked":["Steam+1","Redo","Hello World"],"picked":"SKIP","floor":54}],"player_experience":219834,"relics_obtained":[{"floor":2,"key":"Bag of Preparation"},{"floor":6,"key":"Anchor"},{"floor":12,"key":"Sundial"},{"floor":13,"key":"Bronze Scales"},{"floor":23,"key":"Dodecahedron"},{"floor":26,"key":"Omamori"},{"floor":30,"key":"Darkstone Periapt"},{"floor":40,"key":"Calipers"},{"floor":41,"key":"Tiny Chest"},{"floor":43,"key":"Molten Egg 2"},{"floor":44,"key":"Dream Catcher"},{"floor":54,"key":"War Paint"}],"event_choices":[{"cards_removed":["Strike_B"],"damage_healed":0,"gold_gain":0,"player_choice":"Card Removal","damage_taken":7,"max_hp_gain":0,"max_hp_loss":0,"event_name":"Golden Wing","floor":4,"gold_loss":0},{"damage_healed":0,"gold_gain":0,"player_choice":"Ignored","damage_taken":0,"max_hp_gain":0,"max_hp_loss":0,"event_name":"The Mausoleum","floor":20,"gold_loss":0},{"cards_removed":["Strike_B"],"damage_healed":0,"gold_gain":0,"player_choice":"Gave Gold","damage_taken":0,"max_hp_gain":0,"max_hp_loss":0,"event_name":"Beggar","floor":21,"gold_loss":75},{"damage_healed":0,"gold_gain":0,"player_choice":"Traded Relic","damage_taken":0,"relics_obtained":["Nloth\u0027s Gift"],"max_hp_gain":0,"max_hp_loss":0,"event_name":"N\u0027loth","floor":28,"relics_lost":["Bronze Scales"],"gold_loss":0},{"cards_removed":["Ball Lightning"],"damage_healed":0,"gold_gain":0,"player_choice":"Removed Attack","damage_taken":0,"max_hp_gain":0,"max_hp_loss":0,"event_name":"Falling","floor":37,"gold_loss":0},{"damage_healed":0,"gold_gain":0,"player_choice":"Memory 1","damage_taken":0,"max_hp_gain":0,"max_hp_loss":0,"event_name":"SensoryStone","floor":39,"gold_loss":0}],"is_beta":false,"boss_relics":[{"not_picked":["Eternal Feather","Pandora\u0027s Box"],"picked":"Runic Pyramid"},{"not_picked":["Calling Bell","Inserter"],"picked":"Empty Cage"}],"items_purged_floors":[14,27],"is_endless":false,"potions_floor_spawned":[1,5,10,13,22,23,25,33,38,46,47],"killed_by":"The Heart","ascension_level":1}