{"gold_per_floor":[111,124,124,124,141,141,154,154,154,173,186,186,42,52,52,151,151,165,165,191,151,168],"floor_reached":22,"playtime":2011,"items_purged":["Amplify"],"score":196,"play_id":"3962e2d2-8a1c-428d-bf19-0132f6f8161c","local_time":"20181215161135","is_ascension_mode":true,"campfire_choices":[{"data":"Zap","floor":6,"key":"SMITH"},{"data":"Streamline","floor":12,"key":"SMITH"},{"floor":15,"key":"REST"}],"neow_cost":"NONE","seed_source_timestamp":303911978923806,"circlet_count":0,"master_deck":["Strike_B","Strike_B","Strike_B","Defend_B+1","Defend_B","Defend_B","Zap+1","Dualcast","Conserve Battery","Sweeping Beam+1","Streamline+1","Glacier","Chill","Tempest","Coolheaded","Machine Learning","Consume","Leap"],"relics":["Inserter","Incense Burner","Velvet Choker","Red Mask"],"potions_floor_usage":[18],"damage_taken":[{"damage":6,"enemies":"2 Louse","floor":1,"turns":4},{"damage":6,"enemies":"Jaw Worm","floor":2,"turns":4},{"damage":1,"enemies":"Cultist","floor":5,"turns":4},{"damage":1,"enemies":"Blue Slaver","floor":7,"turns":4},{"damage":12,"enemies":"2 Fungi Beasts","floor":10,"turns":2},{"damage":11,"enemies":"Lots of Slimes","floor":11,"turns":4},{"damage":0,"enemies":"Looter","floor":14,"turns":3},{"damage":15,"enemies":"Hexaghost","floor":16,"turns":11},{"damage":4,"enemies":"3 Byrds","floor":18,"turns":5},{"damage":21,"enemies":"Masked Bandits","floor":20,"turns":6},{"damage":17,"enemies":"2 Thieves","floor":22,"turns":5}],"seed_played":"-5390868930121691412","potions_obtained":[{"floor":1,"key":"PowerPotion"},{"floor":4,"key":"SkillPotion"},{"floor":4,"key":"AttackPotion"},{"floor":5,"key":"Fire Potion"},{"floor":14,"key":"GamblersBrew"},{"floor":20,"key":"AttackPotion"}],"is_trial":false,"path_per_floor":["M","M","?","?","M","R","M","?","T","M","M","R","$","M","R","B",null,"M","?","?","?","M"],"character_chosen":"DEFECT","items_purchased":["Tempest"],"campfire_rested":1,"item_purchase_floors":[13],"current_hp_per_floor":[69,63,56,56,55,55,54,54,54,42,31,31,31,31,53,38,75,71,55,34,34,17],"gold":168,"neow_bonus":"BOSS_RELIC","is_prod":false,"is_daily":false,"chose_seed":false,"campfire_upgraded":2,"win_rate":0,"timestamp":1544911895,"path_taken":["M","M","?","?","?","R","M","?","T","M","M","R","$","M","R","BOSS","M","?","?","?","?"],"build_version":"2018-12-13","purchased_purges":1,"victory":false,"max_hp_per_floor":[75,75,75,75,75,75,75,75,75,75,75,75,75,75,75,75,75,75,75,75,75,75],"card_choices":[{"not_picked":["Darkness","Redo","Gash"],"picked":"SKIP","floor":1},{"not_picked":["Force Field","Compile Driver"],"picked":"Conserve Battery","floor":2},{"not_picked":["Rebound","Redo"],"picked":"Sweeping Beam","floor":5},{"not_picked":["Rebound","Loop"],"picked":"Streamline","floor":7},{"not_picked":["Leap","Stack"],"picked":"Glacier","floor":10},{"not_picked":["Rebound","Gash"],"picked":"Chill","floor":11},{"not_picked":["Conserve Battery","Barrage"],"picked":"Coolheaded","floor":14},{"not_picked":["Creative AI","Reboot"],"picked":"Machine Learning","floor":16},{"not_picked":["Go for the Eyes","Melter"],"picked":"Consume","floor":18},{"not_picked":["Streamline","Redo"],"picked":"Leap","floor":20}],"player_experience":287529,"relics_obtained":[{"floor":9,"key":"Incense Burner"},{"floor":20,"key":"Red Mask"}],"event_choices":[{"cards_removed":["Defend_B"],"damage_healed":0,"gold_gain":0,"player_choice":"Card Removal","damage_taken":7,"max_hp_gain":0,"max_hp_loss":0,"event_name":"Golden Wing","floor":3,"gold_loss":0},{"damage_healed":0,"gold_gain":0,"player_choice":"Got Potions","damage_taken":0,"max_hp_gain":0,"max_hp_loss":0,"event_name":"Lab","floor":4,"gold_loss":0},{"damage_healed":0,"gold_gain":0,"cards_transformed":["Strike_B"],"player_choice":"Change","damage_taken":0,"max_hp_gain":0,"max_hp_loss":0,"event_name":"Living Wall","floor":8,"gold_loss":0,"cards_obtained":["Amplify"]},{"damage_healed":0,"gold_gain":0,"player_choice":"Obtained Book","damage_taken":16,"max_hp_gain":0,"max_hp_loss":0,"event_name":"Cursed Tome","floor":19,"gold_loss":0},{"damage_healed":0,"gold_gain":0,"player_choice":"Fought Bandits","damage_taken":0,"max_hp_gain":0,"max_hp_loss":0,"event_name":"Masked Bandits","floor":20,"gold_loss":0},{"damage_healed":0,"gold_gain":0,"player_choice":"Upgraded Two","damage_taken":0,"max_hp_gain":0,"max_hp_loss":0,"event_name":"Designer","floor":21,"gold_loss":40,"cards_upgraded":["Sweeping Beam","Defend_B"]}],"is_beta":false,"boss_relics":[{"not_picked":["Runic Dome","Tiny House"],"picked":"Velvet Choker"}],"items_purged_floors":[13],"is_endless":false,"potions_floor_spawned":[1,5,7,14,20],"killed_by":"2 Thieves","ascension_level":2}