{"gold_per_floor":[113,40,57,69,84,84,117,117,117,147,157,170,182,213,213,287,287,303,303,315,344,197,197,211,238,285,305,323,30,50,50,50,126,176,190,412,512,68,83,83,94,27,27,27,27,47,47,61,61,61],"floor_reached":51,"playtime":3801,"items_purged":["Strike_G"],"score":1366,"play_id":"502d3e27-345b-4276-b70c-a0b8b609f80c","local_time":"20190615192812","is_ascension_mode":true,"campfire_choices":[{"data":"Dash","floor":6.0,"key":"SMITH"},{"data":"Neutralize","floor":8.0,"key":"SMITH"},{"floor":15.0,"key":"REST"},{"data":"Infinite Blades","floor":23,"key":"SMITH"},{"floor":32,"key":"REST"},{"floor":40,"key":"DIG"},{"floor":44,"key":"DIG"},{"floor":47,"key":"DIG"},{"floor":49,"key":"DIG"}],"neow_cost":"NONE","seed_source_timestamp":20739539557317,"circlet_count":0,"master_deck":["AscendersBane","Defend_G","Defend_G","Defend_G","Defend_G","Defend_G","Strike_G","Strike_G","Survivor","Neutralize+1","Dash+1","Dagger Throw","Caltrops","Poisoned Stab","Predator","Footwork+1","Blade Dance","Dagger Spray","Slice","Blade Dance","Infinite Blades+1","Corpse Explosion","Cloak And Dagger","Cloak And Dagger","Well Laid Plans","Backstab","Bullet Time","Outmaneuver","Thinking Ahead","Backstab+1"],"special_seed":0,"relics":["Ring of the Snake","Shuriken","Kunai","Ninja Scroll","Dead Branch","Empty Cage","Red Mask","Juzu Bracelet","Ancient Tea Set","Regal Pillow","Tiny House","Shovel","Omamori","Strawberry","Orichalcum","Darkstone Periapt","Letter Opener","Mercury Hourglass","Smiling Mask","FossilizedHelix"],"potions_floor_usage":[16,18,25,27,28,50],"damage_taken":[{"damage":1.0,"enemies":"Cultist","floor":1.0,"turns":5.0},{"damage":1.0,"enemies":"2 Louse","floor":3.0,"turns":3.0},{"damage":1.0,"enemies":"Small Slimes","floor":4.0,"turns":3.0},{"damage":9.0,"enemies":"Exordium Wildlife","floor":5.0,"turns":5.0},{"damage":22.0,"enemies":"Gremlin Nob","floor":7.0,"turns":4.0},{"damage":0.0,"enemies":"Lagavulin","floor":10.0,"turns":8.0},{"damage":1.0,"enemies":"Blue Slaver","floor":11.0,"turns":2.0},{"damage":3.0,"enemies":"Looter","floor":12.0,"turns":3.0},{"damage":0.0,"enemies":"Gremlin Gang","floor":13.0,"turns":3.0},{"damage":14.0,"enemies":"3 Sentries","floor":14.0,"turns":7.0},{"damage":0,"enemies":"Hexaghost","floor":16,"turns":1},{"damage":0,"enemies":"Chosen","floor":18,"turns":4},{"damage":0,"enemies":"Spheric Guardian","floor":20,"turns":2},{"damage":0,"enemies":"Masked Bandits","floor":21,"turns":2},{"damage":10,"enemies":"Centurion and Healer","floor":24,"turns":6},{"damage":10,"enemies":"Book of Stabbing","floor":25,"turns":2},{"damage":18,"enemies":"Snake Plant","floor":27,"turns":5},{"damage":0,"enemies":"Shelled Parasite and Fungi","floor":28,"turns":6},{"damage":0,"enemies":"Snecko","floor":30,"turns":4},{"damage":20,"enemies":"Champ","floor":33,"turns":10},{"damage":1,"enemies":"3 Shapes","floor":35,"turns":2},{"damage":7,"enemies":"Mind Bloom Boss Battle","floor":37,"turns":7},{"damage":0,"enemies":"Orb Walker","floor":39,"turns":1},{"damage":1,"enemies":"4 Shapes","floor":41,"turns":4},{"damage":0,"enemies":"Spire Growth","floor":46,"turns":3},{"damage":0,"enemies":"Jaw Worm Horde","floor":48,"turns":3},{"damage":19,"enemies":"Donu and Deca","floor":50,"turns":4}],"seed_played":"-2000251177137164631","potions_obtained":[{"floor":4.0,"key":"Ancient Potion"},{"floor":5.0,"key":"AttackPotion"},{"floor":7.0,"key":"Energy Potion"},{"floor":12.0,"key":"Poison Potion"},{"floor":14.0,"key":"GamblersBrew"},{"floor":20,"key":"Explosive Potion"},{"floor":21,"key":"Energy Potion"},{"floor":25,"key":"AttackPotion"},{"floor":33,"key":"Energy Potion"}],"is_trial":false,"path_per_floor":["M","$","M","M","M","R","E","R","T","E","M","M","M","E","R","B",null,"M","?","M","?","$","R","M","E","T","M","M","$","M","$","R","B",null,"M","?","?","$","M","R","M","?","T","R","?","M","R","M","R","B",null],"character_chosen":"THE_SILENT","items_purchased":["Caltrops","GhostInAJar","Regal Pillow","GhostInAJar","Well Laid Plans","Bullet Time","Omamori","Strawberry"],"campfire_rested":2,"item_purchase_floors":[2,22,29,29,29,38,38,38],"current_hp_per_floor":[58,58,57,56,47,47,25,25,25,25,24,21,21,7,26,26,56,56,56,56,56,56,56,46,36,36,18,18,18,18,18,52,32,63,62,62,55,62,62,62,61,61,61,61,61,61,61,61,61,42],"gold":61,"neow_bonus":"THREE_CARDS","is_prod":false,"is_daily":false,"chose_seed":false,"campfire_upgraded":3,"win_rate":0,"timestamp":1560644892,"path_taken":["M","$","M","M","?","R","E","R","T","E","M","M","M","E","R","BOSS","M","?","M","?","$","R","M","E","T","M","M","$","M","?","R","BOSS","M","?","?","$","M","R","M","?","T","R","?","M","R","M","R","BOSS"],"build_version":"2019-01-23","purchased_purges":1,"victory":true,"max_hp_per_floor":[66,66,66,66,66,66,66,66,66,66,66,66,66,66,66,66,66,66,66,66,66,66,66,66,66,66,66,66,66,66,66,66,66,71,71,71,71,78,78,78,78,78,78,78,78,78,78,78,78,78],"card_choices":[{"not_picked":["Riddle With Holes","Bouncing Flask"],"picked":"Dash","floor":0.0},{"not_picked":["Masterful Stab","Expertise"],"picked":"Dagger Throw","floor":1.0},{"not_picked":["Sucker Punch","Choke"],"picked":"Poisoned Stab","floor":3.0},{"not_picked":["Sucker Punch","Dagger Spray"],"picked":"Predator","floor":4.0},{"not_picked":["Setup","Acrobatics"],"picked":"Footwork","floor":5.0},{"not_picked":["Reflex","Outmaneuver","Flying Knee"],"picked":"SKIP","floor":7.0},{"not_picked":["Outmaneuver","Noxious Fumes"],"picked":"Blade Dance","floor":10.0},{"not_picked":["Deadly Poison","Bullet Time"],"picked":"Dagger Spray","floor":11.0},{"not_picked":["Backflip","Quick Slash"],"picked":"Slice","floor":12.0},{"not_picked":["Quick Slash","Poisoned Stab"],"picked":"Blade Dance","floor":13.0},{"not_picked":["Dodge and Roll","Riddle With Holes"],"picked":"Infinite Blades","floor":14.0},{"not_picked":["Venomology","Doppelganger"],"picked":"Corpse Explosion","floor":16},{"not_picked":["Deadly Poison","Dagger Spray","Bane"],"picked":"SKIP","floor":18},{"not_picked":["Flying Knee","Poisoned Stab"],"picked":"Cloak And Dagger","floor":20},{"not_picked":["Underhanded Strike","Finisher","Tools of the Trade"],"picked":"SKIP","floor":24},{"not_picked":["Glass Knife","Terror"],"picked":"Cloak And Dagger","floor":25},{"not_picked":["Catalyst","Eviscerate","Setup"],"picked":"SKIP","floor":27},{"not_picked":["Bouncing Flask+1","Quick Slash","Catalyst"],"picked":"SKIP","floor":28},{"not_picked":["Finisher","Distraction","Bouncing Flask"],"picked":"SKIP","floor":30},{"not_picked":["Backstab","Reflex","Dodge and Roll"],"picked":"SKIP","floor":35},{"not_picked":["Reflex","Dodge and Roll"],"picked":"Backstab","floor":35},{"not_picked":["Flechettes","Accuracy+1","Riddle With Holes+1"],"picked":"SKIP","floor":39},{"not_picked":["Bane+1","Masterful Stab"],"picked":"Outmaneuver","floor":41},{"not_picked":["Mind Blast","Secret Weapon"],"picked":"Thinking Ahead","floor":45},{"not_picked":["Cloak And Dagger","Heel Hook+1","Poisoned Stab"],"picked":"SKIP","floor":46},{"not_picked":["Endless Agony","Sucker Punch"],"picked":"Backstab+1","floor":48}],"player_experience":571043,"relics_obtained":[{"floor":7.0,"key":"Shuriken"},{"floor":9.0,"key":"Kunai"},{"floor":10.0,"key":"Ninja Scroll"},{"floor":14.0,"key":"Dead Branch"},{"floor":21,"key":"Red Mask"},{"floor":25,"key":"Juzu Bracelet"},{"floor":26,"key":"Ancient Tea Set"},{"floor":37,"key":"Shovel"},{"floor":40,"key":"Orichalcum"},{"floor":43,"key":"Letter Opener"},{"floor":44,"key":"Mercury Hourglass"},{"floor":47,"key":"Smiling Mask"},{"floor":49,"key":"FossilizedHelix"}],"event_choices":[{"damage_healed":0,"gold_gain":0,"player_choice":"Ignored","damage_taken":0,"max_hp_gain":0,"max_hp_loss":0,"event_name":"Ghosts","floor":19,"gold_loss":0},{"damage_healed":0,"gold_gain":0,"player_choice":"Fought Bandits","damage_taken":0,"max_hp_gain":0,"max_hp_loss":0,"event_name":"Masked Bandits","floor":21,"gold_loss":0},{"damage_healed":0,"gold_gain":222,"player_choice":"Wore Mask","damage_taken":0,"max_hp_gain":0,"max_hp_loss":0,"event_name":"Tomb of Lord Red Mask","floor":36,"gold_loss":0},{"damage_healed":0,"gold_gain":0,"player_choice":"Fight","damage_taken":0,"max_hp_gain":0,"max_hp_loss":0,"event_name":"MindBloom","floor":37,"gold_loss":0},{"damage_healed":0,"gold_gain":0,"player_choice":"Paid Gold","damage_taken":0,"relics_obtained":["Darkstone Periapt"],"max_hp_gain":0,"max_hp_loss":0,"event_name":"WeMeetAgain","floor":42,"gold_loss":67},{"damage_healed":0,"gold_gain":0,"player_choice":"Memory 1","damage_taken":0,"max_hp_gain":0,"max_hp_loss":0,"event_name":"SensoryStone","floor":45,"gold_loss":0}],"is_beta":false,"boss_relics":[{"not_picked":["Orrery","Eternal Feather"],"picked":"Empty Cage"},{"not_picked":["Pandora\u0027s Box","Coffee Dripper"],"picked":"Tiny House"}],"items_purged_floors":[22],"is_endless":false,"potions_floor_spawned":[4,5,7,12,14,20,21,25,33,37,39],"ascension_level":15}