{"gold_per_floor":[111,111,127,140,190,217,217,234,259,287,287,314,325,336,336,440,440,451,376,376,390,401,401,401,401,455,471,490,490,507,32,32,131,131,146,195,195,213,233,259,259,294,317,317,317,22,0,12,12,12],"floor_reached":51,"playtime":2952,"items_purged":["Strike_R+1"],"score":804,"play_id":"45014edb-74b7-42d3-914a-c64b1637ff15","local_time":"20190130205030","is_ascension_mode":true,"campfire_choices":[{"data":"Cleave","floor":7,"key":"SMITH"},{"data":"Flame Barrier","floor":11,"key":"SMITH"},{"data":"True Grit","floor":15,"key":"SMITH"},{"data":"Seeing Red","floor":23,"key":"PURGE"},{"data":"Headbutt","floor":25,"key":"PURGE"},{"floor":32,"key":"REST"},{"data":"1","floor":41,"key":"LIFT"},{"floor":44,"key":"REST"},{"data":"Injury","floor":49,"key":"PURGE"}],"neow_cost":"NONE","seed_source_timestamp":537394669399460,"circlet_count":0,"master_deck":["Strike_R+1","Strike_R+1","Strike_R+1","Defend_R+1","Defend_R+1","Defend_R+1","Defend_R+1","Bash+1","Flame Barrier+1","Sword Boomerang","Cleave+1","Clothesline","True Grit+1","Demon Form","Battle Trance","Metallicize+1","Corruption+1","Inflame","Necronomicurse","Inflame","Reaper","Flash of Steel","Violence","Sentinel+1","Limit Break","Shrug It Off+1"],"relics":["Burning Blood","NeowsBlessing","PreservedInsect","Oddly Smooth Stone","Regal Pillow","Peace Pipe","Potion Belt","Fusion Hammer","Vajra","Necronomicon","Bottled Tornado","Lantern","Cursed Key","Girya","Orichalcum","Red Skull","Blood Vial","Happy Flower","Red Mask"],"potions_floor_usage":[33,33,36,39,40,42,50,50,50],"damage_taken":[{"damage":0,"enemies":"2 Louse","floor":1,"turns":1},{"damage":0,"enemies":"Cultist","floor":3,"turns":1},{"damage":0,"enemies":"Jaw Worm","floor":4,"turns":1},{"damage":28,"enemies":"Lagavulin","floor":6,"turns":5},{"damage":0,"enemies":"Large Slime","floor":8,"turns":7},{"damage":7,"enemies":"3 Sentries","floor":10,"turns":5},{"damage":15,"enemies":"Gremlin Nob","floor":12,"turns":3},{"damage":10,"enemies":"Looter","floor":13,"turns":3},{"damage":0,"enemies":"2 Fungi Beasts","floor":14,"turns":2},{"damage":44,"enemies":"Hexaghost","floor":16,"turns":11},{"damage":9,"enemies":"3 Byrds","floor":18,"turns":2},{"damage":3,"enemies":"Chosen","floor":21,"turns":4},{"damage":9,"enemies":"Snecko","floor":22,"turns":5},{"damage":17,"enemies":"Shelled Parasite and Fungi","floor":27,"turns":5},{"damage":11,"enemies":"Cultist and Chosen","floor":28,"turns":5},{"damage":0,"enemies":"Chosen and Byrds","floor":30,"turns":3},{"damage":9,"enemies":"Collector","floor":33,"turns":6},{"damage":21,"enemies":"3 Shapes","floor":35,"turns":4},{"damage":31,"enemies":"2 Orb Walkers","floor":36,"turns":3},{"damage":24,"enemies":"3 Darklings","floor":38,"turns":4},{"damage":3,"enemies":"4 Shapes","floor":39,"turns":3},{"damage":36,"enemies":"Reptomancer","floor":40,"turns":4},{"damage":85,"enemies":"Nemesis","floor":42,"turns":11},{"damage":14,"enemies":"Sphere and 2 Shapes","floor":48,"turns":7},{"damage":39,"enemies":"Awakened One","floor":50,"turns":8}],"seed_played":"7626487025040970543","potions_obtained":[{"floor":6,"key":"Dexterity Potion"},{"floor":8,"key":"Fire Potion"},{"floor":10,"key":"SteroidPotion"},{"floor":13,"key":"FearPotion"},{"floor":16,"key":"Energy Potion"},{"floor":18,"key":"Explosive Potion"},{"floor":21,"key":"Regen Potion"},{"floor":28,"key":"AttackPotion"},{"floor":30,"key":"Block Potion"},{"floor":33,"key":"Ancient Potion"},{"floor":35,"key":"FearPotion"},{"floor":38,"key":"SkillPotion"},{"floor":40,"key":"Swift Potion"}],"is_trial":false,"path_per_floor":["M","?","M","M","T","E","R","M","T","E","R","E","M","M","R","B",null,"M","?","?","M","M","R","?","R","T","M","M","?","M","$","R","B",null,"M","?","?","M","M","E","R","E","T","R","?","$","?","M","R","B",null],"character_chosen":"IRONCLAD","items_purchased":["Bottled Tornado","Lantern","Limit Break","Happy Flower"],"campfire_rested":2,"item_purchase_floors":[31,31,46,46],"current_hp_per_floor":[80,80,80,80,80,58,58,64,64,63,63,54,50,56,56,18,80,77,77,77,80,77,77,77,77,77,66,61,45,51,51,80,77,80,80,55,45,62,80,62,62,31,31,70,70,70,70,80,80,80],"gold":12,"neow_bonus":"THREE_ENEMY_KILL","is_prod":false,"is_daily":false,"chose_seed":false,"campfire_upgraded":3,"win_rate":0,"timestamp":1548903030,"path_taken":["M","?","?","?","?","E","R","M","T","E","R","E","M","M","R","BOSS","M","?","?","M","M","R","?","R","T","?","M","?","M","$","R","BOSS","M","?","?","M","M","E","R","E","T","R","?","$","?","M","R","BOSS"],"build_version":"2019-01-23","purchased_purges":1,"victory":true,"max_hp_per_floor":[80,80,80,80,80,80,80,80,80,80,80,80,80,80,80,80,80,80,80,80,80,80,80,80,80,80,80,80,80,80,80,80,80,80,80,80,80,80,80,80,80,80,80,80,80,80,80,80,80,80],"card_choices":[{"not_picked":["Clash","Rage"],"picked":"Headbutt","floor":1},{"not_picked":["Power Through","Infernal Blade"],"picked":"Flame Barrier","floor":3},{"not_picked":["Warcry","Armaments"],"picked":"Sword Boomerang","floor":4},{"not_picked":["Searing Blow","Blood for Blood"],"picked":"Cleave","floor":6},{"not_picked":["Sentinel","Disarm"],"picked":"Hemokinesis","floor":8},{"not_picked":["Ghostly Armor","Power Through"],"picked":"Clothesline","floor":10},{"not_picked":["Havoc","Double Tap"],"picked":"Seeing Red","floor":12},{"not_picked":["Clothesline","Intimidate","Sever Soul"],"picked":"SKIP","floor":13},{"not_picked":["Disarm","Evolve"],"picked":"True Grit","floor":14},{"not_picked":["Offering","Limit Break"],"picked":"Demon Form","floor":16},{"not_picked":["Warcry","Entrench"],"picked":"Heavy Blade","floor":18},{"not_picked":["Heavy Blade","Armaments"],"picked":"Battle Trance","floor":21},{"not_picked":["Body Slam","Cleave"],"picked":"Metallicize+1","floor":22},{"not_picked":["Entrench","Iron Wave+1"],"picked":"Corruption+1","floor":27},{"not_picked":["Clothesline","Rampage"],"picked":"Inflame","floor":28},{"not_picked":["Iron Wave+1","Corruption"],"picked":"Inflame","floor":30},{"not_picked":["Dark Embrace","Demon Form"],"picked":"Reaper","floor":33},{"not_picked":["Fire Breathing+1","Clash","Twin Strike+1"],"picked":"SKIP","floor":35},{"not_picked":["Trip","Bandage Up"],"picked":"Flash of Steel","floor":37},{"not_picked":["Forethought","Trip"],"picked":"Violence","floor":37},{"not_picked":["Heavy Blade","Spot Weakness"],"picked":"Sentinel+1","floor":38},{"not_picked":["Heavy Blade","Clash+1","Evolve"],"picked":"SKIP","floor":39},{"not_picked":["Reckless Charge","Wild Strike+1","Perfected Strike"],"picked":"SKIP","floor":40},{"not_picked":["Bloodletting","Pommel Strike","Fiend Fire"],"picked":"SKIP","floor":42},{"not_picked":["Clash","Uppercut"],"picked":"Shrug It Off+1","floor":48}],"player_experience":52822,"relics_obtained":[{"floor":5,"key":"PreservedInsect"},{"floor":6,"key":"Oddly Smooth Stone"},{"floor":9,"key":"Regal Pillow"},{"floor":10,"key":"Peace Pipe"},{"floor":12,"key":"Potion Belt"},{"floor":26,"key":"Vajra"},{"floor":29,"key":"Necronomicon"},{"floor":36,"key":"Girya"},{"floor":40,"key":"Orichalcum"},{"floor":42,"key":"Red Skull"},{"floor":43,"key":"Blood Vial"}],"event_choices":[{"damage_healed":0,"gold_gain":0,"player_choice":"Upgraded","damage_taken":0,"max_hp_gain":0,"max_hp_loss":0,"event_name":"Upgrade Shrine","floor":2,"gold_loss":0,"cards_upgraded":["Bash"]},{"cards_removed":["Strike_R"],"damage_healed":0,"gold_gain":0,"player_choice":"Gave Gold","damage_taken":0,"max_hp_gain":0,"max_hp_loss":0,"event_name":"Beggar","floor":19,"gold_loss":75},{"damage_healed":0,"gold_gain":0,"player_choice":"Simplicity","damage_taken":0,"max_hp_gain":0,"max_hp_loss":0,"event_name":"Back to Basics","floor":20,"gold_loss":0,"cards_upgraded":["Strike_R","Strike_R","Strike_R","Strike_R","Defend_R","Defend_R","Defend_R","Defend_R"]},{"cards_removed":["Heavy Blade"],"damage_healed":0,"gold_gain":0,"player_choice":"Purged","damage_taken":0,"max_hp_gain":0,"max_hp_loss":0,"event_name":"Purifier","floor":24,"gold_loss":0},{"damage_healed":0,"gold_gain":0,"player_choice":"Obtained Book","damage_taken":16,"max_hp_gain":0,"max_hp_loss":0,"event_name":"Cursed Tome","floor":29,"gold_loss":0},{"damage_healed":0,"gold_gain":0,"player_choice":"Fight","damage_taken":0,"max_hp_gain":0,"max_hp_loss":0,"event_name":"Mysterious Sphere","floor":36,"gold_loss":0},{"damage_healed":0,"gold_gain":0,"player_choice":"Memory 3","damage_taken":10,"max_hp_gain":0,"max_hp_loss":0,"event_name":"SensoryStone","floor":37,"gold_loss":0},{"cards_removed":["Hemokinesis"],"damage_healed":0,"gold_gain":0,"player_choice":"Removed Attack","damage_taken":0,"max_hp_gain":0,"max_hp_loss":0,"event_name":"Falling","floor":45,"gold_loss":0},{"damage_healed":0,"gold_gain":0,"player_choice":"Paid","damage_taken":0,"relics_obtained":["Red Mask"],"max_hp_gain":0,"max_hp_loss":0,"event_name":"Tomb of Lord Red Mask","floor":47,"gold_loss":22}],"is_beta":false,"boss_relics":[{"not_picked":["Empty Cage","Busted Crown"],"picked":"Fusion Hammer"},{"not_picked":["Mark of Pain","Pandora\u0027s Box"],"picked":"Cursed Key"}],"items_purged_floors":[31],"is_endless":false,"potions_floor_spawned":[6,8,10,13,16,18,21,28,30,33,35,38,40],"ascension_level":3}