{"gold_per_floor":[113,129,143,68,68,68,68,102,102,116,128,128,128,141,141,217,217,230,230,230,247,247,247,275,34,34,34,34,97,111,111,111,111],"floor_reached":33,"playtime":1746,"items_purged":["Finisher"],"score":552,"play_id":"7729a95e-90ed-40fb-9b3b-f24a60ad818a","local_time":"20190921213931","is_ascension_mode":true,"campfire_choices":[{"data":"Neutralize","floor":6,"key":"SMITH"},{"floor":12,"key":"REST"},{"floor":15,"key":"REST"},{"data":"Noxious Fumes","floor":23,"key":"SMITH"},{"data":"Catalyst","floor":27,"key":"SMITH"},{"floor":32,"key":"REST"}],"neow_cost":"NONE","seed_source_timestamp":114945831406453,"circlet_count":0,"master_deck":["AscendersBane","Strike_G+1","Strike_G+1","Defend_G+1","Defend_G+1","Defend_G+1","Defend_G+1","Defend_G+1","Survivor","Neutralize+1","Noxious Fumes+1","Outmaneuver","Masterful Stab","Backflip","Deadly Poison","Footwork","Malaise","Deadly Poison","Quick Slash","Acrobatics","Catalyst+1","Deflect"],"relics":["Ring of the Snake","NeowsBlessing","Torii","Bronze Scales","Ice Cream","Question Card","Sozu","Dead Branch","Oddly Smooth Stone","Eternal Feather","Bottled Lightning","Tiny Chest","Matryoshka"],"potions_floor_usage":[10,10,11,30,33],"damage_taken":[{"damage":0,"enemies":"Cultist","floor":1,"turns":1},{"damage":0,"enemies":"Jaw Worm","floor":2,"turns":1},{"damage":0,"enemies":"2 Louse","floor":3,"turns":1},{"damage":39,"enemies":"Lagavulin","floor":8,"turns":11},{"damage":1,"enemies":"2 Fungi Beasts","floor":10,"turns":4},{"damage":0,"enemies":"Red Slaver","floor":11,"turns":4},{"damage":0,"enemies":"Blue Slaver","floor":14,"turns":4},{"damage":11,"enemies":"The Guardian","floor":16,"turns":12},{"damage":0,"enemies":"3 Byrds","floor":18,"turns":4},{"damage":8,"enemies":"Chosen","floor":21,"turns":5},{"damage":7,"enemies":"Book of Stabbing","floor":24,"turns":5},{"damage":50,"enemies":"Slavers","floor":29,"turns":7},{"damage":2,"enemies":"Snecko","floor":30,"turns":6},{"damage":36,"enemies":"Collector","floor":33,"turns":10}],"seed_played":"-2894269958692310466","potions_obtained":[{"floor":8,"key":"EntropicBrew"},{"floor":10,"key":"Block Potion"},{"floor":11,"key":"SpeedPotion"}],"is_trial":false,"path_per_floor":["M","M","M","?","?","R","?","E","T","M","M","R","T","M","R","B",null,"M","?","?","M","?","R","E","$","T","R","T","E","M","T","R","B"],"character_chosen":"THE_SILENT","items_purchased":["Oddly Smooth Stone"],"campfire_rested":3,"item_purchase_floors":[25],"current_hp_per_floor":[59,59,59,59,41,41,41,2,2,1,1,20,20,20,39,28,57,57,57,57,49,49,49,42,42,42,54,54,4,2,2,33,0],"gold":111,"neow_bonus":"THREE_ENEMY_KILL","is_prod":false,"is_daily":false,"chose_seed":false,"campfire_upgraded":3,"win_rate":0,"timestamp":1569119971,"path_taken":["M","?","M","?","?","R","?","E","T","?","M","R","?","M","R","BOSS","M","?","?","M","?","R","E","$","T","R","?","E","M","?","R","BOSS"],"build_version":"2019-09-20","purchased_purges":1,"victory":false,"max_hp_per_floor":[66,66,66,66,66,66,66,66,66,66,66,66,66,66,66,66,66,66,66,66,66,66,66,66,66,66,66,66,66,66,66,66,66],"card_choices":[{"not_picked":["Underhanded Strike","Cloak And Dagger"],"picked":"Sucker Punch","floor":1},{"not_picked":["Bane","Quick Slash"],"picked":"Noxious Fumes","floor":2},{"not_picked":["Acrobatics","Prepared","Escape Plan"],"picked":"SKIP","floor":3},{"not_picked":["Blur","Calculated Gamble"],"picked":"Masterful Stab","floor":8},{"not_picked":["Underhanded Strike","Deflect"],"picked":"Backflip","floor":10},{"not_picked":["Flying Knee","Riddle With Holes"],"picked":"Deadly Poison","floor":11},{"not_picked":["Dodge and Roll","Blur","Flying Knee"],"picked":"Footwork","floor":14},{"not_picked":["After Image","Grand Finale","Night Terror"],"picked":"Malaise","floor":16},{"not_picked":["Dagger Throw","Finisher","Flechettes+1"],"picked":"Deadly Poison","floor":18},{"not_picked":["Flying Knee","Tactician","Riddle With Holes"],"picked":"Acrobatics","floor":21},{"not_picked":["Dash","Underhanded Strike","Slice","Flying Knee"],"picked":"SKIP","floor":24},{"not_picked":["Dagger Spray","Concentrate","Flechettes"],"picked":"Deflect","floor":29},{"not_picked":["Dagger Throw+1","Bullet Time","Underhanded Strike","Bouncing Flask"],"picked":"SKIP","floor":30}],"player_experience":751193,"relics_obtained":[{"floor":8,"key":"Bronze Scales"},{"floor":9,"key":"Ice Cream"},{"floor":13,"key":"Question Card"},{"floor":24,"key":"Dead Branch"},{"floor":26,"key":"Eternal Feather"},{"floor":28,"key":"Bottled Lightning"},{"floor":29,"key":"Tiny Chest"},{"floor":31,"key":"Matryoshka"}],"event_choices":[{"cards_removed":["Strike_G"],"damage_healed":0,"gold_gain":0,"player_choice":"Card Removal","damage_taken":0,"max_hp_gain":0,"max_hp_loss":0,"event_name":"The Cleric","floor":4,"gold_loss":75},{"damage_healed":0,"gold_gain":0,"player_choice":"Success","damage_taken":18,"relics_obtained":["Torii"],"max_hp_gain":0,"max_hp_loss":0,"event_name":"Scrap Ooze","floor":5,"gold_loss":0},{"damage_healed":0,"gold_gain":0,"cards_transformed":["Strike_G"],"player_choice":"Transformed","damage_taken":0,"max_hp_gain":0,"max_hp_loss":0,"event_name":"Transmorgrifier","floor":7,"gold_loss":0,"cards_obtained":["Outmaneuver"]},{"damage_healed":0,"gold_gain":0,"player_choice":"Simplicity","damage_taken":0,"max_hp_gain":0,"max_hp_loss":0,"event_name":"Back to Basics","floor":19,"gold_loss":0,"cards_upgraded":["Strike_G","Strike_G","Strike_G","Defend_G","Defend_G","Defend_G","Defend_G","Defend_G"]},{"damage_healed":0,"gold_gain":0,"cards_transformed":["Sucker Punch","Strike_G"],"player_choice":"Became Test Subject","damage_taken":0,"max_hp_gain":0,"max_hp_loss":0,"event_name":"Drug Dealer","floor":20,"gold_loss":0,"cards_obtained":["Finisher","Quick Slash"]},{"damage_healed":0,"gold_gain":0,"player_choice":"Read","damage_taken":0,"max_hp_gain":0,"max_hp_loss":0,"event_name":"The Library","floor":22,"gold_loss":0,"cards_obtained":["Catalyst"]}],"is_beta":true,"boss_relics":[{"not_picked":["Coffee Dripper","SacredBark"],"picked":"Sozu"}],"items_purged_floors":[25],"is_endless":false,"potions_floor_spawned":[8,10,11,16,18,29],"killed_by":"Collector","ascension_level":19}