{"gold_per_floor":[109,126,141,47,47,47,57,73,73,73,101,116,148,165,165,262,262,280,299,299,311,329,354,365,382,406,406,437,437,8,27,27,128,128,142,156,156,168,186,186,3,103,129,160,17,30,40,57,57,57],"floor_reached":51,"playtime":5398,"items_purged":[],"score":1065,"play_id":"464f59a0-d7dd-4128-a366-522d4f85c850","local_time":"20190702012032","is_ascension_mode":true,"campfire_choices":[{"data":"Clothesline","floor":6.0,"key":"SMITH"},{"floor":10.0,"key":"REST"},{"data":"Pummel","floor":15.0,"key":"SMITH"},{"data":"Shockwave","floor":27.0,"key":"SMITH"},{"data":"Shrug It Off","floor":29.0,"key":"SMITH"},{"data":"Armaments","floor":32.0,"key":"SMITH"},{"data":"Shrug It Off","floor":40.0,"key":"SMITH"},{"floor":49,"key":"REST"}],"neow_cost":"NONE","seed_source_timestamp":0,"circlet_count":0,"master_deck":["Strike_R","Strike_R","Defend_R","Defend_R","Defend_R","Defend_R","Bash","Pummel+1","Clothesline+1","Shrug It Off+1","Shockwave+1","Heavy Blade+1","Battle Trance","Immolate+1","Shrug It Off+1","Immolate+1","Evolve+1","Metallicize+1","Pommel Strike+1","Iron Wave+1","Headbutt+1","Sentinel+1","Corruption+1","Armaments+1","Reaper+1","Infernal Blade+1","Second Wind+1","Warcry+1","True Grit+1","True Grit","Feel No Pain+1"],"special_seed":0,"relics":["Burning Blood","Red Skull","Molten Egg 2","Champion Belt","Dead Branch","Frozen Egg 2","Velvet Choker","Potion Belt","Boot","Unceasing Top","FossilizedHelix","Astrolabe","Ginger","Omamori","Magic Flower","Strawberry"],"potions_floor_usage":[46,46,46,50,50,50],"damage_taken":[{"damage":4.0,"enemies":"Small Slimes","floor":1.0,"turns":3.0},{"damage":1.0,"enemies":"Cultist","floor":2.0,"turns":3.0},{"damage":6.0,"enemies":"2 Louse","floor":3.0,"turns":3.0},{"damage":4.0,"enemies":"2 Fungi Beasts","floor":7.0,"turns":3.0},{"damage":6.0,"enemies":"Looter","floor":8.0,"turns":3.0},{"damage":29.0,"enemies":"3 Sentries","floor":11.0,"turns":7.0},{"damage":10.0,"enemies":"Exordium Thugs","floor":12.0,"turns":3.0},{"damage":7.0,"enemies":"Lagavulin","floor":13.0,"turns":5.0},{"damage":2.0,"enemies":"Exordium Wildlife","floor":14.0,"turns":2.0},{"damage":0.0,"enemies":"Slime Boss","floor":16.0,"turns":6.0},{"damage":0.0,"enemies":"Spheric Guardian","floor":18.0,"turns":2.0},{"damage":11.0,"enemies":"3 Byrds","floor":19.0,"turns":3.0},{"damage":13.0,"enemies":"Cultist and Chosen","floor":21.0,"turns":5.0},{"damage":10.0,"enemies":"Centurion and Healer","floor":22.0,"turns":3.0},{"damage":0.0,"enemies":"Gremlin Leader","floor":23.0,"turns":3.0},{"damage":3.0,"enemies":"Snake Plant","floor":24.0,"turns":3.0},{"damage":5.0,"enemies":"Cultist and Chosen","floor":25.0,"turns":4.0},{"damage":19.0,"enemies":"Book of Stabbing","floor":28.0,"turns":6.0},{"damage":0.0,"enemies":"Snecko","floor":31.0,"turns":4.0},{"damage":26.0,"enemies":"Champ","floor":33.0,"turns":11.0},{"damage":0.0,"enemies":"Orb Walker","floor":35.0,"turns":3.0},{"damage":14.0,"enemies":"3 Shapes","floor":36.0,"turns":4.0},{"damage":25.0,"enemies":"Sphere and 2 Shapes","floor":37.0,"turns":3.0},{"damage":19.0,"enemies":"4 Shapes","floor":38.0,"turns":5.0},{"damage":0.0,"enemies":"Spire Growth","floor":39.0,"turns":4.0},{"damage":0.0,"enemies":"Mind Bloom Boss Battle","floor":42.0,"turns":5.0},{"damage":0.0,"enemies":"Giant Head","floor":44.0,"turns":10.0},{"damage":0,"enemies":"Transient","floor":46,"turns":5},{"damage":9,"enemies":"3 Darklings","floor":47,"turns":3},{"damage":60,"enemies":"4 Shapes","floor":48,"turns":4},{"damage":48,"enemies":"Awakened One","floor":50,"turns":22}],"seed_played":"-4881490140598209047","potions_obtained":[{"floor":3.0,"key":"Swift Potion"},{"floor":8.0,"key":"SmokeBomb"},{"floor":11.0,"key":"Explosive Potion"},{"floor":19.0,"key":"AttackPotion"},{"floor":23.0,"key":"Energy Potion"},{"floor":31.0,"key":"SpeedPotion"},{"floor":33.0,"key":"Ancient Potion"},{"floor":35.0,"key":"SpeedPotion"},{"floor":36.0,"key":"SteroidPotion"},{"floor":42.0,"key":"Regen Potion"},{"floor":47,"key":"Block Potion"}],"is_trial":false,"path_per_floor":["M","M","M","$","?","R","M","M","T","R","E","M","E","M","R","B",null,"M","M","?","M","M","E","M","M","T","R","E","R","$","M","R","B",null,"M","M","M","M","M","R","$","?","T","E","$","M","M","M","R","B",null],"character_chosen":"IRONCLAD","items_purchased":["Shrug It Off","SteroidPotion","Corruption+1","FossilizedHelix","Block Potion","True Grit","Feel No Pain+1","AttackPotion","Strawberry"],"campfire_rested":2,"item_purchase_floors":[4,4,30,30,30,41,41,41,45],"current_hp_per_floor":[74,79,79,79,37,37,39,39,39,63,40,36,35,39,39,45,71,77,72,72,65,61,67,70,71,71,71,58,58,58,64,64,44,71,77,72,67,61,74,74,74,80,80,80,87,87,87,60,86,71],"gold":57,"neow_bonus":"RANDOM_COMMON_RELIC","is_prod":false,"is_daily":false,"chose_seed":false,"campfire_upgraded":6,"win_rate":0,"timestamp":1562048432,"path_taken":["M","M","M","$","?","R","M","M","T","R","E","M","E","M","R","BOSS","M","M","?","M","M","E","M","M","T","R","E","R","$","M","R","BOSS","M","M","M","M","M","R","$","?","T","E","$","M","M","M","R","BOSS"],"build_version":"2019-07-01","purchased_purges":0,"victory":true,"max_hp_per_floor":[80,80,80,80,80,80,80,80,80,80,80,80,80,80,80,80,80,80,80,80,80,80,80,80,80,80,80,80,80,80,80,80,80,80,80,80,80,80,80,80,80,80,80,80,87,87,87,87,87,87],"card_choices":[{"not_picked":["Twin Strike","Warcry"],"picked":"Pummel","floor":1.0},{"not_picked":["Flex","Dropkick"],"picked":"Clothesline","floor":2.0},{"not_picked":["Iron Wave","Twin Strike","Body Slam"],"picked":"SKIP","floor":3.0},{"not_picked":["Armaments","Clothesline+1"],"picked":"Shockwave","floor":7.0},{"not_picked":["Feel No Pain","Thunderclap+1"],"picked":"Heavy Blade+1","floor":8.0},{"not_picked":["Carnage+1","Juggernaut"],"picked":"Sever Soul+1","floor":11.0},{"not_picked":["Havoc","Cleave+1"],"picked":"Battle Trance","floor":12.0},{"not_picked":["Juggernaut","Sentinel"],"picked":"Immolate+1","floor":13.0},{"not_picked":["Clash+1","Warcry"],"picked":"Shrug It Off","floor":14.0},{"not_picked":["Offering","Fiend Fire+1"],"picked":"Immolate+1","floor":16.0},{"not_picked":["Dropkick+1","Anger+1"],"picked":"Evolve+1","floor":18.0},{"not_picked":["Flex","Hemokinesis+1"],"picked":"Metallicize+1","floor":19.0},{"not_picked":["Evolve+1","Hemokinesis+1"],"picked":"Pommel Strike+1","floor":21.0},{"not_picked":["Evolve+1","Combust+1","Body Slam+1"],"picked":"SKIP","floor":22.0},{"not_picked":["Hemokinesis+1","Sword Boomerang+1"],"picked":"Iron Wave+1","floor":23.0},{"not_picked":["Thunderclap+1","True Grit"],"picked":"Headbutt+1","floor":24.0},{"not_picked":["Clash+1","Exhume","Sentinel+1"],"picked":"SKIP","floor":25.0},{"not_picked":["Clash+1","Exhume"],"picked":"Sentinel+1","floor":25.0},{"not_picked":["Havoc+1","Perfected Strike+1","Ghostly Armor+1"],"picked":"SKIP","floor":28.0},{"not_picked":["Combust+1","Headbutt+1"],"picked":"Armaments","floor":31.0},{"not_picked":["Fiend Fire+1","Exhume"],"picked":"Reaper+1","floor":33.0},{"not_picked":["Wild Strike+1","Heavy Blade+1","Sever Soul+1"],"picked":"SKIP","floor":35.0},{"not_picked":["Dropkick+1","Flex","Wild Strike+1"],"picked":"SKIP","floor":36.0},{"not_picked":["Burning Pact+1","Shockwave+1","Havoc+1"],"picked":"SKIP","floor":38.0},{"not_picked":["Burning Pact+1","Perfected Strike+1"],"picked":"True Grit+1","floor":39.0},{"not_picked":["Headbutt+1","Pommel Strike+1","Rupture+1"],"picked":"SKIP","floor":44.0},{"not_picked":["Body Slam+1","Clash+1","Hemokinesis+1"],"picked":"SKIP","floor":46},{"not_picked":["Sever Soul+1","Hemokinesis+1","Clash+1"],"picked":"SKIP","floor":47},{"not_picked":["Rage","Clothesline+1","Anger+1"],"picked":"SKIP","floor":48}],"player_experience":105837,"relics_obtained":[{"floor":9.0,"key":"Champion Belt"},{"floor":11.0,"key":"Dead Branch"},{"floor":13.0,"key":"Frozen Egg 2"},{"floor":23.0,"key":"Potion Belt"},{"floor":26.0,"key":"Boot"},{"floor":28.0,"key":"Unceasing Top"},{"floor":42.0,"key":"Ginger"},{"floor":43.0,"key":"Omamori"},{"floor":44.0,"key":"Magic Flower"}],"event_choices":[{"damage_healed":0.0,"max_hp_gain":0.0,"max_hp_loss":0.0,"gold_gain":0.0,"event_name":"Scrap Ooze","player_choice":"Success","floor":5.0,"gold_loss":0.0,"damage_taken":42.0,"relics_obtained":["Molten Egg 2"]},{"cards_removed":["Strike_R"],"damage_healed":0.0,"max_hp_gain":0.0,"max_hp_loss":0.0,"gold_gain":0.0,"event_name":"Bonfire Elementals","player_choice":"Offered Basic","floor":20.0,"gold_loss":0.0,"damage_taken":0.0},{"damage_healed":0.0,"max_hp_gain":0.0,"max_hp_loss":0.0,"gold_gain":0.0,"event_name":"MindBloom","player_choice":"Fight","floor":42.0,"gold_loss":0.0,"damage_taken":0.0}],"is_beta":false,"boss_relics":[{"not_picked":["Empty Cage","Calling Bell"],"picked":"Velvet Choker"},{"not_picked":["Lizard Tail","Runic Dome"],"picked":"Astrolabe"}],"items_purged_floors":[],"is_endless":false,"potions_floor_spawned":[3,8,11,19,23,31,33,35,36,42,44,47],"ascension_level":7}