{"gold_per_floor":[109,122,122,139,104,134,134,134],"floor_reached":8,"playtime":510,"items_purged":[],"score":109,"play_id":"6c5f6b9f-fdaa-4779-8d9f-e1e4baa2c6f8","local_time":"20190907173610","is_ascension_mode":true,"campfire_choices":[{"data":"Deadly Poison","floor":7,"key":"SMITH"}],"neow_cost":"NONE","seed_source_timestamp":436317333508480,"circlet_count":0,"master_deck":["AscendersBane","Strike_G","Strike_G","Strike_G","Strike_G","Defend_G","Defend_G","Defend_G+1","Defend_G","Defend_G","Survivor+1","Neutralize","Die Die Die","Masterful Stab","Deadly Poison+1","Wraith Form v2","Dagger Throw"],"relics":["Ring of the Snake","Pear"],"potions_floor_usage":[6],"damage_taken":[{"damage":1,"enemies":"2 Louse","floor":1,"turns":2},{"damage":0,"enemies":"Jaw Worm","floor":2,"turns":4},{"damage":0,"enemies":"Small Slimes","floor":4,"turns":2},{"damage":33,"enemies":"3 Sentries","floor":6,"turns":9},{"damage":31,"enemies":"Lagavulin","floor":8,"turns":7}],"seed_played":"1262334114588935614","potions_obtained":[{"floor":2,"key":"Swift Potion"}],"is_trial":false,"path_per_floor":["M","M","?","M","?","E","R","E"],"character_chosen":"THE_SILENT","items_purchased":[],"campfire_rested":0,"item_purchase_floors":[],"current_hp_per_floor":[58,58,38,38,54,31,31,0],"gold":134,"neow_bonus":"TRANSFORM_CARD","is_prod":false,"is_daily":false,"chose_seed":false,"campfire_upgraded":1,"win_rate":0,"timestamp":1567895770,"path_taken":["M","M","?","M","?","E","R","E"],"build_version":"2019-07-17","purchased_purges":0,"victory":false,"max_hp_per_floor":[66,66,66,66,66,76,76,76],"card_choices":[{"not_picked":["Underhanded Strike","Flying Knee"],"picked":"Masterful Stab","floor":1},{"not_picked":["PiercingWail","Terror"],"picked":"Deadly Poison","floor":2},{"not_picked":["Eviscerate","Dagger Spray"],"picked":"Wraith Form v2","floor":4},{"not_picked":["Slice","Quick Slash"],"picked":"Dagger Throw","floor":6}],"player_experience":709466,"relics_obtained":[{"floor":6,"key":"Pear"}],"event_choices":[{"damage_healed":0,"gold_gain":0,"player_choice":"Entered Light","damage_taken":20,"max_hp_gain":0,"max_hp_loss":0,"event_name":"Shining Light","floor":3,"gold_loss":0,"cards_upgraded":["Survivor","Defend_G"]},{"damage_healed":16,"gold_gain":0,"player_choice":"Healed","damage_taken":0,"max_hp_gain":0,"max_hp_loss":0,"event_name":"The Cleric","floor":5,"gold_loss":35}],"is_beta":false,"boss_relics":[],"items_purged_floors":[],"is_endless":false,"potions_floor_spawned":[2],"killed_by":"Lagavulin","ascension_level":19}