{"gold_per_floor":[109,29,44,62,82,82,110,110,133,161,178,194,194,213,213,287,287,302,316,316],"floor_reached":20,"playtime":978,"items_purged":[],"score":373,"play_id":"41a86118-0a62-4831-a5d8-c41a748cdf1f","local_time":"20190614191747","is_ascension_mode":true,"campfire_choices":[{"data":"Bane","floor":6,"key":"SMITH"},{"data":"Footwork","floor":15,"key":"SMITH"}],"neow_cost":"NONE","seed_source_timestamp":17171521231373,"circlet_count":0,"master_deck":["AscendersBane","Defend_G","Defend_G","Defend_G","Defend_G","Defend_G","Strike_G","Strike_G","Strike_G","Strike_G","Strike_G","Survivor","Neutralize","Deadly Poison","Caltrops","Footwork+1","Poisoned Stab","All Out Attack","Bane+1","Adrenaline","Noxious Fumes","Deadly Poison","Noxious Fumes","Adrenaline","Bouncing Flask"],"relics":["Ring of the Snake","Vajra","PreservedInsect","Potion Belt","Black Star"],"potions_floor_usage":[7,10,10],"damage_taken":[{"damage":0,"enemies":"Cultist","floor":1,"turns":5},{"damage":4,"enemies":"2 Louse","floor":3,"turns":4},{"damage":5,"enemies":"Small Slimes","floor":4,"turns":5},{"damage":0,"enemies":"3 Louse","floor":5,"turns":3},{"damage":18,"enemies":"Lagavulin","floor":7,"turns":7},{"damage":0,"enemies":"Gremlin Nob","floor":10,"turns":2},{"damage":7,"enemies":"Looter","floor":11,"turns":4},{"damage":0,"enemies":"Gremlin Gang","floor":12,"turns":3},{"damage":0,"enemies":"2 Fungi Beasts","floor":14,"turns":4},{"damage":20,"enemies":"The Guardian","floor":16,"turns":8},{"damage":18,"enemies":"Shell Parasite","floor":18,"turns":6},{"damage":16,"enemies":"Spheric Guardian","floor":19,"turns":4},{"damage":26,"enemies":"Snake Plant","floor":20,"turns":3}],"seed_played":"932459672631397134","potions_obtained":[{"floor":1,"key":"Regen Potion"},{"floor":4,"key":"Swift Potion"},{"floor":7,"key":"FearPotion"},{"floor":11,"key":"FairyPotion"},{"floor":13,"key":"SneckoOil"},{"floor":13,"key":"SteroidPotion"},{"floor":14,"key":"Poison Potion"},{"floor":19,"key":"FearPotion"}],"is_trial":false,"path_per_floor":["M","$","M","M","M","R","E","?","T","E","M","M","?","M","R","B",null,"M","M","M"],"character_chosen":"THE_SILENT","items_purchased":["Footwork"],"campfire_rested":0,"item_purchase_floors":[2],"current_hp_per_floor":[59,59,55,50,50,50,32,32,32,37,30,30,30,30,30,10,52,34,18,0],"gold":316,"neow_bonus":"THREE_CARDS","is_prod":false,"is_daily":false,"chose_seed":false,"campfire_upgraded":2,"win_rate":0,"timestamp":1560557867,"path_taken":["M","$","?","M","M","R","E","?","T","E","M","M","?","M","R","BOSS","M","?","M"],"build_version":"2019-01-23","purchased_purges":0,"victory":false,"max_hp_per_floor":[66,66,66,66,66,66,66,66,66,66,66,66,66,66,66,66,66,66,66,66],"card_choices":[{"not_picked":["Tactician","Dagger Spray"],"picked":"Deadly Poison","floor":0},{"not_picked":["Choke","Eviscerate"],"picked":"Caltrops","floor":1},{"not_picked":["Deadly Poison","Bane"],"picked":"Poisoned Stab","floor":3},{"not_picked":["Flying Knee","Riddle With Holes"],"picked":"All Out Attack","floor":4},{"not_picked":["Flechettes","Underhanded Strike"],"picked":"Bane","floor":5},{"not_picked":["Escape Plan","Deflect"],"picked":"Adrenaline","floor":7},{"not_picked":["Dagger Throw","Riddle With Holes"],"picked":"Noxious Fumes","floor":10},{"not_picked":["Concentrate","Predator","Quick Slash"],"picked":"SKIP","floor":11},{"not_picked":["Poisoned Stab","Prepared"],"picked":"Deadly Poison","floor":12},{"not_picked":["Dodge and Roll","Prepared"],"picked":"Noxious Fumes","floor":14},{"not_picked":["Unload","Tools of the Trade"],"picked":"Adrenaline","floor":16},{"not_picked":["Deflect","Bane"],"picked":"Bouncing Flask","floor":18},{"not_picked":["Sucker Punch","Poisoned Stab+1","Riddle With Holes"],"picked":"SKIP","floor":19},{"not_picked":["Sucker Punch","Poisoned Stab+1","Riddle With Holes"],"picked":"SKIP","floor":19}],"player_experience":563821,"relics_obtained":[{"floor":7,"key":"Vajra"},{"floor":9,"key":"PreservedInsect"},{"floor":10,"key":"Potion Belt"}],"event_choices":[{"damage_healed":0,"gold_gain":0,"player_choice":"Ignored","damage_taken":0,"max_hp_gain":0,"max_hp_loss":0,"event_name":"Shining Light","floor":8,"gold_loss":0},{"damage_healed":0,"gold_gain":0,"player_choice":"Got Potions","damage_taken":0,"max_hp_gain":0,"max_hp_loss":0,"event_name":"Lab","floor":13,"gold_loss":0}],"is_beta":false,"boss_relics":[{"not_picked":["Lizard Tail","Snecko Eye"],"picked":"Black Star"}],"items_purged_floors":[],"is_endless":false,"potions_floor_spawned":[1,4,7,11,14,19],"killed_by":"Snake Plant","ascension_level":15}