{"gold_per_floor":[119,119,294,20,39,39,95,95,95,113,138,138,138,171,171,271,271,290,310,321,321,340,340,365,377,412,440,452,476,518,541,553,665,677,702,714,826,838,860,872,937,949,961,973,304,304,317,334,334,334],"floor_reached":51,"playtime":2966,"items_purged":["Doubt","Strike_B"],"score":990,"play_id":"be8a2c4f-0f58-486c-a769-f6b05d93c9e6","local_time":"20190924114558","is_ascension_mode":true,"campfire_choices":[{"data":"Zap","floor":6.0,"key":"SMITH"},{"data":"Dualcast","floor":13.0,"key":"SMITH"},{"data":"Leap","floor":15.0,"key":"SMITH"},{"floor":23.0,"key":"REST"},{"floor":25.0,"key":"REST"},{"floor":28.0,"key":"REST"},{"floor":32.0,"key":"DIG"},{"floor":40.0,"key":"REST"},{"floor":42.0,"key":"REST"},{"floor":44.0,"key":"REST"},{"floor":49,"key":"REST"}],"neow_cost":"NONE","seed_source_timestamp":0,"circlet_count":0,"master_deck":["Strike_B","Strike_B","Defend_B","Defend_B","Defend_B","Defend_B","Zap+1","Dualcast+1","Coolheaded+1","Ball Lightning","Leap+1","Go for the Eyes","Cold Snap","Go for the Eyes+1","Echo Form","Barrage+1","Compile Driver+1","Core Surge+1","Beam Cell+1","FTL+1","Electrodynamics","Consume+1","Coolheaded","Capacitor","Capacitor","Cold Snap+1","Dark Shackles","Master of Strategy","Parasite"],"special_seed":0,"relics":["Cracked Core","NeowsBlessing","DataDisk","Tiny Chest","Matryoshka","Molten Egg 2","Smiling Mask","Dodecahedron","Strawberry","Fusion Hammer","MawBank","Kunai","Vajra","Shovel","Question Card","Philosopher\u0027s Stone","Gambling Chip","FossilizedHelix","StoneCalendar","OrangePellets","Thread and Needle"],"potions_floor_usage":[47,50,50,50],"damage_taken":[{"damage":0.0,"enemies":"2 Louse","floor":1.0,"turns":1.0},{"damage":0.0,"enemies":"Small Slimes","floor":5.0,"turns":1.0},{"damage":0.0,"enemies":"3 Sentries","floor":7.0,"turns":1.0},{"damage":1.0,"enemies":"Jaw Worm","floor":10.0,"turns":2.0},{"damage":20.0,"enemies":"Gremlin Nob","floor":11.0,"turns":4.0},{"damage":9.0,"enemies":"Lagavulin","floor":14.0,"turns":5.0},{"damage":27.0,"enemies":"Hexaghost","floor":16.0,"turns":10.0},{"damage":6.0,"enemies":"Shell Parasite","floor":18.0,"turns":6.0},{"damage":8.0,"enemies":"Chosen","floor":19.0,"turns":4.0},{"damage":5.0,"enemies":"Centurion and Healer","floor":20.0,"turns":6.0},{"damage":9.0,"enemies":"Snecko","floor":22.0,"turns":5.0},{"damage":18.0,"enemies":"Gremlin Leader","floor":24.0,"turns":8.0},{"damage":9.0,"enemies":"Cultist and Chosen","floor":27.0,"turns":5.0},{"damage":26.0,"enemies":"Snake Plant","floor":29.0,"turns":5.0},{"damage":9.0,"enemies":"Book of Stabbing","floor":30.0,"turns":3.0},{"damage":3.0,"enemies":"Chosen and Byrds","floor":31.0,"turns":4.0},{"damage":13.0,"enemies":"Champ","floor":33.0,"turns":7.0},{"damage":17.0,"enemies":"3 Shapes","floor":35.0,"turns":4.0},{"damage":12.0,"enemies":"Mind Bloom Boss Battle","floor":37.0,"turns":5.0},{"damage":9.0,"enemies":"3 Darklings","floor":39.0,"turns":3.0},{"damage":34.0,"enemies":"2 Orb Walkers","floor":41.0,"turns":4.0},{"damage":0,"enemies":"Writhing Mass","floor":47,"turns":6},{"damage":0,"enemies":"Jaw Worm Horde","floor":48,"turns":3},{"damage":9,"enemies":"Time Eater","floor":50,"turns":8}],"seed_played":"-7036956991536604968","potions_obtained":[{"floor":7.0,"key":"Strength Potion"},{"floor":10.0,"key":"Fire Potion"},{"floor":14.0,"key":"LiquidBronze"},{"floor":24.0,"key":"Fire Potion"},{"floor":27.0,"key":"Explosive Potion"},{"floor":30.0,"key":"Regen Potion"},{"floor":31.0,"key":"Weak Potion"},{"floor":37.0,"key":"Energy Potion"},{"floor":48,"key":"Dexterity Potion"}],"is_trial":false,"path_per_floor":["M","?","?","$","M","R","E","?","T","M","E","T","R","E","R","B",null,"M","M","M","?","M","R","E","R","T","M","R","M","E","M","R","B",null,"M","?","?","?","M","R","?","R","T","R","$","?","M","M","R","B",null],"character_chosen":"DEFECT","items_purchased":["DataDisk","Ball Lightning","OrangePellets","Thread and Needle","Dexterity Potion","SkillPotion","Cold Snap+1"],"campfire_rested":7,"item_purchase_floors":[4,4,45,45,45,45,45],"current_hp_per_floor":[68,68,68,68,68,68,68,73,73,72,52,52,52,50,50,23,71,65,57,52,52,43,69,51,77,77,68,87,61,52,61,61,48,77,60,60,48,48,39,63,29,53,53,77,77,67,67,67,83,74],"gold":334,"neow_bonus":"THREE_ENEMY_KILL","is_prod":false,"is_daily":false,"chose_seed":false,"campfire_upgraded":3,"win_rate":0,"timestamp":1569343558,"path_taken":["M","?","?","?","M","R","E","?","T","?","E","?","R","E","R","BOSS","M","M","?","?","M","R","E","R","T","M","R","?","E","M","R","BOSS","M","?","?","?","M","R","?","R","T","R","$","?","M","?","R","BOSS"],"build_version":"2019-07-17","purchased_purges":2,"victory":true,"max_hp_per_floor":[75,75,75,75,75,75,75,80,80,80,80,80,80,87,87,87,87,87,87,87,87,87,87,87,87,87,87,87,87,87,87,87,87,87,87,87,87,83,83,83,83,83,83,83,83,83,83,83,83,83],"card_choices":[{"not_picked":["Barrage","Reinforced Body"],"picked":"Coolheaded","floor":1.0},{"not_picked":["Go for the Eyes","Leap","Gash"],"picked":"SKIP","floor":5.0},{"not_picked":["Go for the Eyes","Gash"],"picked":"Leap","floor":5.0},{"not_picked":["Rebound","Leap"],"picked":"Go for the Eyes","floor":7.0},{"not_picked":["Steam","Go for the Eyes"],"picked":"Cold Snap","floor":10.0},{"not_picked":["Streamline","Scrape","Skim"],"picked":"SKIP","floor":11.0},{"not_picked":["Coolheaded","All For One+1"],"picked":"Go for the Eyes+1","floor":14.0},{"not_picked":["Core Surge+1","Meteor Strike+1"],"picked":"Echo Form","floor":16.0},{"not_picked":["Consume","Gash+1"],"picked":"Barrage+1","floor":18.0},{"not_picked":["Heatsinks","Go for the Eyes+1"],"picked":"Darkness","floor":19.0},{"not_picked":["Tempest","Leap","Chaos"],"picked":"SKIP","floor":20.0},{"not_picked":["Force Field+1","Conserve Battery"],"picked":"Compile Driver+1","floor":22.0},{"not_picked":["Conserve Battery","Lockon+1"],"picked":"Core Surge+1","floor":24.0},{"not_picked":["Hologram","Darkness"],"picked":"Beam Cell+1","floor":27.0},{"not_picked":["Leap","Rebound+1","Gash+1"],"picked":"SKIP","floor":29.0},{"not_picked":["Chill","Thunder Strike+1","Stack+1"],"picked":"SKIP","floor":30.0},{"not_picked":["Sweeping Beam+1","Ball Lightning+1"],"picked":"FTL+1","floor":31.0},{"not_picked":["Amplify","All For One+1","Rainbow"],"picked":"Electrodynamics","floor":33.0},{"not_picked":["Ball Lightning+1","Skim+1","Double Energy+1"],"picked":"Consume+1","floor":35.0},{"not_picked":["Sweeping Beam+1","Lockon+1","Barrage+1"],"picked":"Coolheaded","floor":37.0},{"not_picked":["Streamline+1","Coolheaded+1","Cold Snap+1"],"picked":"Capacitor","floor":39.0},{"not_picked":["Compile Driver+1","Recycle","Go for the Eyes+1"],"picked":"Capacitor","floor":41.0},{"not_picked":["Blind","The Bomb","Discovery"],"picked":"Dark Shackles","floor":46.0},{"not_picked":["Deep Breath","Swift Strike+1","Mind Blast+1"],"picked":"Master of Strategy","floor":46.0},{"not_picked":["Turbo+1","Reinforced Body","Conserve Battery+1","Tempest+1"],"picked":"SKIP","floor":47},{"not_picked":["Chaos","Redo","Double Energy","Streamline+1"],"picked":"SKIP","floor":48}],"player_experience":121473,"relics_obtained":[{"floor":7.0,"key":"Tiny Chest"},{"floor":9.0,"key":"Matryoshka"},{"floor":11.0,"key":"Molten Egg 2"},{"floor":12.0,"key":"Smiling Mask"},{"floor":12.0,"key":"Dodecahedron"},{"floor":14.0,"key":"Strawberry"},{"floor":24.0,"key":"MawBank"},{"floor":26.0,"key":"Kunai"},{"floor":26.0,"key":"Vajra"},{"floor":30.0,"key":"Shovel"},{"floor":32.0,"key":"Question Card"},{"floor":37.0,"key":"Gambling Chip"},{"floor":41.0,"key":"FossilizedHelix"},{"floor":43.0,"key":"StoneCalendar"}],"event_choices":[{"damage_healed":0.0,"max_hp_gain":0.0,"max_hp_loss":0.0,"gold_gain":0.0,"event_name":"Living Wall","player_choice":"Grow","floor":2.0,"gold_loss":0.0,"damage_taken":0.0,"cards_upgraded":["Coolheaded"]},{"damage_healed":0.0,"max_hp_gain":0.0,"max_hp_loss":0.0,"gold_gain":175.0,"event_name":"Liars Game","player_choice":"AGREE","floor":3.0,"gold_loss":0.0,"damage_taken":0.0,"cards_obtained":["Doubt"]},{"damage_healed":0.0,"max_hp_gain":5.0,"max_hp_loss":0.0,"gold_gain":0.0,"event_name":"Big Fish","player_choice":"Donut","floor":8.0,"gold_loss":0.0,"damage_taken":0.0},{"cards_removed":["Strike_B"],"damage_healed":0.0,"max_hp_gain":0.0,"max_hp_loss":0.0,"gold_gain":0.0,"event_name":"Purifier","player_choice":"Purged","floor":21.0,"gold_loss":0.0,"damage_taken":0.0},{"cards_removed":["Darkness"],"damage_healed":0.0,"max_hp_gain":0.0,"max_hp_loss":0.0,"gold_gain":0.0,"event_name":"Falling","player_choice":"Removed Skill","floor":36.0,"gold_loss":0.0,"damage_taken":0.0},{"damage_healed":0.0,"max_hp_gain":0.0,"max_hp_loss":0.0,"gold_gain":0.0,"event_name":"MindBloom","player_choice":"Fight","floor":37.0,"gold_loss":0.0,"damage_taken":0.0},{"damage_healed":0.0,"max_hp_gain":0.0,"max_hp_loss":4.0,"gold_gain":0.0,"event_name":"Winding Halls","player_choice":"Max HP","floor":38.0,"gold_loss":0.0,"damage_taken":0.0},{"damage_healed":0.0,"max_hp_gain":0.0,"max_hp_loss":0.0,"gold_gain":0.0,"event_name":"Mysterious Sphere","player_choice":"Fight","floor":41.0,"gold_loss":0.0,"damage_taken":0.0},{"damage_healed":0.0,"max_hp_gain":0.0,"max_hp_loss":0.0,"gold_gain":0.0,"event_name":"SensoryStone","player_choice":"Memory 3","floor":46.0,"gold_loss":0.0,"damage_taken":10.0}],"is_beta":false,"boss_relics":[{"not_picked":["Black Star","Calling Bell"],"picked":"Fusion Hammer"},{"not_picked":["Velvet Choker","Runic Pyramid"],"picked":"Philosopher\u0027s Stone"}],"items_purged_floors":[4,45],"is_endless":false,"potions_floor_spawned":[7,10,14,24,27,30,31,37,48],"ascension_level":7}