{"gold_per_floor":[116,116,136,136,155,180,180,210,210,210,243,256,274,294,294,393,393,412,431,442,367,61,61,92,125,125,170,220,238,238,138,138,234,234,245,120,120,182,193,226,226,238,238,88,88,117,133,144,144,144],"floor_reached":51,"playtime":4319,"items_purged":["Strike_P","Defend_P","Strike_P","Defend_P"],"score":1369,"play_id":"ce890e29-665c-4ea5-b3b2-2036d0b1111c","local_time":"20191008130600","is_ascension_mode":true,"campfire_choices":[{"data":"Vigilance","floor":7.0,"key":"SMITH"},{"data":"SpiritShield","floor":10.0,"key":"SMITH"},{"data":"SandsOfTime","floor":15.0,"key":"SMITH"},{"data":"Ragnarok","floor":23.0,"key":"SMITH"},{"data":"SpiritShield","floor":32.0,"key":"SMITH"},{"data":"DevaForm","floor":41.0,"key":"SMITH"},{"floor":49,"key":"REST"}],"neow_cost":"NONE","seed_source_timestamp":0,"circlet_count":0,"master_deck":["Eruption","Vigilance+1","Crescendo","CrushJoints+1","EmptyBody","SandsOfTime+1","SpiritShield+1","Tantrum+1","Protect","Omniscience+1","CutThroughFate+1","Wireheading","Tantrum+1","Ragnarok+1","DevaForm+1","SpiritShield+1","Wish+1","WheelKick+1","LessonLearned+1","SandsOfTime+1"],"special_seed":0,"relics":["Snecko Eye","Kunai","Shuriken","Ornamental Fan","Potion Belt","Empty Cage","MealTicket","Red Mask","Whetstone","Juzu Bracelet","Sozu","Bronze Scales","Gremlin Horn","FossilizedHelix"],"potions_floor_usage":[],"damage_taken":[{"damage":7.0,"enemies":"2 Louse","floor":1.0,"turns":4.0},{"damage":0.0,"enemies":"Cultist","floor":3.0,"turns":2.0},{"damage":2.0,"enemies":"Jaw Worm","floor":5.0,"turns":3.0},{"damage":0.0,"enemies":"Lagavulin","floor":6.0,"turns":5.0},{"damage":0.0,"enemies":"3 Sentries","floor":8.0,"turns":7.0},{"damage":0.0,"enemies":"Lagavulin","floor":11.0,"turns":3.0},{"damage":0.0,"enemies":"Blue Slaver","floor":12.0,"turns":3.0},{"damage":0.0,"enemies":"Red Slaver","floor":13.0,"turns":2.0},{"damage":0.0,"enemies":"Looter","floor":14.0,"turns":1.0},{"damage":31.0,"enemies":"Hexaghost","floor":16.0,"turns":5.0},{"damage":0.0,"enemies":"3 Byrds","floor":18.0,"turns":2.0},{"damage":9.0,"enemies":"2 Thieves","floor":19.0,"turns":2.0},{"damage":0.0,"enemies":"Centurion and Healer","floor":20.0,"turns":3.0},{"damage":19.0,"enemies":"Slavers","floor":24.0,"turns":4.0},{"damage":0.0,"enemies":"Masked Bandits","floor":25.0,"turns":1.0},{"damage":0.0,"enemies":"Sentry and Sphere","floor":27.0,"turns":2.0},{"damage":0.0,"enemies":"Book of Stabbing","floor":28.0,"turns":3.0},{"damage":0.0,"enemies":"Snake Plant","floor":29.0,"turns":1.0},{"damage":0.0,"enemies":"Collector","floor":33.0,"turns":4.0},{"damage":0.0,"enemies":"Orb Walker","floor":35.0,"turns":1.0},{"damage":0.0,"enemies":"3 Shapes","floor":38.0,"turns":4.0},{"damage":17.0,"enemies":"Writhing Mass","floor":39.0,"turns":4.0},{"damage":0.0,"enemies":"Giant Head","floor":40.0,"turns":4.0},{"damage":0.0,"enemies":"Transient","floor":42.0,"turns":5.0},{"damage":11.0,"enemies":"Nemesis","floor":46.0,"turns":3.0},{"damage":0.0,"enemies":"4 Shapes","floor":47.0,"turns":4.0},{"damage":0,"enemies":"Writhing Mass","floor":48,"turns":4},{"damage":0,"enemies":"Awakened One","floor":50,"turns":9}],"seed_played":"-1573346542135567239","potions_obtained":[{"floor":1.0,"key":"GamblersBrew"},{"floor":5.0,"key":"Strength Potion"},{"floor":8.0,"key":"Energy Potion"},{"floor":13.0,"key":"Explosive Potion"},{"floor":16.0,"key":"Weak Potion"},{"floor":20.0,"key":"Ancient Potion"},{"floor":24.0,"key":"FearPotion"},{"floor":28.0,"key":"Strength Potion"},{"floor":29.0,"key":"LiquidBronze"},{"floor":33.0,"key":"Swift Potion"}],"is_trial":false,"path_per_floor":["M","?","M","?","M","E","R","E","T","R","E","M","M","M","R","B",null,"M","M","M","?","$","R","E","?","T","M","E","M","?","$","R","B",null,"M","$","?","M","M","E","R","M","T","$","?","E","M","M","R","B",null],"character_chosen":"WATCHER","items_purchased":["Ragnarok","DevaForm"],"campfire_rested":1,"item_purchase_floors":[22,22],"current_hp_per_floor":[58,51,51,51,49,49,49,49,49,49,49,49,49,49,49,18,59,59,50,50,50,50,50,31,31,31,31,31,31,55,70,70,70,72,72,72,72,72,55,55,55,55,55,70,70,59,59,59,72,72],"gold":144,"neow_bonus":"BOSS_RELIC","is_prod":false,"is_daily":false,"chose_seed":false,"campfire_upgraded":6,"win_rate":0,"timestamp":1570557960,"path_taken":["M","?","M","?","M","E","R","E","T","R","E","M","?","M","R","BOSS","M","M","M","?","$","R","E","?","T","M","E","M","?","$","R","BOSS","M","$","?","M","M","E","R","M","T","$","?","E","M","M","R","BOSS"],"build_version":"2019-10-07","purchased_purges":4,"victory":true,"max_hp_per_floor":[72,72,72,72,72,72,72,72,72,72,72,72,72,72,72,72,72,72,72,72,72,72,72,72,72,72,72,72,72,72,72,72,72,72,72,72,72,72,72,72,72,72,72,72,72,72,72,72,72,72],"card_choices":[{"not_picked":["Perseverance","EmptyBody"],"picked":"Crescendo","floor":1.0},{"not_picked":["JustLucky","PathToVictory"],"picked":"CrushJoints","floor":3.0},{"not_picked":["Perseverance","EmptyMind"],"picked":"EmptyBody","floor":5.0},{"not_picked":["Sanctity","Consecrate"],"picked":"SandsOfTime","floor":6.0},{"not_picked":["CrushJoints","Crescendo"],"picked":"SpiritShield","floor":8.0},{"not_picked":["Brilliance","CrushJoints"],"picked":"Tantrum","floor":11.0},{"not_picked":["Halt","DeceiveReality","SignatureMove"],"picked":"SKIP","floor":12.0},{"not_picked":["Perseverance","CrushJoints","Halt"],"picked":"SKIP","floor":13.0},{"not_picked":["ThirdEye","EmptyFist"],"picked":"Protect","floor":14.0},{"not_picked":["DevaForm","Judgement"],"picked":"Omniscience","floor":16.0},{"not_picked":["Halt","Crescendo+1"],"picked":"CutThroughFate","floor":18.0},{"not_picked":["JustLucky","Prostrate+1"],"picked":"Wireheading","floor":19.0},{"not_picked":["BowlingBash","MentalFortress"],"picked":"Tantrum+1","floor":20.0},{"not_picked":["Worship","Meditate+1"],"picked":"SpiritShield","floor":24.0},{"not_picked":["FearNoEvil","Protect"],"picked":"Wish","floor":25.0},{"not_picked":["CutThroughFate","EmptyFist"],"picked":"WheelKick+1","floor":27.0},{"not_picked":["Prostrate+1","JustLucky+1","Evaluate"],"picked":"SKIP","floor":28.0},{"not_picked":["Worship","Sanctity","ForeignInfluence"],"picked":"SKIP","floor":29.0},{"not_picked":["Brilliance","Blasphemy"],"picked":"LessonLearned","floor":33.0},{"not_picked":["Sanctity+1","Prostrate+1"],"picked":"SandsOfTime","floor":35.0},{"not_picked":["Sanctity","FlyingSleeves","Halt"],"picked":"SKIP","floor":38.0},{"not_picked":["Halt+1","Weave","CutThroughFate"],"picked":"SKIP","floor":39.0},{"not_picked":["Brilliance","JustLucky","Weave+1"],"picked":"SKIP","floor":40.0},{"not_picked":["Sanctity","Halt+1","FlyingSleeves+1"],"picked":"SKIP","floor":42.0},{"not_picked":["JustLucky+1","Perseverance","CrushJoints+1"],"picked":"SKIP","floor":46.0},{"not_picked":["Wireheading+1","WaveOfTheHand+1","Halt"],"picked":"SKIP","floor":47.0},{"not_picked":["BowlingBash","FlyingSleeves","PathToVictory+1"],"picked":"SKIP","floor":48}],"player_experience":176318,"relics_obtained":[{"floor":6.0,"key":"Kunai"},{"floor":8.0,"key":"Shuriken"},{"floor":9.0,"key":"Ornamental Fan"},{"floor":11.0,"key":"Potion Belt"},{"floor":24.0,"key":"MealTicket"},{"floor":25.0,"key":"Red Mask"},{"floor":26.0,"key":"Whetstone"},{"floor":28.0,"key":"Juzu Bracelet"},{"floor":40.0,"key":"Bronze Scales"},{"floor":43.0,"key":"Gremlin Horn"},{"floor":46.0,"key":"FossilizedHelix"}],"event_choices":[{"cards_removed":["Strike_P"],"damage_healed":0.0,"max_hp_gain":0.0,"max_hp_loss":0.0,"gold_gain":0.0,"event_name":"Golden Wing","player_choice":"Card Removal","floor":2.0,"gold_loss":0.0,"damage_taken":7.0},{"damage_healed":0.0,"max_hp_gain":0.0,"max_hp_loss":0.0,"gold_gain":0.0,"event_name":"Upgrade Shrine","player_choice":"Upgraded","floor":4.0,"gold_loss":0.0,"damage_taken":0.0,"cards_upgraded":["CrushJoints"]},{"cards_removed":["Defend_P"],"damage_healed":0.0,"max_hp_gain":0.0,"max_hp_loss":0.0,"gold_gain":0.0,"event_name":"Beggar","player_choice":"Gave Gold","floor":21.0,"gold_loss":75.0,"damage_taken":0.0},{"damage_healed":0.0,"max_hp_gain":0.0,"max_hp_loss":0.0,"gold_gain":0.0,"event_name":"Masked Bandits","player_choice":"Fought Bandits","floor":25.0,"gold_loss":0.0,"damage_taken":0.0},{"damage_healed":24.0,"max_hp_gain":0.0,"max_hp_loss":0.0,"gold_gain":0.0,"event_name":"The Library","player_choice":"Heal","floor":30.0,"gold_loss":0.0,"damage_taken":0.0},{"damage_healed":0.0,"max_hp_gain":0.0,"max_hp_loss":0.0,"gold_gain":0.0,"event_name":"SensoryStone","player_choice":"Memory 1","floor":37.0,"gold_loss":0.0,"damage_taken":0.0},{"damage_healed":0.0,"max_hp_gain":0.0,"max_hp_loss":0.0,"gold_gain":0.0,"event_name":"SecretPortal","player_choice":"Ignored","floor":45.0,"gold_loss":0.0,"damage_taken":0.0}],"is_beta":true,"boss_relics":[{"not_picked":["VioletLotus","Pandora\u0027s Box"],"picked":"Empty Cage"},{"not_picked":["SlaversCollar","Tiny House"],"picked":"Sozu"}],"items_purged_floors":[22,31,36,44],"is_endless":false,"potions_floor_spawned":[1,5,8,13,16,20,24,28,29,33,35,40,46,47],"ascension_level":9}