{"gold_per_floor":[213,288,163,178,178,217,217,257,257,280,24,24,38,38,38,133,133,147,160,160,160,100,100],"floor_reached":23,"playtime":2148,"items_purged":["Strike_R"],"score":374,"play_id":"eb03cb27-a12e-4442-85dc-8fb74aac4bc1","local_time":"20190630105432","is_ascension_mode":true,"campfire_choices":[{"floor":7,"key":"REST"},{"data":"Shockwave","floor":12,"key":"SMITH"},{"floor":15,"key":"REST"}],"neow_cost":"NONE","seed_source_timestamp":70058661426333,"circlet_count":0,"master_deck":["AscendersBane","Strike_R","Strike_R","Strike_R","Strike_R","Defend_R","Defend_R","Defend_R","Defend_R","Bash","Reckless Charge","Shockwave+1","Combust","Spot Weakness","Pummel","Metallicize","Reaper","Shrug It Off","Carnage","Battle Trance","Immolate","Flex","Armaments","Reaper"],"relics":["Burning Blood","Golden Idol","The Courier","Dream Catcher","Anchor","Runic Pyramid"],"potions_floor_usage":[16,16,18,23,23],"damage_taken":[{"damage":8,"enemies":"Small Slimes","floor":1,"turns":4},{"damage":6,"enemies":"2 Louse","floor":4,"turns":4},{"damage":26,"enemies":"Gremlin Nob","floor":6,"turns":4},{"damage":25,"enemies":"Lagavulin","floor":8,"turns":7},{"damage":0,"enemies":"Jaw Worm","floor":10,"turns":3},{"damage":16,"enemies":"Lots of Slimes","floor":13,"turns":3},{"damage":33,"enemies":"The Guardian","floor":16,"turns":14},{"damage":18,"enemies":"2 Thieves","floor":18,"turns":4},{"damage":36,"enemies":"Shell Parasite","floor":19,"turns":5},{"damage":34,"enemies":"Slavers","floor":23,"turns":3}],"seed_played":"-7734048907847347034","potions_obtained":[{"floor":4,"key":"Fire Potion"},{"floor":6,"key":"Dexterity Potion"},{"floor":16,"key":"Block Potion"},{"floor":18,"key":"GamblersBrew"},{"floor":19,"key":"PowerPotion"}],"is_trial":false,"path_per_floor":["M","?","$","M","?","E","R","E","T","M","$","R","M","?","R","B",null,"M","M","?","?","$","E"],"character_chosen":"IRONCLAD","items_purchased":["Shockwave","Combust","Reaper","Shrug It Off","Carnage"],"campfire_rested":2,"item_purchase_floors":[3,3,11,11,11],"current_hp_per_floor":[66,55,55,55,55,35,55,36,36,42,42,42,32,32,52,44,62,57,27,27,27,27,0],"gold":100,"neow_bonus":"HUNDRED_GOLD","is_prod":false,"is_daily":false,"chose_seed":false,"campfire_upgraded":1,"win_rate":0,"timestamp":1561910072,"path_taken":["M","?","$","M","?","E","R","E","T","M","$","R","M","?","R","BOSS","M","M","?","?","$","E"],"build_version":"2019-01-23","purchased_purges":1,"victory":false,"max_hp_per_floor":[75,75,75,75,68,68,68,68,68,68,68,68,68,68,68,68,68,68,68,68,68,68,68],"card_choices":[{"not_picked":["Iron Wave","True Grit"],"picked":"Reckless Charge","floor":1},{"not_picked":["Twin Strike","Heavy Blade"],"picked":"Spot Weakness","floor":4},{"not_picked":["Corruption","Thunderclap","Havoc"],"picked":"SKIP","floor":6},{"not_picked":["Pommel Strike","Brutality"],"picked":"Pummel","floor":8},{"not_picked":["Whirlwind","Warcry"],"picked":"Metallicize","floor":10},{"not_picked":["Inflame","Hemokinesis"],"picked":"Battle Trance","floor":13},{"not_picked":["Feed","Berserk"],"picked":"Immolate","floor":16},{"not_picked":["Clothesline","Body Slam"],"picked":"Flex","floor":18},{"not_picked":["Warcry","Thunderclap","Brutality"],"picked":"SKIP","floor":19}],"player_experience":680854,"relics_obtained":[{"floor":6,"key":"The Courier"},{"floor":8,"key":"Dream Catcher"},{"floor":9,"key":"Anchor"}],"event_choices":[{"damage_healed":0,"gold_gain":75,"player_choice":"Gather Gold","damage_taken":11,"max_hp_gain":0,"max_hp_loss":0,"event_name":"World of Goop","floor":2,"gold_loss":0},{"damage_healed":0,"gold_gain":0,"player_choice":"Lose Max HP","damage_taken":0,"relics_obtained":["Golden Idol"],"max_hp_gain":0,"max_hp_loss":7,"event_name":"Golden Idol","floor":5,"gold_loss":0},{"damage_healed":0,"gold_gain":0,"player_choice":"Searched \u00271\u0027 times","damage_taken":0,"max_hp_gain":0,"max_hp_loss":0,"event_name":"Dead Adventurer","floor":14,"gold_loss":0},{"damage_healed":0,"gold_gain":0,"player_choice":"Read","damage_taken":0,"max_hp_gain":0,"max_hp_loss":0,"event_name":"The Library","floor":20,"gold_loss":0,"cards_obtained":["Armaments"]},{"damage_healed":0,"gold_gain":0,"player_choice":"Copied","damage_taken":0,"max_hp_gain":0,"max_hp_loss":0,"event_name":"Duplicator","floor":21,"gold_loss":0,"cards_obtained":["Reaper"]}],"is_beta":false,"boss_relics":[{"not_picked":["Mark of Pain","Empty Cage"],"picked":"Runic Pyramid"}],"items_purged_floors":[22],"is_endless":false,"potions_floor_spawned":[4,6,16,18,19],"killed_by":"Slavers","ascension_level":18}