{"gold_per_floor":[113,113,41,41,59,93,40,50,50,79,90,22,22,56,56,127,127,138,152,164,54,54,54,109,109,134,134,134,36,56,56,56,134,134,152,164,164,164,176,176,210,210,210,235,235],"floor_reached":45,"playtime":3933,"items_purged":["Strike_G"],"score":887,"play_id":"6abb9c5d-98a8-40a2-ba7f-027f79b3e2d2","local_time":"20190613203112","is_ascension_mode":true,"campfire_choices":[{"floor":15,"key":"REST"},{"floor":23,"key":"REST"},{"floor":25,"key":"REST"},{"floor":28,"key":"REST"},{"data":"A Thousand Cuts","floor":32,"key":"SMITH"},{"floor":40,"key":"REST"},{"data":"Apotheosis","floor":42,"key":"SMITH"}],"neow_cost":"NONE","seed_source_timestamp":80437291109986,"circlet_count":0,"master_deck":["AscendersBane","Defend_G","Defend_G","Defend_G","Defend_G","Strike_G","Strike_G","Strike_G","Strike_G","Survivor","Neutralize","Cloak And Dagger","Well Laid Plans","Quick Slash","Leg Sweep","Poisoned Stab","A Thousand Cuts+1","Deadly Poison","Footwork","Cloak And Dagger","Footwork","Backflip","Prepared","Prepared","Leg Sweep","Caltrops","Adrenaline","Blade Dance","Caltrops","Footwork+1","Well Laid Plans","Envenom","Poisoned Stab+1","Apotheosis+1","Dark Shackles","Caltrops"],"relics":["Ring of the Snake","Mummified Hand","Sundial","Pear","Pen Nib","Orrery","Tiny Chest","Regal Pillow","Snake Skull","Black Star","Blood Vial","Orichalcum","Pantograph","Happy Flower","Bag of Preparation"],"potions_floor_usage":[10,24,33,33,36,44],"damage_taken":[{"damage":1,"enemies":"Small Slimes","floor":1,"turns":5},{"damage":1,"enemies":"2 Louse","floor":5,"turns":4},{"damage":17,"enemies":"3 Sentries","floor":6,"turns":14},{"damage":0,"enemies":"Jaw Worm","floor":8,"turns":4},{"damage":17,"enemies":"Lagavulin","floor":10,"turns":9},{"damage":0,"enemies":"Looter","floor":11,"turns":3},{"damage":13,"enemies":"3 Sentries","floor":14,"turns":9},{"damage":7,"enemies":"The Guardian","floor":16,"turns":13},{"damage":9,"enemies":"Spheric Guardian","floor":18,"turns":7},{"damage":14,"enemies":"Chosen","floor":19,"turns":10},{"damage":23,"enemies":"Centurion and Healer","floor":20,"turns":11},{"damage":44,"enemies":"Gremlin Leader","floor":24,"turns":15},{"damage":0,"enemies":"Chosen and Byrds","floor":30,"turns":5},{"damage":15,"enemies":"Automaton","floor":33,"turns":14},{"damage":28,"enemies":"3 Darklings","floor":35,"turns":6},{"damage":5,"enemies":"Orb Walker","floor":36,"turns":4},{"damage":17,"enemies":"Jaw Worm Horde","floor":39,"turns":4},{"damage":30,"enemies":"Nemesis","floor":41,"turns":10},{"damage":10,"enemies":"Giant Head","floor":44,"turns":11},{"damage":27,"enemies":"Sphere and 2 Shapes","floor":45,"turns":3}],"seed_played":"8771365527918215252","potions_obtained":[{"floor":1,"key":"FearPotion"},{"floor":5,"key":"FearPotion"},{"floor":8,"key":"GamblersBrew"},{"floor":18,"key":"Explosive Potion"},{"floor":20,"key":"Fire Potion"},{"floor":24,"key":"PowerPotion"},{"floor":35,"key":"Energy Potion"},{"floor":39,"key":"AttackPotion"}],"is_trial":false,"path_per_floor":["M","?","$","?","M","E","$","M","T","E","M","$","?","E","R","B",null,"M","M","M","$","?","R","E","R","T","T","R","$","M","?","R","B",null,"M","M","?","?","M","R","E","R","T","E","M"],"character_chosen":"THE_SILENT","items_purchased":["Well Laid Plans","Poisoned Stab","Footwork","Caltrops","Blade Dance","Caltrops"],"campfire_rested":5,"item_purchase_floors":[3,7,12,21,29,29],"current_hp_per_floor":[64,57,57,57,56,39,39,39,39,32,32,32,32,19,43,36,71,62,48,25,25,25,49,5,29,29,29,68,68,68,68,68,53,75,47,42,42,37,20,59,29,29,29,21,0],"gold":235,"neow_bonus":"TEN_PERCENT_HP_BONUS","is_prod":false,"is_daily":false,"chose_seed":false,"campfire_upgraded":2,"win_rate":0,"timestamp":1560475872,"path_taken":["M","?","$","?","M","E","$","M","T","E","M","?","?","E","R","BOSS","M","M","M","$","?","R","E","R","T","?","R","$","M","?","R","BOSS","M","M","?","?","M","R","E","R","T","E","M"],"build_version":"2019-01-23","purchased_purges":1,"victory":false,"max_hp_per_floor":[72,72,72,72,72,72,72,72,72,82,82,82,82,82,82,82,82,82,82,82,82,82,82,82,82,82,82,82,82,82,82,82,82,82,82,82,82,82,82,82,82,82,82,82,82],"card_choices":[{"not_picked":["Infinite Blades","Backflip"],"picked":"Cloak And Dagger","floor":1},{"not_picked":["PiercingWail","Acrobatics"],"picked":"Quick Slash","floor":5},{"not_picked":["Bane","Setup"],"picked":"Leg Sweep","floor":6},{"not_picked":["Outmaneuver","Flechettes","Underhanded Strike"],"picked":"SKIP","floor":8},{"not_picked":["Cloak And Dagger","Deadly Poison"],"picked":"A Thousand Cuts","floor":10},{"not_picked":["Blur","Dagger Throw"],"picked":"Deadly Poison","floor":11},{"not_picked":["Backstab","Riddle With Holes"],"picked":"Cloak And Dagger","floor":14},{"not_picked":["Underhanded Strike","Dagger Throw"],"picked":"Footwork","floor":17},{"not_picked":["Finisher","Dagger Spray"],"picked":"Backflip","floor":17},{"not_picked":["Bane","Crippling Poison"],"picked":"Prepared","floor":17},{"not_picked":["Dagger Spray","Riddle With Holes+1"],"picked":"Prepared","floor":18},{"not_picked":["Dagger Throw","Skewer","Backstab"],"picked":"SKIP","floor":19},{"not_picked":["Eviscerate","Leg Sweep","All Out Attack"],"picked":"SKIP","floor":20},{"not_picked":["Eviscerate","All Out Attack"],"picked":"Leg Sweep","floor":20},{"not_picked":["Escape Plan","Backflip"],"picked":"Adrenaline","floor":24},{"not_picked":["PiercingWail","Prepared"],"picked":"Footwork+1","floor":30},{"not_picked":["Storm of Steel","Venomology"],"picked":"Envenom","floor":33},{"not_picked":["Deflect","Backstab"],"picked":"Poisoned Stab+1","floor":35},{"not_picked":["Dodge and Roll","Poisoned Stab","Setup"],"picked":"SKIP","floor":36},{"not_picked":["Sadistic Nature","Dark Shackles"],"picked":"Apotheosis","floor":38},{"not_picked":["Madness","The Bomb"],"picked":"Dark Shackles","floor":38},{"not_picked":["Skewer","Quick Slash"],"picked":"Caltrops","floor":39},{"not_picked":["Poisoned Stab","Bane","Underhanded Strike"],"picked":"SKIP","floor":41},{"not_picked":["Riddle With Holes","Underhanded Strike","Flying Knee"],"picked":"SKIP","floor":44}],"player_experience":545875,"relics_obtained":[{"floor":6,"key":"Mummified Hand"},{"floor":9,"key":"Sundial"},{"floor":10,"key":"Pear"},{"floor":14,"key":"Pen Nib"},{"floor":24,"key":"Tiny Chest"},{"floor":26,"key":"Regal Pillow"},{"floor":27,"key":"Snake Skull"},{"floor":41,"key":"Blood Vial"},{"floor":41,"key":"Orichalcum"},{"floor":43,"key":"Pantograph"},{"floor":44,"key":"Happy Flower"},{"floor":44,"key":"Bag of Preparation"}],"event_choices":[{"cards_removed":["Defend_G"],"damage_healed":0,"gold_gain":0,"player_choice":"Card Removal","damage_taken":7,"max_hp_gain":0,"max_hp_loss":0,"event_name":"Golden Wing","floor":2,"gold_loss":0},{"damage_healed":0,"gold_gain":0,"player_choice":"Ignored","damage_taken":0,"max_hp_gain":0,"max_hp_loss":0,"event_name":"Liars Game","floor":4,"gold_loss":0},{"damage_healed":0,"gold_gain":0,"player_choice":"Ignored","damage_taken":0,"max_hp_gain":0,"max_hp_loss":0,"event_name":"Shining Light","floor":13,"gold_loss":0},{"damage_healed":0,"gold_gain":0,"player_choice":"Ignored","damage_taken":0,"max_hp_gain":0,"max_hp_loss":0,"event_name":"Beggar","floor":22,"gold_loss":0},{"damage_healed":0,"gold_gain":0,"player_choice":"Read","damage_taken":0,"max_hp_gain":0,"max_hp_loss":0,"event_name":"The Library","floor":31,"gold_loss":0,"cards_obtained":["Well Laid Plans"]},{"damage_healed":0,"gold_gain":0,"player_choice":"Ignored","damage_taken":0,"max_hp_gain":0,"max_hp_loss":0,"event_name":"Mysterious Sphere","floor":37,"gold_loss":0},{"damage_healed":0,"gold_gain":0,"player_choice":"Memory 2","damage_taken":5,"max_hp_gain":0,"max_hp_loss":0,"event_name":"SensoryStone","floor":38,"gold_loss":0}],"is_beta":false,"boss_relics":[{"not_picked":["Ectoplasm","Busted Crown"],"picked":"Orrery"},{"not_picked":["HoveringKite","Empty Cage"],"picked":"Black Star"}],"items_purged_floors":[21],"is_endless":false,"potions_floor_spawned":[1,5,8,18,20,24,30,35,39],"killed_by":"Sphere and 2 Shapes","ascension_level":14}