{"gold_per_floor":[217,234,252,252,264,297,316,367,367,367,367,377,377,396,396,492,492,505,9,9,19,39,56,56,85,85,0,0,18,18,18,18,122,122,141,0,0,17,17,17],"floor_reached":40,"playtime":3185,"items_purged":[],"score":490,"play_id":"c3568e5e-dd43-4f76-b301-9c4907463369","local_time":"20181002020710","is_ascension_mode":true,"campfire_choices":[{"floor":11.0,"key":"REST"},{"data":"After Image","floor":15.0,"key":"SMITH"},{"data":"Adrenaline","floor":24.0,"key":"SMITH"},{"data":"Blur","floor":28.0,"key":"SMITH"},{"floor":32.0,"key":"REST"}],"neow_cost":"NONE","seed_source_timestamp":1667567928659500,"circlet_count":0,"master_deck":["Survivor","Neutralize","Backflip","Deadly Poison","PiercingWail","Backflip","Predator","After Image+1","Cloak And Dagger","Adrenaline+1","Flying Knee","Deflect","Deadly Poison","Bane","Skewer","Outmaneuver","Deflect","Sucker Punch","Writhe","Crippling Poison+1","Blur+1","Noxious Fumes","Corpse Explosion"],"special_seed":0,"relics":["Ring of the Snake","FossilizedHelix","Meat on the Bone","StoneCalendar","Pandora\u0027s Box","Kunai","Mummified Hand","Anchor","Bottled Flame","Oddly Smooth Stone","Bottled Tornado","Snecko Eye","Red Mask"],"potions_floor_usage":[40,40],"damage_taken":[{"damage":0.0,"enemies":"2 Louse","floor":1.0,"turns":2.0},{"damage":0.0,"enemies":"Small Slimes","floor":2.0,"turns":3.0},{"damage":0.0,"enemies":"Cultist","floor":3.0,"turns":4.0},{"damage":6.0,"enemies":"Looter","floor":5.0,"turns":4.0},{"damage":77.0,"enemies":"Gremlin Nob","floor":6.0,"turns":7.0},{"damage":0.0,"enemies":"Blue Slaver","floor":7.0,"turns":5.0},{"damage":4.0,"enemies":"2 Fungi Beasts","floor":12.0,"turns":3.0},{"damage":0.0,"enemies":"Exordium Wildlife","floor":14.0,"turns":5.0},{"damage":41.0,"enemies":"Hexaghost","floor":16.0,"turns":15.0},{"damage":14.0,"enemies":"Chosen","floor":18.0,"turns":5.0},{"damage":0.0,"enemies":"3 Byrds","floor":21.0,"turns":7.0},{"damage":5.0,"enemies":"Centurion and Healer","floor":22.0,"turns":7.0},{"damage":9.0,"enemies":"Snake Plant","floor":23.0,"turns":5.0},{"damage":21.0,"enemies":"Gremlin Leader","floor":25.0,"turns":8.0},{"damage":0.0,"enemies":"Cultist and Chosen","floor":29.0,"turns":7.0},{"damage":61.0,"enemies":"Champ","floor":33.0,"turns":12.0},{"damage":10.0,"enemies":"3 Darklings","floor":35.0,"turns":3.0},{"damage":2.0,"enemies":"Orb Walker","floor":38.0,"turns":4.0},{"damage":57,"enemies":"Giant Head","floor":40,"turns":9}],"seed_played":"5189665556405874763","potions_obtained":[{"floor":3.0,"key":"Regen Potion"},{"floor":6.0,"key":"Swift Potion"},{"floor":7.0,"key":"SteroidPotion"},{"floor":16.0,"key":"Poison Potion"},{"floor":18.0,"key":"Ancient Potion"},{"floor":25.0,"key":"SkillPotion"},{"floor":38.0,"key":"Strength Potion"}],"is_trial":false,"path_per_floor":["M","M","M","?","M","E","M","?","T","T","R","M","?","M","R","B",null,"M","$","?","M","M","M","R","E","T","?","R","M","$","T","R","B",null,"M","?","?","M","?"],"character_chosen":"THE_SILENT","items_purchased":["Kunai","Mummified Hand"],"campfire_rested":2,"item_purchase_floors":[19,19],"current_hp_per_floor":[70,70,70,70,64,2,2,2,2,2,23,31,31,43,43,14,70,56,56,56,56,51,42,42,33,33,33,33,45,45,45,66,17,70,60,60,60,58,58,1],"gold":17,"neow_bonus":"HUNDRED_GOLD","is_prod":false,"is_daily":false,"chose_seed":false,"campfire_upgraded":3,"win_rate":0,"timestamp":1538460430,"path_taken":["M","M","M","?","M","E","M","?","T","?","R","M","?","?","R","BOSS","M","$","?","M","?","M","R","E","T","?","R","M","$","?","R","BOSS","M","?","?","?","?","E"],"build_version":"2018-09-27","purchased_purges":0,"victory":false,"max_hp_per_floor":[70,70,70,70,70,70,70,70,70,70,70,70,70,70,70,70,70,70,70,70,70,70,70,70,70,70,70,70,70,70,70,70,70,70,70,70,70,70,66,66],"card_choices":[{"not_picked":["Bane","Deflect"],"picked":"Backflip","floor":1.0},{"not_picked":["Dagger Spray","Eviscerate"],"picked":"Deadly Poison","floor":2.0},{"not_picked":["Quick Slash","Tactician"],"picked":"PiercingWail","floor":3.0},{"not_picked":["Flying Knee","Sucker Punch","Prepared"],"picked":"SKIP","floor":5.0},{"not_picked":["Reflex","Accuracy"],"picked":"Backflip","floor":6.0},{"not_picked":["Underhanded Strike","Bane"],"picked":"Predator","floor":7.0},{"not_picked":["Bane","Slice"],"picked":"After Image","floor":12.0},{"not_picked":["Blade Dance","All Out Attack"],"picked":"Cloak And Dagger","floor":14.0},{"not_picked":["Venomology","Glass Knife"],"picked":"Adrenaline","floor":16.0},{"not_picked":["Dagger Spray","Bane","Poisoned Stab"],"picked":"SKIP","floor":18.0},{"not_picked":["Flechettes+1","Poisoned Stab+1"],"picked":"Crippling Poison+1","floor":21.0},{"not_picked":["Prepared+1","Flying Knee","Slice"],"picked":"SKIP","floor":22.0},{"not_picked":["Predator","Deadly Poison"],"picked":"Blur","floor":23.0},{"not_picked":["Sucker Punch+1","Predator","Acrobatics+1"],"picked":"SKIP","floor":25.0},{"not_picked":["Acrobatics","Backstab+1"],"picked":"Noxious Fumes","floor":29.0},{"not_picked":["Venomology","A Thousand Cuts"],"picked":"Corpse Explosion","floor":33.0},{"not_picked":["Outmaneuver","Deadly Poison","Underhanded Strike"],"picked":"SKIP","floor":35.0},{"not_picked":["Tactician+1","Backflip","Masterful Stab+1"],"picked":"SKIP","floor":38.0}],"player_experience":90327,"relics_obtained":[{"floor":6.0,"key":"FossilizedHelix"},{"floor":9.0,"key":"Meat on the Bone"},{"floor":10.0,"key":"StoneCalendar"},{"floor":25.0,"key":"Bottled Flame"},{"floor":26.0,"key":"Oddly Smooth Stone"},{"floor":31.0,"key":"Bottled Tornado"}],"event_choices":[{"event_name":"Liars Game","player_choice":"disagreed","floor":4.0,"damage_taken":0.0},{"event_name":"Golden Wing","player_choice":"Gained Gold","floor":8.0,"damage_taken":0.0},{"event_name":"Living Wall","player_choice":"Forget","floor":13.0,"damage_taken":0.0},{"event_name":"The Mausoleum","player_choice":"Yes","floor":20.0,"damage_taken":0.0},{"event_name":"Masked Bandits","player_choice":"Paid Fearfully","floor":27.0,"damage_taken":0.0},{"event_name":"Tomb of Lord Red Mask","player_choice":"Paid","floor":36.0,"damage_taken":0.0},{"event_name":"Falling","player_choice":"Removed Attack","floor":37.0,"damage_taken":0.0},{"event_name":"Winding Halls","player_choice":"Max HP","floor":39.0,"damage_taken":0.0}],"is_beta":false,"boss_relics":[{"not_picked":["Lizard Tail","Runic Pyramid"],"picked":"Pandora\u0027s Box"},{"not_picked":["Black Star","WristBlade"],"picked":"Snecko Eye"}],"items_purged_floors":[],"is_endless":false,"potions_floor_spawned":[3,6,7,16,18,23,25,38],"killed_by":"Giant Head","ascension_level":4}