{"gold_per_floor":[115,133,144,164,72,72,101,101,101,120,133,133,98,118,118,222,222,234,234,234,254,266,266,279,279,279,297,315,161,161,174,174,174],"floor_reached":33,"playtime":2397,"items_purged":[],"score":414,"play_id":"30247ba9-5b85-4823-80d3-2b42a091d1ba","local_time":"20191011141618","is_ascension_mode":true,"campfire_choices":[{"data":"Perfected Strike","floor":6.0,"key":"SMITH"},{"data":"Whirlwind","floor":8.0,"key":"SMITH"},{"data":"Bash","floor":12.0,"key":"SMITH"},{"data":"Shockwave","floor":15.0,"key":"SMITH"},{"data":"Corruption","floor":23.0,"key":"SMITH"},{"data":"Panacea","floor":25.0,"key":"SMITH"},{"data":"True Grit","floor":32.0,"key":"SMITH"}],"neow_cost":"NONE","seed_source_timestamp":0,"circlet_count":0,"master_deck":["Strike_R","Strike_R","Strike_R","Strike_R","Strike_R","Defend_R","Defend_R","Defend_R","Bash+1","Impervious","Pommel Strike","Perfected Strike+1","Whirlwind+1","Panacea+1","Wild Strike","Twin Strike","Twin Strike","Shockwave+1","Double Tap","Corruption+1","Twin Strike","Wild Strike+1","Warcry+1","Ghostly Armor+1","Twin Strike+1","Shrug It Off","True Grit+1","Pommel Strike"],"special_seed":0,"relics":["Burning Blood","Unceasing Top","Pear","Eternal Feather","MutagenicStrength","Mummified Hand"],"potions_floor_usage":[33],"damage_taken":[{"damage":0.0,"enemies":"Small Slimes","floor":1.0,"turns":4.0},{"damage":10.0,"enemies":"Jaw Worm","floor":2.0,"turns":6.0},{"damage":1.0,"enemies":"Cultist","floor":3.0,"turns":4.0},{"damage":18.0,"enemies":"Large Slime","floor":4.0,"turns":6.0},{"damage":35.0,"enemies":"Lagavulin","floor":7.0,"turns":4.0},{"damage":6.0,"enemies":"Looter","floor":10.0,"turns":2.0},{"damage":2.0,"enemies":"2 Fungi Beasts","floor":11.0,"turns":2.0},{"damage":0.0,"enemies":"3 Louse","floor":14.0,"turns":2.0},{"damage":0.0,"enemies":"Slime Boss","floor":16.0,"turns":7.0},{"damage":22.0,"enemies":"2 Thieves","floor":18.0,"turns":4.0},{"damage":17.0,"enemies":"Shell Parasite","floor":21.0,"turns":3.0},{"damage":0.0,"enemies":"Snake Plant","floor":22.0,"turns":1.0},{"damage":23.0,"enemies":"Centurion and Healer","floor":24.0,"turns":6.0},{"damage":11.0,"enemies":"Snecko","floor":27.0,"turns":4.0},{"damage":33.0,"enemies":"Snake Plant","floor":28.0,"turns":4.0},{"damage":11.0,"enemies":"Cultist and Chosen","floor":31.0,"turns":6.0},{"damage":90,"enemies":"Champ","floor":33,"turns":13}],"seed_played":"2684056603309700003","potions_obtained":[{"floor":1.0,"key":"FearPotion"},{"floor":10.0,"key":"Strength Potion"},{"floor":11.0,"key":"EssenceOfSteel"},{"floor":14.0,"key":"Explosive Potion"},{"floor":16.0,"key":"GamblersBrew"},{"floor":18.0,"key":"BloodPotion"},{"floor":24.0,"key":"EssenceOfSteel"},{"floor":28.0,"key":"BloodPotion"}],"is_trial":false,"path_per_floor":["M","M","M","M","$","R","E","R","T","M","M","R","?","M","R","B",null,"M","?","?","M","M","R","M","R","T","M","M","$","?","M","R","B"],"character_chosen":"IRONCLAD","items_purchased":["Panacea","Shrug It Off","True Grit","GamblersBrew"],"campfire_rested":0,"item_purchase_floors":[5,29,29,29],"current_hp_per_floor":[80,76,80,68,68,68,39,39,49,49,53,53,75,81,81,87,90,74,56,56,45,51,63,46,58,58,53,49,49,49,44,59,0],"gold":174,"neow_bonus":"ONE_RANDOM_RARE_CARD","is_prod":false,"is_daily":false,"chose_seed":false,"campfire_upgraded":7,"win_rate":0,"timestamp":1570817778,"path_taken":["M","M","M","M","$","R","E","R","T","M","M","R","?","M","R","BOSS","M","?","?","M","M","R","M","R","T","M","M","$","?","?","R","BOSS"],"build_version":"2019-07-17","purchased_purges":0,"victory":false,"max_hp_per_floor":[80,80,80,80,80,80,80,80,90,90,90,90,90,90,90,90,90,90,95,95,95,95,95,95,95,95,95,95,95,95,95,95,95],"card_choices":[{"not_picked":["Reckless Charge","Armaments"],"picked":"Pommel Strike","floor":1.0},{"not_picked":["Combust","Reckless Charge"],"picked":"Perfected Strike","floor":2.0},{"not_picked":["Evolve","Rupture","Clothesline"],"picked":"SKIP","floor":3.0},{"not_picked":["Thunderclap","Fire Breathing"],"picked":"Whirlwind","floor":4.0},{"not_picked":["Intimidate","Rupture"],"picked":"Wild Strike","floor":7.0},{"not_picked":["Cleave","Searing Blow"],"picked":"Twin Strike","floor":10.0},{"not_picked":["Second Wind","Hemokinesis"],"picked":"Twin Strike","floor":11.0},{"not_picked":["Dark Embrace","Clash"],"picked":"Shockwave","floor":14.0},{"not_picked":["Brutality","Impervious"],"picked":"Double Tap","floor":16.0},{"not_picked":["Clash+1","Disarm"],"picked":"Corruption","floor":18.0},{"not_picked":["Power Through+1","Reckless Charge"],"picked":"Twin Strike","floor":21.0},{"not_picked":["Shockwave","Disarm"],"picked":"Wild Strike+1","floor":22.0},{"not_picked":["Clothesline","Battle Trance+1"],"picked":"Warcry+1","floor":24.0},{"not_picked":["Burning Pact+1","True Grit"],"picked":"Ghostly Armor+1","floor":27.0},{"not_picked":["Clothesline","Pommel Strike"],"picked":"Twin Strike+1","floor":28.0},{"not_picked":["Iron Wave+1","Shrug It Off"],"picked":"Pommel Strike","floor":31.0}],"player_experience":762205,"relics_obtained":[{"floor":7.0,"key":"Unceasing Top"},{"floor":9.0,"key":"Pear"},{"floor":26.0,"key":"Mummified Hand"}],"event_choices":[{"damage_healed":22.0,"max_hp_gain":0.0,"max_hp_loss":0.0,"gold_gain":0.0,"event_name":"The Cleric","player_choice":"Healed","floor":13.0,"gold_loss":35.0,"damage_taken":0.0},{"damage_healed":0.0,"max_hp_gain":5.0,"max_hp_loss":0.0,"gold_gain":0.0,"event_name":"Forgotten Altar","player_choice":"Shed Blood","floor":19.0,"gold_loss":0.0,"damage_taken":23.0},{"damage_healed":0.0,"max_hp_gain":0.0,"max_hp_loss":0.0,"gold_gain":0.0,"event_name":"Drug Dealer","player_choice":"Inject Mutagens","floor":20.0,"gold_loss":0.0,"damage_taken":0.0,"relics_obtained":["MutagenicStrength"]},{"cards_removed":["Defend_R"],"damage_healed":0.0,"max_hp_gain":0.0,"max_hp_loss":0.0,"gold_gain":0.0,"event_name":"Purifier","player_choice":"Purged","floor":30.0,"gold_loss":0.0,"damage_taken":0.0}],"is_beta":false,"boss_relics":[{"not_picked":["Coffee Dripper","Empty Cage"],"picked":"Eternal Feather"}],"items_purged_floors":[],"is_endless":false,"potions_floor_spawned":[1,10,11,14,16,18,24,28],"killed_by":"Champ","ascension_level":4}