{"gold_per_floor":[116,129,148,76,76,76,115,115,115,115,135,165,198,6,6,127,127,147,180,180,57,57,57,73,92,142,142,142,142,161,161,161,282,282,303,66,288,21,36,36,36,36,86,100,165,165,183,31,31,31],"floor_reached":51,"playtime":3148,"items_purged":["Catalyst","Storm of Steel"],"score":824,"play_id":"be12d428-dd7c-4e4d-971d-94d06a38d535","local_time":"20190101123626","is_ascension_mode":true,"campfire_choices":[{"data":"Neutralize","floor":8,"key":"SMITH"},{"data":"Footwork","floor":10,"key":"SMITH"},{"data":"Flechettes","floor":15,"key":"SMITH"},{"floor":23,"key":"REST"},{"data":"A Thousand Cuts","floor":27,"key":"SMITH"},{"data":"Terror","floor":29,"key":"SMITH"},{"floor":32,"key":"REST"},{"data":"Bullet Time","floor":40,"key":"SMITH"},{"data":"PiercingWail","floor":42,"key":"SMITH"},{"data":"Deflect","floor":46,"key":"SMITH"},{"data":"Thinking Ahead","floor":49,"key":"SMITH"}],"neow_cost":"NONE","seed_source_timestamp":1056869980282842,"circlet_count":0,"master_deck":["Survivor","Neutralize+1","Flechettes+1","Quick Slash+1","Escape Plan","Footwork+1","Adrenaline","Dodge and Roll","PiercingWail+1","A Thousand Cuts+1","Expertise","Glass Knife","Quick Slash","Accuracy","Unload+1","Terror+1","Skewer","Blade Dance","Backflip","Necronomicurse","Dash","Dagger Spray+1","Bullet Time+1","Calculated Gamble","Infinite Blades","Well Laid Plans","Thinking Ahead+1","Poisoned Stab+1","Deflect+1","Blade Dance+1"],"relics":["Philosopher\u0027s Stone","Golden Idol","Matryoshka","Art of War","Lantern","Anchor","Sundial","Lee\u0027s Waffle","Pandora\u0027s Box","Red Mask","Necronomicon","PreservedInsect","Ice Cream","Whetstone","Eternal Feather","Strawberry","Incense Burner","Vajra"],"potions_floor_usage":[7,13,25,30,30,30,45,50,50],"damage_taken":[{"damage":5,"enemies":"Cultist","floor":1,"turns":5},{"damage":0,"enemies":"Jaw Worm","floor":2,"turns":3},{"damage":5,"enemies":"2 Louse","floor":3,"turns":2},{"damage":20,"enemies":"Gremlin Nob","floor":7,"turns":4},{"damage":0,"enemies":"Exordium Wildlife","floor":11,"turns":4},{"damage":0,"enemies":"Lagavulin","floor":13,"turns":5},{"damage":60,"enemies":"Slime Boss","floor":16,"turns":24},{"damage":19,"enemies":"2 Thieves","floor":18,"turns":3},{"damage":8,"enemies":"Masked Bandits","floor":19,"turns":4},{"damage":6,"enemies":"Shell Parasite","floor":24,"turns":3},{"damage":11,"enemies":"3 Cultists","floor":25,"turns":4},{"damage":18,"enemies":"Snake Plant","floor":30,"turns":3},{"damage":33,"enemies":"Collector","floor":33,"turns":8},{"damage":18,"enemies":"3 Darklings","floor":35,"turns":6},{"damage":0,"enemies":"3 Shapes","floor":39,"turns":3},{"damage":1,"enemies":"Jaw Worm Horde","floor":44,"turns":5},{"damage":13,"enemies":"2 Orb Walkers","floor":45,"turns":4},{"damage":22,"enemies":"3 Darklings","floor":47,"turns":4},{"damage":40,"enemies":"Donu and Deca","floor":50,"turns":8}],"seed_played":"-6559815524607146455","potions_obtained":[{"floor":2,"key":"FearPotion"},{"floor":11,"key":"SteroidPotion"},{"floor":16,"key":"AttackPotion"},{"floor":25,"key":"SteroidPotion"},{"floor":28,"key":"PowerPotion"},{"floor":28,"key":"SkillPotion"},{"floor":35,"key":"EssenceOfSteel"},{"floor":44,"key":"Swift Potion"},{"floor":45,"key":"Explosive Potion"}],"is_trial":false,"path_per_floor":["M","M","M","$","?","?","E","R","T","R","M","?","E","$","R","B",null,"M","?","?","$","T","R","M","M","T","R","?","R","M","?","R","B",null,"M","$","?","$","M","R","?","R","T","M","?","R","M","$","R","B",null],"character_chosen":"THE_SILENT","items_purchased":["Footwork","Lee\u0027s Waffle","Strength Potion","Infinite Blades","FairyPotion","Well Laid Plans","Thinking Ahead","Vajra"],"campfire_rested":2,"item_purchase_floors":[4,14,21,36,36,38,38,48],"current_hp_per_floor":[65,65,60,60,60,48,28,28,28,28,28,28,28,72,72,12,72,53,45,29,29,29,50,44,33,33,33,33,33,15,15,36,3,72,54,54,54,54,54,69,69,72,79,78,65,79,57,57,75,35],"gold":31,"neow_bonus":"BOSS_RELIC","is_prod":false,"is_daily":false,"chose_seed":false,"campfire_upgraded":9,"win_rate":0,"timestamp":1546367786,"path_taken":["M","?","M","$","?","?","E","R","T","R","M","?","E","$","R","BOSS","M","?","?","$","?","R","?","?","T","R","?","R","?","?","R","BOSS","M","$","?","?","?","R","?","R","T","M","?","R","M","?","R","BOSS"],"build_version":"2018-12-20","purchased_purges":2,"victory":true,"max_hp_per_floor":[70,70,70,70,65,65,65,65,65,65,65,65,65,72,72,72,72,72,72,72,72,72,72,72,72,72,72,72,72,72,72,72,72,72,72,72,72,72,72,72,72,72,79,79,79,79,79,79,79,79],"card_choices":[{"not_picked":["Slice","Heel Hook"],"picked":"Flechettes","floor":1},{"not_picked":["Underhanded Strike","Poisoned Stab"],"picked":"Quick Slash","floor":2},{"not_picked":["Heel Hook","Flechettes"],"picked":"Escape Plan","floor":3},{"not_picked":["Outmaneuver","Dagger Throw"],"picked":"Adrenaline","floor":7},{"not_picked":["PiercingWail","Quick Slash"],"picked":"Dodge and Roll","floor":11},{"not_picked":["Bane","Dodge and Roll"],"picked":"PiercingWail","floor":13},{"not_picked":["Wraith Form v2","Die Die Die"],"picked":"A Thousand Cuts","floor":16},{"not_picked":["Choke","Sucker Punch"],"picked":"Blade Dance","floor":18},{"not_picked":["Bane","Leg Sweep"],"picked":"Backflip","floor":19},{"not_picked":["Quick Slash+1","Outmaneuver"],"picked":"Dash","floor":24},{"not_picked":["Deadly Poison","Quick Slash"],"picked":"Dagger Spray+1","floor":25},{"not_picked":["Unload","Dagger Throw","Backstab"],"picked":"SKIP","floor":30},{"not_picked":["Doppelganger","Unload"],"picked":"Bullet Time","floor":33},{"not_picked":["Flying Knee","Accuracy+1"],"picked":"Calculated Gamble","floor":35},{"not_picked":["Backstab+1","Flying Knee+1","Outmaneuver+1"],"picked":"SKIP","floor":39},{"not_picked":["Prepared","Reflex+1"],"picked":"Poisoned Stab+1","floor":44},{"not_picked":["Predator+1","Catalyst+1"],"picked":"Deflect","floor":45},{"not_picked":["Well Laid Plans+1","Deadly Poison+1"],"picked":"Blade Dance+1","floor":47}],"player_experience":347172,"relics_obtained":[{"floor":7,"key":"Art of War"},{"floor":9,"key":"Lantern"},{"floor":9,"key":"Anchor"},{"floor":13,"key":"Sundial"},{"floor":19,"key":"Red Mask"},{"floor":20,"key":"Necronomicon"},{"floor":22,"key":"PreservedInsect"},{"floor":22,"key":"Ice Cream"},{"floor":26,"key":"Whetstone"},{"floor":43,"key":"Strawberry"},{"floor":45,"key":"Incense Burner"}],"event_choices":[{"damage_healed":0,"gold_gain":0,"player_choice":"Lose Max HP","damage_taken":0,"relics_obtained":["Golden Idol"],"max_hp_gain":0,"max_hp_loss":5,"event_name":"Golden Idol","floor":5,"gold_loss":0},{"damage_healed":0,"gold_gain":0,"player_choice":"Success","damage_taken":12,"relics_obtained":["Matryoshka"],"max_hp_gain":0,"max_hp_loss":0,"event_name":"Scrap Ooze","floor":6,"gold_loss":0},{"damage_healed":0,"gold_gain":30,"player_choice":"Searched \u00271\u0027 times","damage_taken":0,"max_hp_gain":0,"max_hp_loss":0,"event_name":"Dead Adventurer","floor":12,"gold_loss":0},{"damage_healed":0,"gold_gain":0,"player_choice":"Fought Bandits","damage_taken":0,"max_hp_gain":0,"max_hp_loss":0,"event_name":"Masked Bandits","floor":19,"gold_loss":0},{"damage_healed":0,"gold_gain":0,"player_choice":"Obtained Book","damage_taken":16,"max_hp_gain":0,"max_hp_loss":0,"event_name":"Cursed Tome","floor":20,"gold_loss":0},{"damage_healed":0,"gold_gain":0,"player_choice":"Got Potions","damage_taken":0,"max_hp_gain":0,"max_hp_loss":0,"event_name":"Lab","floor":28,"gold_loss":0},{"damage_healed":0,"gold_gain":0,"player_choice":"Ignored","damage_taken":0,"max_hp_gain":0,"max_hp_loss":0,"event_name":"Vampires","floor":31,"gold_loss":0},{"damage_healed":0,"gold_gain":222,"player_choice":"Wore Mask","damage_taken":0,"max_hp_gain":0,"max_hp_loss":0,"event_name":"Tomb of Lord Red Mask","floor":37,"gold_loss":0},{"cards_removed":["Phantasmal Killer"],"damage_healed":0,"gold_gain":0,"player_choice":"Removed Skill","damage_taken":0,"max_hp_gain":0,"max_hp_loss":0,"event_name":"Falling","floor":41,"gold_loss":0},{"damage_healed":0,"gold_gain":0,"player_choice":"Fight","damage_taken":0,"max_hp_gain":0,"max_hp_loss":0,"event_name":"Mysterious Sphere","floor":45,"gold_loss":0}],"is_beta":false,"boss_relics":[{"not_picked":["Astrolabe","Busted Crown"],"picked":"Pandora\u0027s Box"},{"not_picked":["Black Star","Calling Bell"],"picked":"Eternal Feather"}],"items_purged_floors":[21,36],"is_endless":false,"potions_floor_spawned":[2,11,16,25,35,44,45],"ascension_level":4}