{"gold_per_floor":[119,138,138,188,201,201,241,241,267,267,283,304,304],"floor_reached":13,"playtime":392,"items_purged":[],"score":166,"play_id":"c011abf9-0ca9-48f2-9dd9-df6302581b04","local_time":"20190920005744","is_ascension_mode":true,"campfire_choices":[{"data":"Anger","floor":6,"key":"SMITH"},{"data":"Bash","floor":8,"key":"SMITH"}],"neow_cost":"NONE","seed_source_timestamp":455658099220800,"circlet_count":0,"master_deck":["AscendersBane","Strike_R","Strike_R","Strike_R","Strike_R","Strike_R","Defend_R","Defend_R","Defend_R","Defend_R","Bash+1","Anger+1","Iron Wave","Pommel Strike","Pain","Thunderclap"],"special_seed":0,"relics":["Burning Blood","Golden Idol","Bag of Marbles","Art of War","WarpedTongs"],"potions_floor_usage":[7],"damage_taken":[{"damage":5.0,"enemies":"2 Louse","floor":1.0,"turns":3.0},{"damage":7.0,"enemies":"Jaw Worm","floor":2.0,"turns":4.0},{"damage":1,"enemies":"Cultist","floor":5,"turns":3},{"damage":30,"enemies":"Lagavulin","floor":7,"turns":6},{"damage":8,"enemies":"Exordium Wildlife","floor":11,"turns":4},{"damage":36,"enemies":"Gremlin Gang","floor":12,"turns":5},{"damage":13,"enemies":"Large Slime","floor":13,"turns":1}],"seed_played":"-4379862868863149250","potions_obtained":[{"floor":1.0,"key":"PowerPotion"},{"floor":7,"key":"ElixirPotion"}],"is_trial":false,"path_per_floor":["M","M","?","?","M","R","E","R","T","?","M","M","M"],"character_chosen":"IRONCLAD","items_purchased":[],"campfire_rested":0,"item_purchase_floors":[],"current_hp_per_floor":[69,68,68,62,67,67,43,43,43,43,41,11,0],"gold":304,"neow_bonus":"THREE_CARDS","is_prod":false,"is_daily":false,"chose_seed":false,"campfire_upgraded":2,"win_rate":0,"timestamp":1568959064,"path_taken":["M","M","?","?","?","R","E","R","T","?","M","?","M"],"build_version":"2019-09-19","purchased_purges":0,"victory":false,"max_hp_per_floor":[75,75,68,68,68,68,68,68,68,68,68,68,68],"card_choices":[{"not_picked":["Thunderclap","Second Wind"],"picked":"Anger","floor":0.0},{"not_picked":["Ghostly Armor","Clash"],"picked":"Iron Wave","floor":1.0},{"not_picked":["Anger","Heavy Blade","Iron Wave"],"picked":"SKIP","floor":2.0},{"not_picked":["Havoc","Reckless Charge","Clash"],"picked":"SKIP","floor":5},{"not_picked":["Body Slam","Iron Wave"],"picked":"Pommel Strike","floor":7},{"not_picked":["Rage","Pummel","Heavy Blade"],"picked":"SKIP","floor":11},{"not_picked":["Headbutt","Sever Soul"],"picked":"Thunderclap","floor":12}],"player_experience":746256,"relics_obtained":[{"floor":7,"key":"Bag of Marbles"},{"floor":9,"key":"Art of War"}],"event_choices":[{"damage_healed":0.0,"max_hp_gain":0.0,"max_hp_loss":7.0,"gold_gain":0.0,"event_name":"Golden Idol","player_choice":"Lose Max HP","floor":3.0,"gold_loss":0.0,"damage_taken":0.0,"relics_obtained":["Golden Idol"]},{"damage_healed":0,"gold_gain":50,"player_choice":"Touch","damage_taken":6,"max_hp_gain":0,"max_hp_loss":0,"event_name":"FaceTrader","floor":4,"gold_loss":0},{"damage_healed":0,"gold_gain":0,"player_choice":"Rummage","damage_taken":0,"relics_obtained":["WarpedTongs"],"max_hp_gain":0,"max_hp_loss":0,"event_name":"Accursed Blacksmith","floor":10,"gold_loss":0,"cards_obtained":["Pain"]}],"is_beta":true,"boss_relics":[],"items_purged_floors":[],"is_endless":false,"potions_floor_spawned":[1,7],"killed_by":"Large Slime","ascension_level":19}