{"gold_per_floor":[117,117,138,138,162,203,203,128,205,205,236,250,266,285,285,285],"floor_reached":16,"playtime":969,"items_purged":["Strike_G"],"score":118,"play_id":"a353fc7e-9391-420a-934f-541258242bcf","local_time":"20181205192032","is_ascension_mode":true,"campfire_choices":[{"data":"Footwork","floor":7,"key":"SMITH"},{"data":"All Out Attack","floor":10,"key":"SMITH"},{"floor":15,"key":"REST"}],"neow_cost":"NONE","seed_source_timestamp":1893527585743469,"circlet_count":0,"master_deck":["Defend_G","Defend_G","Defend_G","Defend_G","Defend_G","Strike_G","Strike_G","Strike_G","Strike_G","Survivor","Neutralize","Footwork+1","Cloak And Dagger","All Out Attack+1","Dodge and Roll","Blade Dance","Adrenaline","PiercingWail","Sucker Punch+1"],"relics":["Ring of the Snake","Golden Idol","FaceOfCleric","Lantern","Bottled Flame","Molten Egg 2"],"potions_floor_usage":[16,16],"damage_taken":[{"damage":1,"enemies":"Jaw Worm","floor":1,"turns":6},{"damage":5,"enemies":"2 Louse","floor":3,"turns":3},{"damage":0,"enemies":"Cultist","floor":5,"turns":5},{"damage":11,"enemies":"3 Sentries","floor":6,"turns":12},{"damage":36,"enemies":"Gremlin Nob","floor":11,"turns":5},{"damage":0,"enemies":"Large Slime","floor":12,"turns":7},{"damage":0,"enemies":"Blue Slaver","floor":13,"turns":4},{"damage":0,"enemies":"3 Louse","floor":14,"turns":2},{"damage":41,"enemies":"Slime Boss","floor":16,"turns":12}],"seed_played":"3706501167721098059","potions_obtained":[{"floor":1,"key":"Strength Potion"},{"floor":6,"key":"Weak Potion"},{"floor":11,"key":"Energy Potion"}],"is_trial":false,"path_per_floor":["M","?","M","?","M","E","R","$","T","R","E","M","M","M","R","B"],"character_chosen":"THE_SILENT","items_purchased":[],"campfire_rested":1,"item_purchase_floors":[],"current_hp_per_floor":[76,57,52,52,53,43,43,43,43,43,8,9,10,11,35,0],"gold":285,"neow_bonus":"TEN_PERCENT_HP_BONUS","is_prod":false,"is_daily":false,"chose_seed":false,"campfire_upgraded":2,"win_rate":0,"timestamp":1544059232,"path_taken":["M","?","M","?","M","E","R","$","T","R","E","M","M","M","R","BOSS"],"build_version":"2018-11-15","purchased_purges":1,"victory":false,"max_hp_per_floor":[77,77,77,77,78,79,79,79,79,79,80,81,82,83,83,83],"card_choices":[{"not_picked":["PiercingWail","Dagger Throw"],"picked":"Footwork","floor":1},{"not_picked":["Quick Slash","Skewer"],"picked":"Cloak And Dagger","floor":3},{"not_picked":["Adrenaline","Flying Knee"],"picked":"All Out Attack","floor":5},{"not_picked":["Masterful Stab","Acrobatics"],"picked":"Dodge and Roll","floor":6},{"not_picked":["Dodge and Roll","Cloak And Dagger"],"picked":"Blade Dance","floor":11},{"not_picked":["Cloak And Dagger","Flying Knee+1"],"picked":"Adrenaline","floor":12},{"not_picked":["Outmaneuver","Cloak And Dagger"],"picked":"PiercingWail","floor":13},{"not_picked":["Dagger Spray+1","Underhanded Strike+1"],"picked":"Sucker Punch+1","floor":14}],"player_experience":235275,"relics_obtained":[{"floor":6,"key":"Lantern"},{"floor":9,"key":"Bottled Flame"},{"floor":11,"key":"Molten Egg 2"}],"event_choices":[{"damage_healed":0,"gold_gain":0,"player_choice":"Take Damage","damage_taken":19,"relics_obtained":["Golden Idol"],"max_hp_gain":0,"max_hp_loss":0,"event_name":"Golden Idol","floor":2,"gold_loss":0},{"damage_healed":0,"gold_gain":0,"player_choice":"Trade","damage_taken":0,"relics_obtained":["FaceOfCleric"],"max_hp_gain":0,"max_hp_loss":0,"event_name":"FaceTrader","floor":4,"gold_loss":0}],"is_beta":false,"boss_relics":[],"items_purged_floors":[8],"is_endless":false,"potions_floor_spawned":[1,6,11,14],"killed_by":"Slime Boss","ascension_level":1}