{"gold_per_floor":[116,116,116,130,147,147,162,177,258,273,198,212,212,235,235,331,331,345,345,345,355,355,355,355,355,355,375,375,375,395,198,198,298,298,315,315,334,334,349,349,349],"floor_reached":41,"playtime":1713,"items_purged":["Strike_R","Strike_R+1"],"score":383,"play_id":"883001b9-31d3-4c8f-8d3c-f796728375d8","local_time":"20190706172107","is_ascension_mode":false,"campfire_choices":[{"data":"Demon Form","floor":6,"key":"SMITH"},{"data":"Havoc","floor":15,"key":"SMITH"},{"data":"Berserk","floor":23,"key":"SMITH"},{"data":"Heavy Blade","floor":25,"key":"SMITH"},{"floor":28,"key":"REST"},{"floor":32,"key":"REST"},{"floor":40,"key":"REST"}],"neow_cost":"NONE","seed_source_timestamp":612090333916694,"circlet_count":0,"master_deck":["Strike_R+1","Strike_R+1","Defend_R+1","Defend_R+1","Defend_R+1","Defend_R+1","Bash+1","Anger","Demon Form+1","Flex","Heavy Blade+1","Havoc+1","Berserk+1","Warcry","Sever Soul","Shrug It Off","Limit Break","Sword Boomerang"],"relics":["Runic Pyramid"],"potions_floor_usage":[16,16,21,39,41,41,41],"damage_taken":[{"damage":10,"enemies":"2 Louse","floor":1,"turns":3},{"damage":6,"enemies":"Jaw Worm","floor":4,"turns":3},{"damage":0,"enemies":"Cultist","floor":5,"turns":2},{"damage":0,"enemies":"Large Slime","floor":7,"turns":3},{"damage":2,"enemies":"Blue Slaver","floor":8,"turns":3},{"damage":7,"enemies":"2 Fungi Beasts","floor":10,"turns":3},{"damage":6,"enemies":"Large Slime","floor":12,"turns":4},{"damage":18,"enemies":"The Mushroom Lair","floor":14,"turns":4},{"damage":22,"enemies":"Hexaghost","floor":16,"turns":5},{"damage":15,"enemies":"Chosen","floor":18,"turns":4},{"damage":9,"enemies":"Shell Parasite","floor":21,"turns":3},{"damage":12,"enemies":"Centurion and Healer","floor":27,"turns":5},{"damage":18,"enemies":"Snake Plant","floor":30,"turns":4},{"damage":33,"enemies":"Automaton","floor":33,"turns":7},{"damage":15,"enemies":"Orb Walker","floor":35,"turns":5},{"damage":0,"enemies":"3 Shapes","floor":37,"turns":5},{"damage":47,"enemies":"Jaw Worm Horde","floor":39,"turns":5},{"damage":56,"enemies":"Reptomancer","floor":41,"turns":3}],"seed_played":"-2870241862165962050","potions_obtained":[{"floor":7,"key":"EssenceOfSteel"},{"floor":8,"key":"EssenceOfSteel"},{"floor":10,"key":"LiquidBronze"},{"floor":12,"key":"Fruit Juice"},{"floor":18,"key":"Energy Potion"},{"floor":27,"key":"FearPotion"},{"floor":39,"key":"Block Potion"}],"is_trial":false,"path_per_floor":["M","?","?","M","M","R","M","M","T","M","$","M","?","?","R","B",null,"M","?","?","M","?","R","?","R","T","M","R","T","M","$","R","B",null,"M","?","M","?","M","R","E"],"character_chosen":"IRONCLAD","items_purchased":["PowerPotion","Energy Potion"],"campfire_rested":3,"item_purchase_floors":[31,31],"current_hp_per_floor":[70,70,70,64,64,64,64,62,62,55,55,49,75,57,57,35,80,65,65,50,41,41,41,41,41,41,29,54,54,36,36,61,28,85,70,70,70,70,23,48,0],"gold":349,"neow_bonus":"BOSS_RELIC","is_prod":false,"is_daily":false,"chose_seed":false,"campfire_upgraded":4,"win_rate":0,"timestamp":1562451667,"path_taken":["M","?","?","?","M","R","M","M","T","M","$","M","?","?","R","BOSS","M","?","?","M","?","R","?","R","T","M","R","?","?","$","R","BOSS","M","?","M","?","M","R","E"],"build_version":"2019-07-05","purchased_purges":2,"victory":false,"max_hp_per_floor":[80,80,80,80,80,80,80,80,80,80,80,80,80,80,80,80,80,80,80,85,85,85,85,85,85,85,85,85,85,85,85,85,85,85,85,85,85,85,85,85,90],"card_choices":[{"not_picked":["Flex","Pommel Strike"],"picked":"Anger","floor":1},{"not_picked":["Feel No Pain","Rupture"],"picked":"Anger","floor":4},{"not_picked":["Rage","Burning Pact"],"picked":"Demon Form","floor":5},{"not_picked":["Dual Wield","Iron Wave"],"picked":"Flex","floor":7},{"not_picked":["Armaments","Inflame","Evolve"],"picked":"SKIP","floor":8},{"not_picked":["Whirlwind","Anger"],"picked":"Heavy Blade","floor":10},{"not_picked":["Clash","Armaments","Inflame"],"picked":"SKIP","floor":12},{"not_picked":["Wild Strike","Sword Boomerang"],"picked":"Havoc","floor":14},{"not_picked":["Barricade","Bludgeon"],"picked":"Berserk","floor":16},{"not_picked":["Uppercut","Hemokinesis","Clothesline+1"],"picked":"SKIP","floor":18},{"not_picked":["Havoc","Armaments"],"picked":"Warcry","floor":21},{"not_picked":["Wild Strike","Corruption"],"picked":"Sever Soul","floor":27},{"not_picked":["Shockwave","Metallicize"],"picked":"Shrug It Off","floor":30},{"not_picked":["Brutality","Berserk"],"picked":"Limit Break","floor":33},{"not_picked":["Carnage","True Grit","Dual Wield+1"],"picked":"SKIP","floor":35},{"not_picked":["Wild Strike","Clothesline"],"picked":"Sword Boomerang","floor":37},{"not_picked":["Rampage","Searing Blow+1","Clash+1"],"picked":"SKIP","floor":39}],"player_experience":692484,"relics_obtained":[],"event_choices":[{"cards_removed":["Strike_R"],"damage_healed":0,"gold_gain":0,"player_choice":"Forget","damage_taken":0,"max_hp_gain":0,"max_hp_loss":0,"event_name":"Living Wall","floor":2,"gold_loss":0},{"damage_healed":0,"gold_gain":0,"player_choice":"Forge","damage_taken":0,"max_hp_gain":0,"max_hp_loss":0,"event_name":"Accursed Blacksmith","floor":3,"gold_loss":0,"cards_upgraded":["Bash"]},{"damage_healed":26,"gold_gain":0,"player_choice":"Banana","damage_taken":0,"max_hp_gain":0,"max_hp_loss":0,"event_name":"Big Fish","floor":13,"gold_loss":0},{"damage_healed":0,"gold_gain":0,"player_choice":"Fought Mushrooms","damage_taken":0,"max_hp_gain":0,"max_hp_loss":0,"event_name":"Mushrooms","floor":14,"gold_loss":0},{"damage_healed":0,"gold_gain":0,"player_choice":"Ignored","damage_taken":0,"max_hp_gain":0,"max_hp_loss":0,"event_name":"The Mausoleum","floor":19,"gold_loss":0},{"damage_healed":0,"gold_gain":0,"player_choice":"Shed Blood","damage_taken":20,"max_hp_gain":5,"max_hp_loss":0,"event_name":"Forgotten Altar","floor":20,"gold_loss":0},{"damage_healed":0,"gold_gain":0,"player_choice":"Simplicity","damage_taken":0,"max_hp_gain":0,"max_hp_loss":0,"event_name":"Back to Basics","floor":22,"gold_loss":0,"cards_upgraded":["Strike_R","Strike_R","Strike_R","Defend_R","Defend_R","Defend_R","Defend_R"]},{"damage_healed":0,"gold_gain":0,"player_choice":"Ignored","damage_taken":0,"max_hp_gain":0,"max_hp_loss":0,"event_name":"Cursed Tome","floor":24,"gold_loss":0},{"damage_healed":0,"gold_gain":0,"player_choice":"Ignored","damage_taken":0,"max_hp_gain":0,"max_hp_loss":0,"event_name":"Mysterious Sphere","floor":36,"gold_loss":0},{"cards_removed":["Anger"],"damage_healed":0,"gold_gain":0,"player_choice":"Removed Attack","damage_taken":0,"max_hp_gain":0,"max_hp_loss":0,"event_name":"Falling","floor":38,"gold_loss":0}],"is_beta":false,"boss_relics":[{"not_picked":["Pandora\u0027s Box","Astrolabe","Runic Cube"]},{"not_picked":["Runic Dome","Lizard Tail","Eternal Feather"]}],"items_purged_floors":[11,31],"is_endless":false,"potions_floor_spawned":[7,8,10,12,18,27,33,35,39],"killed_by":"Reptomancer","ascension_level":0}