{"gold_per_floor":[113,129,140,140,154,190,190,221,221,221,201,217,53,77,77,168,168,187,187,187,187,205,205,224,239,262,312,312,312,312,0,0,89,89,104,7,7,23,148,148,34,0,0,0,0,0,0,0,0,0],"floor_reached":51,"playtime":3451,"items_purged":["Dagger Spray","Footwork"],"score":1158,"play_id":"95dd7557-9866-4126-927e-71bb456bdc4e","local_time":"20190623192636","is_ascension_mode":true,"campfire_choices":[{"floor":7,"key":"REST"},{"floor":10,"key":"REST"},{"floor":15,"key":"REST"},{"floor":23,"key":"REST"},{"floor":29,"key":"REST"},{"floor":32,"key":"REST"},{"data":"Calculated Gamble","floor":40,"key":"SMITH"},{"data":"Accuracy","floor":44,"key":"SMITH"},{"data":"Blade Dance","floor":45,"key":"SMITH"},{"floor":49,"key":"REST"}],"neow_cost":"NONE","seed_source_timestamp":712297337990724,"circlet_count":0,"master_deck":["AscendersBane","Survivor","Neutralize","Dagger Throw","Backstab","After Image","Deadly Poison","Quick Slash","Panache","Blade Dance","Blade Dance+1","A Thousand Cuts","Footwork","Storm of Steel","Deadly Poison","Calculated Gamble+1","Reflex+1","Concentrate","Crippling Poison","Backflip","Outmaneuver","Bouncing Flask","Finesse","Storm of Steel","Deflect+1","Dodge and Roll","Deep Breath","Backflip+1","Dodge and Roll","Accuracy+1","Prepared"],"relics":["Ring of the Snake","NeowsBlessing","Golden Idol","The Courier","Tough Bandages","Kunai","Pandora\u0027s Box","Smiling Mask","Potion Belt","Anchor","White Beast Statue","WingedGreaves","Red Mask","Oddly Smooth Stone"],"potions_floor_usage":[6,8,14,16,18,33,50,50,50],"damage_taken":[{"damage":0,"enemies":"2 Louse","floor":1,"turns":1},{"damage":0,"enemies":"Small Slimes","floor":2,"turns":1},{"damage":0,"enemies":"Cultist","floor":3,"turns":1},{"damage":17,"enemies":"Red Slaver","floor":5,"turns":6},{"damage":27,"enemies":"3 Sentries","floor":6,"turns":7},{"damage":13,"enemies":"Gremlin Nob","floor":8,"turns":5},{"damage":15,"enemies":"Large Slime","floor":12,"turns":8},{"damage":1,"enemies":"Lots of Slimes","floor":14,"turns":3},{"damage":13,"enemies":"Slime Boss","floor":16,"turns":9},{"damage":11,"enemies":"Shell Parasite","floor":18,"turns":6},{"damage":17,"enemies":"Spheric Guardian","floor":22,"turns":6},{"damage":4,"enemies":"Centurion and Healer","floor":24,"turns":7},{"damage":21,"enemies":"Snecko","floor":25,"turns":7},{"damage":14,"enemies":"Champ","floor":33,"turns":12},{"damage":0,"enemies":"3 Shapes","floor":35,"turns":8},{"damage":2,"enemies":"Orb Walker","floor":38,"turns":5},{"damage":10,"enemies":"Mind Bloom Boss Battle","floor":39,"turns":11},{"damage":57,"enemies":"Awakened One","floor":50,"turns":34}],"seed_played":"1732647000953934347","potions_obtained":[{"floor":1,"key":"Block Potion"},{"floor":3,"key":"LiquidBronze"},{"floor":8,"key":"AttackPotion"},{"floor":11,"key":"SkillPotion"},{"floor":16,"key":"GhostInAJar"},{"floor":21,"key":"SmokeBomb"},{"floor":21,"key":"Regen Potion"},{"floor":35,"key":"SpeedPotion"},{"floor":38,"key":"Fire Potion"},{"floor":39,"key":"EssenceOfSteel"}],"is_trial":false,"path_per_floor":["M","M","M","?","M","E","R","E","T","R","?","M","$","M","R","B",null,"M","T","?","?","M","R","M","M","T","?","?","R","?","$","R","B",null,"M","$","?","M","?","R","$","?","T","R","R","$","?","$","R","B",null],"character_chosen":"THE_SILENT","items_purchased":["Panache","Blade Dance","Finesse","Anchor","SkillPotion","Dodge and Roll","Accuracy","Prepared"],"campfire_rested":7,"item_purchase_floors":[13,13,31,31,31,36,41,41],"current_hp_per_floor":[59,59,59,59,42,15,33,20,20,38,38,23,23,22,40,27,52,41,41,41,41,24,42,38,17,17,17,17,35,35,35,53,39,55,55,55,55,53,43,43,43,43,43,43,43,43,43,43,57,15],"gold":0,"neow_bonus":"THREE_ENEMY_KILL","is_prod":false,"is_daily":false,"chose_seed":false,"campfire_upgraded":3,"win_rate":0,"timestamp":1561335996,"path_taken":["M","M","M","?","M","E","R","E","T","R","?","M","$","?","R","BOSS","M","?","?","?","M","R","M","?","T","?","?","R","?","$","R","BOSS","M","$","?","M","?","R","$","?","T","R","R","?","?","$","R","BOSS"],"build_version":"2019-01-23","purchased_purges":2,"victory":true,"max_hp_per_floor":[66,66,66,60,60,60,60,60,60,60,60,60,60,60,60,60,60,60,60,60,60,60,60,60,60,60,60,60,60,60,60,60,60,60,60,60,60,60,60,60,60,60,60,60,60,60,57,57,57,57],"card_choices":[{"not_picked":["Accuracy","Sucker Punch"],"picked":"Dagger Throw","floor":1},{"not_picked":["Dagger Throw","Masterful Stab"],"picked":"Dagger Spray","floor":2},{"not_picked":["Prepared","Tactician","Outmaneuver"],"picked":"SKIP","floor":3},{"not_picked":["Quick Slash","Backflip"],"picked":"Backstab","floor":5},{"not_picked":["Poisoned Stab","PiercingWail"],"picked":"After Image","floor":6},{"not_picked":["Slice","Riddle With Holes"],"picked":"Deadly Poison","floor":8},{"not_picked":["Dagger Spray","Predator"],"picked":"Quick Slash","floor":12},{"not_picked":["Concentrate","Catalyst"],"picked":"Blade Dance","floor":14},{"not_picked":["Phantasmal Killer","Doppelganger"],"picked":"A Thousand Cuts","floor":16},{"not_picked":["Deadly Poison","Dagger Spray","Bane"],"picked":"SKIP","floor":18},{"not_picked":["Endless Agony","Sucker Punch","Heel Hook"],"picked":"SKIP","floor":22},{"not_picked":["Skewer","Quick Slash","Acrobatics"],"picked":"SKIP","floor":24},{"not_picked":["Blade Dance","Accuracy","Slice"],"picked":"SKIP","floor":25},{"not_picked":["Malaise","Die Die Die"],"picked":"Storm of Steel","floor":33},{"not_picked":["Prepared","Dash+1"],"picked":"Deflect+1","floor":35},{"not_picked":["Panacea","Madness"],"picked":"Deep Breath","floor":37},{"not_picked":["Masterful Stab+1","Cloak And Dagger"],"picked":"Backflip+1","floor":38},{"not_picked":["Deadly Poison+1","Choke"],"picked":"Dodge and Roll","floor":39}],"player_experience":656210,"relics_obtained":[{"floor":6,"key":"The Courier"},{"floor":8,"key":"Tough Bandages"},{"floor":9,"key":"Kunai"},{"floor":19,"key":"Smiling Mask"},{"floor":26,"key":"Potion Belt"},{"floor":39,"key":"WingedGreaves"},{"floor":43,"key":"Oddly Smooth Stone"}],"event_choices":[{"damage_healed":0,"gold_gain":0,"player_choice":"Lose Max HP","damage_taken":0,"relics_obtained":["Golden Idol"],"max_hp_gain":0,"max_hp_loss":6,"event_name":"Golden Idol","floor":4,"gold_loss":0},{"damage_healed":0,"gold_gain":0,"player_choice":"Bought 1 Potion","damage_taken":0,"max_hp_gain":0,"max_hp_loss":0,"event_name":"The Woman in Blue","floor":11,"gold_loss":0},{"damage_healed":0,"gold_gain":0,"player_choice":"Read","damage_taken":0,"max_hp_gain":0,"max_hp_loss":0,"event_name":"The Library","floor":20,"gold_loss":0,"cards_obtained":["Backflip"]},{"damage_healed":0,"gold_gain":0,"player_choice":"Got Potions","damage_taken":0,"max_hp_gain":0,"max_hp_loss":0,"event_name":"Lab","floor":21,"gold_loss":0},{"damage_healed":0,"gold_gain":50,"player_choice":"Stole From Cult","damage_taken":0,"max_hp_gain":0,"max_hp_loss":0,"event_name":"Nest","floor":27,"gold_loss":0},{"damage_healed":0,"gold_gain":0,"cards_transformed":["Riddle With Holes","Bane"],"player_choice":"Became Test Subject","damage_taken":0,"max_hp_gain":0,"max_hp_loss":0,"event_name":"Drug Dealer","floor":28,"gold_loss":0,"cards_obtained":["Outmaneuver","Bouncing Flask"]},{"damage_healed":0,"gold_gain":0,"player_choice":"Forge","damage_taken":0,"max_hp_gain":0,"max_hp_loss":0,"event_name":"Accursed Blacksmith","floor":30,"gold_loss":0,"cards_upgraded":["Reflex"]},{"damage_healed":0,"gold_gain":0,"player_choice":"Memory 1","damage_taken":0,"max_hp_gain":0,"max_hp_loss":0,"event_name":"SensoryStone","floor":37,"gold_loss":0},{"damage_healed":0,"gold_gain":0,"player_choice":"Fight","damage_taken":0,"max_hp_gain":0,"max_hp_loss":0,"event_name":"MindBloom","floor":39,"gold_loss":0},{"damage_healed":0,"gold_gain":0,"player_choice":"Paid","damage_taken":0,"relics_obtained":["Red Mask"],"max_hp_gain":0,"max_hp_loss":0,"event_name":"Tomb of Lord Red Mask","floor":42,"gold_loss":34},{"damage_healed":0,"gold_gain":0,"player_choice":"Max HP","damage_taken":0,"max_hp_gain":0,"max_hp_loss":3,"event_name":"Winding Halls","floor":47,"gold_loss":0}],"is_beta":false,"boss_relics":[{"not_picked":["Calling Bell","Ring of the Serpent"],"picked":"Pandora\u0027s Box"},{"not_picked":["Velvet Choker","HoveringKite"],"picked":"White Beast Statue"}],"items_purged_floors":[31,36],"is_endless":false,"potions_floor_spawned":[1,3,8,16,22,35,38,39],"ascension_level":17}