{"gold_per_floor":[114,33,33,33,33,67,67,83,128,146,159,174,189,515,515,618,618,598,609,626,117,130,130,141,171,171,182,182,211,211,18,18,121,121,133,148,168,182,26,26,53,53,53,87,87,100,120,137,137,137,137,137,13,38,38],"floor_reached":55,"playtime":7910,"items_purged":["Strike_G"],"score":833,"play_id":"b133693a-94f1-4029-99a2-6879052dacdb","local_time":"20190616211940","is_ascension_mode":false,"campfire_choices":[{"data":"Sucker Punch","floor":7,"key":"SMITH"},{"data":"Caltrops","floor":15,"key":"SMITH"},{"data":"Wraith Form v2","floor":23,"key":"SMITH"},{"floor":28,"key":"REST"},{"data":"Neutralize","floor":30,"key":"SMITH"},{"data":"Thinking Ahead","floor":32,"key":"SMITH"},{"data":"Footwork","floor":40,"key":"SMITH"},{"data":"Footwork","floor":42,"key":"SMITH"},{"floor":45,"key":"REST"},{"floor":49,"key":"RECALL"},{"data":"PiercingWail","floor":52,"key":"SMITH"}],"neow_cost":"NONE","seed_source_timestamp":109835120164595,"circlet_count":0,"master_deck":["Defend_G","Defend_G+1","Defend_G","Defend_G","Strike_G","Strike_G","Strike_G","Strike_G","Survivor+1","Neutralize+1","Terror+1","Leg Sweep","Sucker Punch+1","Flying Knee","Dagger Throw","Dodge and Roll","Caltrops+1","Backflip","Wraith Form v2+1","PiercingWail+1","Heel Hook+1","Footwork+1","Well Laid Plans","Die Die Die","Cloak And Dagger","Footwork+1","Thinking Ahead+1","Malaise","Acrobatics","Backflip+1","PiercingWail+1","Malaise","Terror+1","Dash+1","Footwork+1"],"relics":["Ring of the Snake","NeowsBlessing","War Paint","Happy Flower","Old Coin","White Beast Statue","Thread and Needle","Shuriken","Ninja Scroll","Regal Pillow","Velvet Choker","Bronze Scales","Frozen Egg 2","Centennial Puzzle","Strawberry"],"potions_floor_usage":[12,14,14,14,18,20,20,22,22,27,33,33,33,41,41,44,47,47,50,50,50,55,55],"damage_taken":[{"damage":0,"enemies":"Cultist","floor":1,"turns":1},{"damage":0,"enemies":"3 Sentries","floor":6,"turns":1},{"damage":0,"enemies":"Small Slimes","floor":8,"turns":1},{"damage":0,"enemies":"2 Louse","floor":10,"turns":2},{"damage":0,"enemies":"2 Fungi Beasts","floor":11,"turns":3},{"damage":6,"enemies":"Exordium Thugs","floor":12,"turns":4},{"damage":7,"enemies":"Gremlin Gang","floor":13,"turns":5},{"damage":6,"enemies":"Gremlin Nob","floor":14,"turns":4},{"damage":43,"enemies":"Slime Boss","floor":16,"turns":14},{"damage":12,"enemies":"2 Thieves","floor":18,"turns":4},{"damage":0,"enemies":"Chosen","floor":19,"turns":5},{"damage":23,"enemies":"3 Cultists","floor":20,"turns":5},{"damage":0,"enemies":"Snake Plant","floor":22,"turns":5},{"damage":7,"enemies":"Shelled Parasite and Fungi","floor":24,"turns":7},{"damage":0,"enemies":"Book of Stabbing","floor":25,"turns":7},{"damage":4,"enemies":"3 Cultists","floor":27,"turns":6},{"damage":14,"enemies":"Slavers","floor":29,"turns":5},{"damage":2,"enemies":"Automaton","floor":33,"turns":11},{"damage":0,"enemies":"Orb Walker","floor":35,"turns":6},{"damage":0,"enemies":"3 Darklings","floor":36,"turns":6},{"damage":0,"enemies":"Writhing Mass","floor":37,"turns":9},{"damage":21,"enemies":"Spire Growth","floor":38,"turns":7},{"damage":7,"enemies":"Giant Head","floor":41,"turns":11},{"damage":25,"enemies":"Nemesis","floor":44,"turns":13},{"damage":4,"enemies":"Sphere and 2 Shapes","floor":46,"turns":6},{"damage":0,"enemies":"3 Darklings","floor":47,"turns":5},{"damage":7,"enemies":"Maw","floor":48,"turns":9},{"damage":34,"enemies":"Donu and Deca","floor":50,"turns":16},{"damage":27,"enemies":"Shield and Spear","floor":54,"turns":14},{"damage":57,"enemies":"The Heart","floor":55,"turns":15}],"seed_played":"-4527658722705183496","potions_obtained":[{"floor":6,"key":"EntropicBrew"},{"floor":10,"key":"AttackPotion"},{"floor":11,"key":"Energy Potion"},{"floor":18,"key":"LiquidBronze"},{"floor":19,"key":"Dexterity Potion"},{"floor":20,"key":"FearPotion"},{"floor":22,"key":"Explosive Potion"},{"floor":24,"key":"PowerPotion"},{"floor":25,"key":"Ancient Potion"},{"floor":27,"key":"Strength Potion"},{"floor":33,"key":"Explosive Potion"},{"floor":35,"key":"Strength Potion"},{"floor":36,"key":"SpeedPotion"},{"floor":38,"key":"AttackPotion"},{"floor":41,"key":"PowerPotion"},{"floor":44,"key":"AttackPotion"},{"floor":46,"key":"PowerPotion"},{"floor":47,"key":"GhostInAJar"},{"floor":48,"key":"SpeedPotion"},{"floor":54,"key":"Dexterity Potion"}],"is_trial":false,"path_per_floor":["M","$","?","?","?","E","R","M","T","M","M","M","M","E","R","B",null,"M","M","M","$","M","R","M","E","T","M","R","E","R","$","R","B",null,"M","M","M","M","$","R","E","R","T","E","R","M","M","M","R","B",null,"R","$","E","B"],"character_chosen":"THE_SILENT","items_purchased":["Leg Sweep","Thread and Needle","Footwork","Regen Potion","Thinking Ahead","Bronze Scales","Footwork+1","Weak Potion"],"campfire_rested":2,"item_purchase_floors":[2,21,21,21,31,39,53,53],"current_hp_per_floor":[70,70,70,70,70,70,70,70,70,70,70,64,57,51,51,8,70,58,58,35,35,50,50,43,43,43,39,60,46,46,46,46,44,70,70,70,70,49,49,49,42,42,42,17,53,49,49,42,42,8,70,70,70,50,0],"gold":38,"neow_bonus":"THREE_ENEMY_KILL","is_prod":false,"is_daily":false,"chose_seed":false,"campfire_upgraded":8,"win_rate":0,"timestamp":1560737980,"path_taken":["M","?","?","?","?","E","R","M","T","M","?","M","M","E","R","BOSS","M","M","?","$","M","R","M","E","T","M","R","E","R","$","R","BOSS","M","M","M","M","$","R","E","R","T","E","R","M","M","M","R","BOSS","R","$","E","BOSS"],"build_version":"2019-01-23","purchased_purges":1,"victory":false,"max_hp_per_floor":[70,70,70,70,70,70,70,70,70,70,70,70,70,70,70,70,70,70,70,70,70,70,70,70,70,70,70,70,70,70,70,70,70,70,70,70,70,70,70,70,70,70,70,70,70,70,70,70,70,70,70,70,70,77,77],"card_choices":[{"not_picked":["Slice","Escape Plan"],"picked":"Terror","floor":1},{"not_picked":["Outmaneuver","Masterful Stab"],"picked":"Sucker Punch","floor":6},{"not_picked":["Blur","Backflip"],"picked":"Flying Knee","floor":8},{"not_picked":["Reflex","Expertise"],"picked":"Dagger Throw","floor":10},{"not_picked":["Sucker Punch","Poisoned Stab"],"picked":"Dodge and Roll","floor":11},{"not_picked":["Cloak And Dagger","Flying Knee"],"picked":"Caltrops","floor":12},{"not_picked":["Distraction","Bane","Night Terror"],"picked":"SKIP","floor":13},{"not_picked":["Underhanded Strike","Slice"],"picked":"Backflip","floor":14},{"not_picked":["Grand Finale","Unload"],"picked":"Wraith Form v2","floor":16},{"not_picked":["Dagger Throw","Sucker Punch","Underhanded Strike"],"picked":"SKIP","floor":18},{"not_picked":["Prepared","All Out Attack"],"picked":"PiercingWail","floor":19},{"not_picked":["Acrobatics+1","Prepared"],"picked":"Heel Hook+1","floor":20},{"not_picked":["Underhanded Strike","Setup","Bane"],"picked":"SKIP","floor":22},{"not_picked":["Deflect+1","Endless Agony"],"picked":"Well Laid Plans","floor":24},{"not_picked":["Endless Agony","Outmaneuver"],"picked":"Die Die Die","floor":25},{"not_picked":["Flying Knee","Slice"],"picked":"Cloak And Dagger","floor":27},{"not_picked":["Dodge and Roll","Tools of the Trade"],"picked":"Footwork","floor":29},{"not_picked":["Burst","Bullet Time"],"picked":"Malaise","floor":33},{"not_picked":["Expertise+1","Cloak And Dagger+1"],"picked":"Acrobatics","floor":35},{"not_picked":["Blade Dance","Masterful Stab+1"],"picked":"Backflip+1","floor":36},{"not_picked":["Underhanded Strike","Riddle With Holes","Dagger Spray"],"picked":"SKIP","floor":37},{"not_picked":["Skewer","Backstab+1"],"picked":"PiercingWail+1","floor":38},{"not_picked":["Flechettes+1","Flying Knee+1"],"picked":"Malaise","floor":41},{"not_picked":["Infinite Blades+1","Acrobatics","Eviscerate+1"],"picked":"SKIP","floor":44},{"not_picked":["Skewer+1","Prepared","Cloak And Dagger"],"picked":"SKIP","floor":46},{"not_picked":["Masterful Stab+1","Infinite Blades+1"],"picked":"Terror+1","floor":47},{"not_picked":["Deadly Poison","Backstab"],"picked":"Dash+1","floor":48},{"not_picked":["Deflect+1","Sucker Punch","Setup+1"],"picked":"SKIP","floor":54}],"player_experience":588798,"relics_obtained":[{"floor":6,"key":"War Paint"},{"floor":9,"key":"Happy Flower"},{"floor":14,"key":"Old Coin"},{"floor":25,"key":"Shuriken"},{"floor":26,"key":"Ninja Scroll"},{"floor":29,"key":"Regal Pillow"},{"floor":41,"key":"Frozen Egg 2"},{"floor":44,"key":"Centennial Puzzle"},{"floor":54,"key":"Strawberry"}],"event_choices":[{"damage_healed":0,"gold_gain":0,"player_choice":"Leave","damage_taken":0,"max_hp_gain":0,"max_hp_loss":0,"event_name":"The Cleric","floor":3,"gold_loss":0},{"damage_healed":0,"gold_gain":0,"player_choice":"Grow","damage_taken":0,"max_hp_gain":0,"max_hp_loss":0,"event_name":"Living Wall","floor":4,"gold_loss":0,"cards_upgraded":["Terror"]},{"cards_removed":["Defend_G"],"damage_healed":0,"gold_gain":0,"player_choice":"Offered Basic","damage_taken":0,"max_hp_gain":0,"max_hp_loss":0,"event_name":"Bonfire Elementals","floor":5,"gold_loss":0}],"is_beta":false,"boss_relics":[{"not_picked":["Runic Dome","Snecko Eye"],"picked":"White Beast Statue"},{"not_picked":["Black Star","Orrery"],"picked":"Velvet Choker"}],"items_purged_floors":[21],"is_endless":false,"potions_floor_spawned":[6,10,11,18,19,20,22,24,25,27,29,33,35,36,37,38,41,44,46,47,48,54],"killed_by":"The Heart","ascension_level":0}