{"gold_per_floor":[110,130,140,40,5,37,37,37,37,62,80,93,106,132,132,230,230,249,149,168,186,186,186,213,213,213,244,260,275,287,317,317,414,464,484,498,498,321,339,372,372,390,390,390,390,409,66,66,66,66,66,66,66,93,93],"floor_reached":55,"playtime":4452,"items_purged":["Strike_B","Strike_B","Defend_B","Strike_B"],"score":759,"play_id":"a959d2ed-5738-488a-adde-84cbe8f7bf12","local_time":"20181126155155","is_ascension_mode":false,"campfire_choices":[{"data":"Streamline","floor":7.0,"key":"SMITH"},{"floor":15.0,"key":"REST"},{"data":"Buffer","floor":23.0,"key":"SMITH"},{"floor":25.0,"key":"REST"},{"data":"Zap","floor":32.0,"key":"SMITH"},{"data":"Skim","floor":41.0,"key":"SMITH"},{"floor":45.0,"key":"RECALL"},{"floor":49.0,"key":"REST"},{"data":"Conserve Battery","floor":52.0,"key":"SMITH"}],"neow_cost":"NONE","seed_source_timestamp":0,"circlet_count":0,"master_deck":["Defend_B","Defend_B","Defend_B","Zap+1","Dualcast","Streamline+1","Skim+1","Cold Snap","Sweeping Beam+1","FTL","Go for the Eyes","Doom and Gloom","Echo Form","Rebound","Beam Cell","Buffer+1","Steam","FTL","Steam","Chill","Go for the Eyes+1","Streamline","Conserve Battery+1","Streamline+1","Ball Lightning","Fusion+1","Leap","Blizzard+1","BootSequence+1","Cold Snap","Deflect+1"],"special_seed":0,"relics":["Cracked Core","Vajra","Gremlin Horn","Meat on the Bone","Regal Pillow","Sozu","Bottled Lightning","Mummified Hand","Ornamental Fan","Thread and Needle","Tiny House","Frozen Egg 2","PrismaticShard","Kunai"],"potions_floor_usage":[],"damage_taken":[{"damage":1.0,"enemies":"Jaw Worm","floor":1.0,"turns":3.0},{"damage":8.0,"enemies":"2 Louse","floor":2.0,"turns":3.0},{"damage":7.0,"enemies":"Small Slimes","floor":3.0,"turns":3.0},{"damage":24.0,"enemies":"Lagavulin","floor":6.0,"turns":7.0},{"damage":13.0,"enemies":"3 Sentries","floor":10.0,"turns":4.0},{"damage":5.0,"enemies":"3 Louse","floor":11.0,"turns":2.0},{"damage":6.0,"enemies":"Red Slaver","floor":12.0,"turns":2.0},{"damage":0.0,"enemies":"Large Slime","floor":13.0,"turns":4.0},{"damage":7.0,"enemies":"Lagavulin","floor":14.0,"turns":5.0},{"damage":31.0,"enemies":"Hexaghost","floor":16.0,"turns":8.0},{"damage":10.0,"enemies":"Spheric Guardian","floor":18.0,"turns":3.0},{"damage":0.0,"enemies":"3 Byrds","floor":20.0,"turns":3.0},{"damage":19.0,"enemies":"Snake Plant","floor":21.0,"turns":6.0},{"damage":29.0,"enemies":"Slavers","floor":24.0,"turns":6.0},{"damage":23.0,"enemies":"Book of Stabbing","floor":27.0,"turns":6.0},{"damage":0.0,"enemies":"Centurion and Healer","floor":28.0,"turns":5.0},{"damage":10.0,"enemies":"Sentry and Sphere","floor":29.0,"turns":4.0},{"damage":0.0,"enemies":"3 Cultists","floor":30.0,"turns":5.0},{"damage":1.0,"enemies":"Slavers","floor":31.0,"turns":6.0},{"damage":14.0,"enemies":"Collector","floor":33.0,"turns":11.0},{"damage":0.0,"enemies":"3 Darklings","floor":35.0,"turns":5.0},{"damage":5.0,"enemies":"3 Shapes","floor":36.0,"turns":4.0},{"damage":0.0,"enemies":"Spire Growth","floor":39.0,"turns":4.0},{"damage":21.0,"enemies":"Reptomancer","floor":40.0,"turns":8.0},{"damage":5.0,"enemies":"4 Shapes","floor":42.0,"turns":3.0},{"damage":0.0,"enemies":"Transient","floor":46.0,"turns":5.0},{"damage":54.0,"enemies":"Awakened One","floor":50.0,"turns":17.0},{"damage":50.0,"enemies":"Shield and Spear","floor":54.0,"turns":12.0},{"damage":63,"enemies":"The Heart","floor":55,"turns":3}],"seed_played":"-1124263747324366543","potions_obtained":[{"floor":0.0,"key":"LiquidBronze"},{"floor":0.0,"key":"SmokeBomb"},{"floor":0.0,"key":"GamblersBrew"},{"floor":3.0,"key":"Regen Potion"},{"floor":10.0,"key":"SkillPotion"},{"floor":13.0,"key":"FocusPotion"},{"floor":16.0,"key":"SneckoOil"}],"is_trial":false,"path_per_floor":["M","M","M","$","?","E","R","?","T","E","M","M","M","E","R","B",null,"M","$","M","M","?","R","E","R","T","E","M","M","M","E","R","B",null,"M","M","?","$","M","E","R","M","T","?","R","M","$","?","R","B",null,"R","$","E","E","B"],"character_chosen":"DEFECT","items_purchased":["Sweeping Beam","Leap","PrismaticShard"],"campfire_rested":3,"item_purchase_floors":[4,38,47],"current_hp_per_floor":[74,66,59,59,75,51,51,51,51,47,42,48,48,41,75,44,75,65,65,65,46,46,46,29,66,66,43,43,45,45,44,44,42,80,80,75,75,75,75,54,54,49,49,49,49,49,49,49,76,34,76,76,76,38,0],"gold":93,"neow_bonus":"THREE_SMALL_POTIONS","is_prod":false,"is_daily":false,"chose_seed":false,"campfire_upgraded":5,"win_rate":0,"timestamp":1543269115,"path_taken":["M","M","M","$","?","E","R","?","T","E","M","M","M","E","R","BOSS","M","$","M","M","?","R","E","R","T","E","M","M","M","E","R","BOSS","M","M","?","$","?","E","R","M","T","?","R","M","?","?","R","BOSS","R","$","E","BOSS"],"build_version":"2018-11-15","purchased_purges":4,"victory":false,"max_hp_per_floor":[75,75,75,75,75,75,75,75,75,75,75,75,75,75,75,75,75,75,75,75,75,75,75,75,75,75,75,75,75,75,75,75,75,80,80,80,80,80,80,80,80,80,80,80,80,80,80,76,76,76,76,76,76,76,76],"card_choices":[{"not_picked":["Coolheaded","Redo"],"picked":"Streamline","floor":1.0},{"not_picked":["Genetic Algorithm","Recycle"],"picked":"Skim","floor":2.0},{"not_picked":["Chaos","Compile Driver"],"picked":"Cold Snap","floor":3.0},{"not_picked":["Blizzard","Hello World"],"picked":"FTL","floor":6.0},{"not_picked":["Chill","Double Energy"],"picked":"Go for the Eyes","floor":10.0},{"not_picked":["Gash","Rebound"],"picked":"Doom and Gloom","floor":11.0},{"not_picked":["Redo","Stack"],"picked":"Echo Form","floor":12.0},{"not_picked":["Reinforced Body","Hello World"],"picked":"Rebound","floor":13.0},{"not_picked":["Rip and Tear","Fission"],"picked":"Beam Cell","floor":14.0},{"not_picked":["Electrodynamics","Multi-Cast"],"picked":"Buffer","floor":16.0},{"not_picked":["Capacitor","Rebound+1"],"picked":"Steam","floor":18.0},{"not_picked":["Rebound","Tempest"],"picked":"FTL","floor":20.0},{"not_picked":["Cold Snap","Doom and Gloom"],"picked":"Steam","floor":21.0},{"not_picked":["Blizzard","Creative AI"],"picked":"Chill","floor":24.0},{"not_picked":["Static Discharge","Capacitor","Undo"],"picked":"SKIP","floor":27.0},{"not_picked":["Turbo","Doom and Gloom"],"picked":"Go for the Eyes+1","floor":28.0},{"not_picked":["Chaos","Cold Snap"],"picked":"Streamline","floor":29.0},{"not_picked":["Turbo","Steam"],"picked":"Conserve Battery","floor":30.0},{"not_picked":["Beam Cell","Compile Driver","Sweeping Beam"],"picked":"SKIP","floor":31.0},{"not_picked":["Ball Lightning","Scrape+1"],"picked":"Streamline+1","floor":34.0},{"not_picked":["Genetic Algorithm+1","Reinforced Body"],"picked":"Ball Lightning","floor":35.0},{"not_picked":["Sunder+1","Consume"],"picked":"Fusion+1","floor":36.0},{"not_picked":["White Noise","Aggregate"],"picked":"Blizzard+1","floor":39.0},{"not_picked":["Hologram+1","Storm+1"],"picked":"BootSequence+1","floor":40.0},{"not_picked":["Stack+1","Redo"],"picked":"Cold Snap","floor":42.0},{"not_picked":["Chill","Hello World+1","Force Field"],"picked":"SKIP","floor":46.0},{"not_picked":["Loop+1","Seeing Red"],"picked":"Deflect+1","floor":54}],"player_experience":113746,"relics_obtained":[{"floor":6.0,"key":"Vajra"},{"floor":9.0,"key":"Gremlin Horn"},{"floor":10.0,"key":"Meat on the Bone"},{"floor":14.0,"key":"Regal Pillow"},{"floor":24.0,"key":"Bottled Lightning"},{"floor":26.0,"key":"Mummified Hand"},{"floor":27.0,"key":"Ornamental Fan"},{"floor":31.0,"key":"Thread and Needle"},{"floor":40.0,"key":"Frozen Egg 2"},{"floor":54,"key":"Kunai"}],"event_choices":[{"damage_healed":18.0,"max_hp_gain":0.0,"max_hp_loss":0.0,"gold_gain":0.0,"event_name":"The Cleric","player_choice":"Healed","floor":5.0,"gold_loss":35.0,"damage_taken":0.0},{"damage_healed":0.0,"max_hp_gain":0.0,"max_hp_loss":0.0,"gold_gain":0.0,"event_name":"Liars Game","player_choice":"Ignored","floor":8.0,"gold_loss":0.0,"damage_taken":0.0},{"damage_healed":0.0,"max_hp_gain":0.0,"max_hp_loss":0.0,"gold_gain":0.0,"event_name":"Ghosts","player_choice":"Ignored","floor":22.0,"gold_loss":0.0,"damage_taken":0.0},{"cards_removed":["Strike_B"],"damage_healed":0.0,"max_hp_gain":0.0,"max_hp_loss":0.0,"gold_gain":0.0,"event_name":"Purifier","player_choice":"Purged","floor":37.0,"gold_loss":0.0,"damage_taken":0.0},{"damage_healed":0.0,"max_hp_gain":0.0,"max_hp_loss":0.0,"gold_gain":0.0,"event_name":"Mysterious Sphere","player_choice":"Ignored","floor":44.0,"gold_loss":0.0,"damage_taken":0.0},{"damage_healed":0.0,"max_hp_gain":0.0,"max_hp_loss":4.0,"gold_gain":0.0,"event_name":"Winding Halls","player_choice":"Max HP","floor":48.0,"gold_loss":0.0,"damage_taken":0.0}],"is_beta":false,"boss_relics":[{"not_picked":["Coffee Dripper","Snecko Eye"],"picked":"Sozu"},{"not_picked":["White Beast Statue","Velvet Choker"],"picked":"Tiny House"}],"items_purged_floors":[4,19,38,47],"is_endless":false,"potions_floor_spawned":[3,10,13,16,21,27,28,31,35,54],"killed_by":"The Heart","ascension_level":0}