{"gold_per_floor":[115,131,148,148,223,223,252,269,269,269,199,258,285,303,303,303],"floor_reached":16,"playtime":907,"items_purged":[],"score":105,"play_id":"6bdb8274-c020-4bf0-8c5e-4a4abac1d19b","local_time":"20191008033751","is_ascension_mode":true,"campfire_choices":[{"data":"Bash","floor":6,"key":"SMITH"},{"floor":15,"key":"REST"}],"neow_cost":"NONE","seed_source_timestamp":70794708448900,"circlet_count":0,"master_deck":["Strike_R","Strike_R","Strike_R","Strike_R","Strike_R","Defend_R","Defend_R","Defend_R","Defend_R","Bash+1","Impervious","Flex","Flex","Inflame","Pommel Strike","Warcry"],"relics":["Burning Blood","Self Forming Clay","Gremlin Horn","Dream Catcher","Odd Mushroom"],"potions_floor_usage":[],"damage_taken":[{"damage":0,"enemies":"2 Louse","floor":1,"turns":5},{"damage":15,"enemies":"Small Slimes","floor":2,"turns":4},{"damage":1,"enemies":"Jaw Worm","floor":3,"turns":5},{"damage":37,"enemies":"3 Sentries","floor":7,"turns":11},{"damage":7,"enemies":"Red Slaver","floor":8,"turns":6},{"damage":22,"enemies":"Gremlin Nob","floor":12,"turns":4},{"damage":9,"enemies":"The Mushroom Lair","floor":13,"turns":6},{"damage":2,"enemies":"2 Fungi Beasts","floor":14,"turns":3},{"damage":54,"enemies":"Slime Boss","floor":16,"turns":7}],"seed_played":"1163338764499691795","potions_obtained":[{"floor":7,"key":"Dexterity Potion"},{"floor":8,"key":"PowerPotion"},{"floor":13,"key":"Swift Potion"}],"is_trial":false,"path_per_floor":["M","M","M","?","?","R","E","M","T","$","$","?","?","M","R","B"],"character_chosen":"IRONCLAD","items_purchased":["Inflame"],"campfire_rested":1,"item_purchase_floors":[11],"current_hp_per_floor":[80,71,76,81,70,70,39,38,38,38,38,22,19,23,48,0],"gold":303,"neow_bonus":"ONE_RANDOM_RARE_CARD","is_prod":false,"is_daily":false,"chose_seed":false,"campfire_upgraded":1,"win_rate":0,"timestamp":1570520271,"path_taken":["M","M","M","?","?","R","E","?","T","?","$","?","?","M","R","BOSS"],"build_version":"2019-07-17","purchased_purges":0,"victory":false,"max_hp_per_floor":[80,80,80,85,85,85,85,85,85,85,85,85,85,85,85,85],"card_choices":[{"not_picked":["Warcry","Sword Boomerang","Havoc"],"picked":"SKIP","floor":1},{"not_picked":["Shockwave","Warcry","Wild Strike"],"picked":"SKIP","floor":2},{"not_picked":["Battle Trance","Hemokinesis"],"picked":"Flex","floor":3},{"not_picked":["Carnage","Dual Wield","Anger"],"picked":"SKIP","floor":7},{"not_picked":["Iron Wave","Sentinel"],"picked":"Flex","floor":8},{"not_picked":["Immolate","Shrug It Off"],"picked":"Pommel Strike","floor":12},{"not_picked":["Pummel","Sentinel","Clothesline"],"picked":"SKIP","floor":14},{"not_picked":["Headbutt","Cleave"],"picked":"Warcry","floor":15}],"player_experience":93239,"relics_obtained":[{"floor":7,"key":"Self Forming Clay"},{"floor":9,"key":"Gremlin Horn"},{"floor":12,"key":"Dream Catcher"},{"floor":13,"key":"Odd Mushroom"}],"event_choices":[{"damage_healed":0,"gold_gain":0,"player_choice":"Donut","damage_taken":0,"max_hp_gain":5,"max_hp_loss":0,"event_name":"Big Fish","floor":4,"gold_loss":0},{"damage_healed":0,"gold_gain":75,"player_choice":"Gather Gold","damage_taken":11,"max_hp_gain":0,"max_hp_loss":0,"event_name":"World of Goop","floor":5,"gold_loss":0},{"damage_healed":0,"gold_gain":0,"player_choice":"Searched \u00272\u0027 times","damage_taken":0,"max_hp_gain":0,"max_hp_loss":0,"event_name":"Dead Adventurer","floor":12,"gold_loss":0},{"damage_healed":0,"gold_gain":0,"player_choice":"Fought Mushrooms","damage_taken":0,"max_hp_gain":0,"max_hp_loss":0,"event_name":"Mushrooms","floor":13,"gold_loss":0}],"is_beta":false,"boss_relics":[],"items_purged_floors":[],"is_endless":false,"potions_floor_spawned":[7,8,13,14],"killed_by":"Slime Boss","ascension_level":1}