{"gold_per_floor":[216,27,45,45,58,86,106,106,133,133,151,178,193,205,205,277,277,296,296,20,31,31,41,41,41,41,368,368,379,391,410,410,481,481,499,65,79,97,113,148,168,168,195,195,195,215,231,231,231,231],"floor_reached":51,"playtime":5164,"items_purged":["Decay"],"score":1393,"play_id":"26cb491b-d725-432f-9707-bda2fd3a97a7","local_time":"20190906213443","is_ascension_mode":true,"campfire_choices":[{"data":"Apotheosis","floor":8.0,"key":"SMITH"},{"floor":15.0,"key":"REST"},{"floor":28.0,"key":"REST"},{"floor":32.0,"key":"REST"},{"floor":44.0,"key":"REST"},{"floor":49.0,"key":"REST"}],"neow_cost":"NONE","seed_source_timestamp":359381040994880,"circlet_count":0,"master_deck":["AscendersBane","Strike_R+1","Strike_R+1","Defend_R+1","Defend_R+1","Defend_R+1","Defend_R+1","Bash+1","Apotheosis+1","Anger+1","Inflame+1","Battle Trance+1","Flame Barrier+1","Shrug It Off+1","Headbutt+1","Reaper+1","Battle Trance+1","Clothesline+1","Ghostly+1","Ghostly+1","Ghostly+1","Dual Wield+1","Limit Break+1","Spot Weakness+1","Exhume+1","Spot Weakness+1","Twin Strike+1","Inflame+1","Whirlwind+1","Heavy Blade+1","Parasite","Sword Boomerang+1","Metallicize+1","Warcry+1"],"special_seed":0,"relics":["Burning Blood","Whetstone","Centennial Puzzle","Vajra","Fusion Hammer","Nilry\u0027s Codex","Sling","Mercury Hourglass","Question Card","Old Coin","Astrolabe","Frozen Eye","Art of War","PreservedInsect","Mark of the Bloom"],"potions_floor_usage":[],"damage_taken":[{"damage":1.0,"enemies":"Small Slimes","floor":1.0,"turns":4.0},{"damage":12.0,"enemies":"Jaw Worm","floor":3.0,"turns":5.0},{"damage":2.0,"enemies":"2 Louse","floor":5.0,"turns":3.0},{"damage":31.0,"enemies":"Gremlin Nob","floor":6.0,"turns":4.0},{"damage":9.0,"enemies":"Looter","floor":7.0,"turns":4.0},{"damage":5.0,"enemies":"Blue Slaver","floor":11.0,"turns":5.0},{"damage":20.0,"enemies":"3 Sentries","floor":12.0,"turns":8.0},{"damage":12.0,"enemies":"3 Louse","floor":13.0,"turns":3.0},{"damage":15.0,"enemies":"Exordium Wildlife","floor":14.0,"turns":5.0},{"damage":26.0,"enemies":"The Guardian","floor":16.0,"turns":9.0},{"damage":4.0,"enemies":"Spheric Guardian","floor":18.0,"turns":5.0},{"damage":10.0,"enemies":"2 Thieves","floor":21.0,"turns":4.0},{"damage":20.0,"enemies":"Centurion and Healer","floor":23.0,"turns":5.0},{"damage":19.0,"enemies":"Slavers","floor":27.0,"turns":4.0},{"damage":1.0,"enemies":"Snecko","floor":29.0,"turns":5.0},{"damage":7.0,"enemies":"Shelled Parasite and Fungi","floor":30.0,"turns":5.0},{"damage":7.0,"enemies":"Centurion and Healer","floor":31.0,"turns":5.0},{"damage":40.0,"enemies":"Champ","floor":33.0,"turns":12.0},{"damage":2.0,"enemies":"Orb Walker","floor":35.0,"turns":3.0},{"damage":3.0,"enemies":"3 Darklings","floor":37.0,"turns":5.0},{"damage":20.0,"enemies":"Maw","floor":38.0,"turns":8.0},{"damage":4.0,"enemies":"Writhing Mass","floor":39.0,"turns":5.0},{"damage":25.0,"enemies":"Nemesis","floor":40.0,"turns":9.0},{"damage":19.0,"enemies":"Jaw Worm Horde","floor":41.0,"turns":6.0},{"damage":0.0,"enemies":"Reptomancer","floor":42.0,"turns":2.0},{"damage":32.0,"enemies":"4 Shapes","floor":46.0,"turns":9.0},{"damage":6.0,"enemies":"Maw","floor":47.0,"turns":7.0},{"damage":27,"enemies":"Time Eater","floor":50,"turns":8}],"seed_played":"6008932044310872305","potions_obtained":[{"floor":3.0,"key":"FearPotion"},{"floor":5.0,"key":"PowerPotion"},{"floor":11.0,"key":"AttackPotion"},{"floor":14.0,"key":"Swift Potion"},{"floor":16.0,"key":"Poison Potion"},{"floor":27.0,"key":"LiquidBronze"},{"floor":29.0,"key":"SpeedPotion"},{"floor":30.0,"key":"Block Potion"},{"floor":31.0,"key":"Ancient Potion"},{"floor":40.0,"key":"SmokeBomb"},{"floor":41.0,"key":"BloodPotion"}],"is_trial":false,"path_per_floor":["M","$","M","?","M","E","M","R","T","?","M","E","M","M","R","B",null,"M","?","$","M","?","M","T","?","T","E","R","M","M","M","R","B",null,"M","$","M","M","M","E","M","E","T","R","?","M","M","?","R","B",null],"character_chosen":"IRONCLAD","items_purchased":["Apotheosis","Sling","Weak Potion","Frozen Eye","Explosive Potion","Whirlwind"],"campfire_rested":5,"item_purchase_floors":[2,20,20,36,36,36],"current_hp_per_floor":[73,73,67,67,71,46,43,43,43,43,44,30,24,15,37,17,61,63,42,42,38,38,33,33,33,33,30,37,37,36,35,37,37,37,37,37,37,23,31,29,37,37,37,37,32,37,37,37,37,10],"gold":231,"neow_bonus":"HUNDRED_GOLD","is_prod":false,"is_daily":false,"chose_seed":false,"campfire_upgraded":1,"win_rate":0,"timestamp":1567823683,"path_taken":["M","$","M","?","M","E","M","R","T","?","M","E","M","M","R","BOSS","M","?","$","M","?","M","?","?","T","E","R","M","M","M","R","BOSS","M","$","M","M","M","E","M","E","T","R","?","M","M","?","R","BOSS"],"build_version":"2019-07-17","purchased_purges":1,"victory":true,"max_hp_per_floor":[75,75,75,75,75,75,75,75,75,75,75,75,75,75,75,75,75,75,75,75,75,75,75,75,37,37,37,37,37,37,37,37,37,37,37,37,37,37,37,37,37,37,37,37,37,37,37,37,37,37],"card_choices":[{"not_picked":["Havoc","Rupture","Flex"],"picked":"SKIP","floor":1.0},{"not_picked":["Wild Strike","Reckless Charge"],"picked":"Anger","floor":3.0},{"not_picked":["Thunderclap","Pommel Strike"],"picked":"Inflame","floor":5.0},{"not_picked":["Bloodletting","Warcry"],"picked":"Battle Trance","floor":6.0},{"not_picked":["Heavy Blade","Clash","Juggernaut"],"picked":"SKIP","floor":7.0},{"not_picked":["Twin Strike","True Grit"],"picked":"Flame Barrier","floor":11.0},{"not_picked":["Thunderclap","Infernal Blade"],"picked":"Shrug It Off","floor":12.0},{"not_picked":["Armaments","Flex","Perfected Strike"],"picked":"SKIP","floor":13.0},{"not_picked":["Shrug It Off","Pommel Strike"],"picked":"Headbutt","floor":14.0},{"not_picked":["Brutality","Fiend Fire"],"picked":"Reaper","floor":16.0},{"not_picked":["Iron Wave+1","Pummel"],"picked":"Battle Trance","floor":18.0},{"not_picked":["Armaments","Anger"],"picked":"Clothesline","floor":21.0},{"not_picked":["Hemokinesis","Flex","Body Slam"],"picked":"SKIP","floor":23.0},{"not_picked":["Pommel Strike","Iron Wave","Uppercut"],"picked":"Dual Wield","floor":27.0},{"not_picked":["Wild Strike","Perfected Strike","Rampage","Evolve"],"picked":"SKIP","floor":29.0},{"not_picked":["Spot Weakness","Heavy Blade","Whirlwind"],"picked":"Limit Break","floor":30.0},{"not_picked":["Anger","Dropkick","Havoc"],"picked":"Spot Weakness","floor":31.0},{"not_picked":["Double Tap","Feed","Dark Embrace"],"picked":"Exhume","floor":33.0},{"not_picked":["Pommel Strike","Iron Wave","Thunderclap","Dual Wield+1"],"picked":"SKIP","floor":35.0},{"not_picked":["Shockwave","Sever Soul","Clothesline","Reckless Charge"],"picked":"SKIP","floor":37.0},{"not_picked":["Double Tap","Shrug It Off","Body Slam"],"picked":"Heavy Blade","floor":38.0},{"not_picked":["Pommel Strike","Flame Barrier","Twin Strike"],"picked":"Sword Boomerang","floor":39.0},{"not_picked":["Body Slam","Hemokinesis","Rampage+1","Reckless Charge"],"picked":"SKIP","floor":40.0},{"not_picked":["Sword Boomerang+1","Headbutt","Corruption+1","Carnage"],"picked":"SKIP","floor":41.0},{"not_picked":["Warcry","Twin Strike","Intimidate"],"picked":"Metallicize+1","floor":46.0},{"not_picked":["Flex","Thunderclap+1","Wild Strike+1"],"picked":"Warcry","floor":47.0}],"player_experience":704302,"relics_obtained":[{"floor":6.0,"key":"Whetstone"},{"floor":9.0,"key":"Centennial Puzzle"},{"floor":12.0,"key":"Vajra"},{"floor":19.0,"key":"Nilry\u0027s Codex"},{"floor":24.0,"key":"Mercury Hourglass"},{"floor":26.0,"key":"Question Card"},{"floor":27.0,"key":"Old Coin"},{"floor":40.0,"key":"Art of War"},{"floor":43.0,"key":"PreservedInsect"}],"event_choices":[{"damage_healed":0.0,"max_hp_gain":0.0,"max_hp_loss":0.0,"gold_gain":0.0,"event_name":"The Cleric","player_choice":"Leave","floor":4.0,"gold_loss":0.0,"damage_taken":0.0},{"damage_healed":0.0,"max_hp_gain":0.0,"max_hp_loss":0.0,"gold_gain":0.0,"event_name":"Scrap Ooze","player_choice":"Fled","floor":10.0,"gold_loss":0.0,"damage_taken":0.0},{"damage_healed":0.0,"max_hp_gain":0.0,"max_hp_loss":0.0,"gold_gain":0.0,"event_name":"Cursed Tome","player_choice":"Obtained Book","floor":19.0,"gold_loss":0.0,"damage_taken":21.0},{"damage_healed":0.0,"max_hp_gain":0.0,"max_hp_loss":0.0,"gold_gain":0.0,"event_name":"Forgotten Altar","player_choice":"Smashed Altar","floor":22.0,"gold_loss":0.0,"damage_taken":0.0,"cards_obtained":["Decay"]},{"damage_healed":0.0,"max_hp_gain":0.0,"max_hp_loss":38.0,"gold_gain":0.0,"event_name":"Ghosts","player_choice":"Became a Ghost","floor":25.0,"gold_loss":0.0,"damage_taken":0.0,"cards_obtained":["Ghostly","Ghostly","Ghostly"]},{"damage_healed":0.0,"max_hp_gain":0.0,"max_hp_loss":0.0,"gold_gain":0.0,"event_name":"SensoryStone","player_choice":"Memory 2","floor":45.0,"gold_loss":0.0,"damage_taken":5.0},{"damage_healed":0.0,"max_hp_gain":0.0,"max_hp_loss":0.0,"gold_gain":0.0,"event_name":"MindBloom","player_choice":"Upgrade","floor":48.0,"gold_loss":0.0,"damage_taken":0.0,"cards_upgraded":["Strike_R","Defend_R","Defend_R","Defend_R","Defend_R","Bash","Inflame","Battle Trance","Flame Barrier","Shrug It Off","Headbutt","Reaper","Battle Trance","Clothesline","Ghostly","Ghostly","Ghostly","Dual Wield","Limit Break","Spot Weakness","Exhume","Whirlwind","Heavy Blade","Sword Boomerang","Warcry"],"relics_obtained":["Mark of the Bloom"]}],"is_beta":false,"boss_relics":[{"not_picked":["Empty Cage","Snecko Eye"],"picked":"Fusion Hammer"},{"not_picked":["Black Blood","Eternal Feather"],"picked":"Astrolabe"}],"items_purged_floors":[36],"is_endless":false,"potions_floor_spawned":[3,5,11,14,16,27,29,30,31,39,40,41,42],"ascension_level":18}