{"gold_per_floor":[112,126,401,412,94,126,126,126,156,190,190,125,141,157,157,235,235,253,253,39,39,64,76,8,20,57,69,81,105,117,156,168,251,263,289,301,40,40,40,40,59,70,115,115,215,232,244,258,258,258,258],"floor_reached":52,"playtime":4553,"items_purged":["Regret","Strike_G+1"],"score":1827,"play_id":"25a00695-a581-4ccf-9523-8fc32c72bec9","local_time":"20191004131645","is_ascension_mode":true,"campfire_choices":[{"data":"Glass Knife","floor":8.0,"key":"SMITH"},{"floor":11.0,"key":"REST"},{"floor":15.0,"key":"REST"},{"data":"A Thousand Cuts","floor":23.0,"key":"SMITH"},{"data":"Ghostly","floor":25.0,"key":"SMITH"},{"data":"Ghostly","floor":27.0,"key":"SMITH"},{"data":"Wraith Form v2","floor":30.0,"key":"SMITH"},{"data":"Catalyst","floor":32.0,"key":"SMITH"},{"data":"Ghostly","floor":40.0,"key":"SMITH"},{"data":"Deadly Poison","floor":44,"key":"SMITH"},{"data":"Wraith Form v2","floor":49,"key":"SMITH"}],"neow_cost":"NONE","seed_source_timestamp":1205032878198119,"circlet_count":0,"master_deck":["AscendersBane","Strike_G+1","Strike_G+1","Strike_G+1","Defend_G+1","Defend_G+1","Defend_G+1","Defend_G+1","Defend_G+1","Survivor","Neutralize","Skewer","All Out Attack","Wraith Form v2+1","Glass Knife+1","Deadly Poison+1","Catalyst+1","Leg Sweep","A Thousand Cuts+1","Outmaneuver","Ghostly+1","Ghostly+1","Ghostly+1","Concentrate","Poisoned Stab+1","Bullet Time","Night Terror","PiercingWail","Leg Sweep+1","Wraith Form v2+1"],"special_seed":0,"relics":["Ring of the Snake","NeowsBlessing","Matryoshka","Tiny Chest","Gremlin Horn","Smiling Mask","Runic Pyramid","Lee\u0027s Waffle","MawBank","Centennial Puzzle","Omamori","Bag of Preparation","Snecko Eye","Potion Belt","Juzu Bracelet","Bird Faced Urn"],"potions_floor_usage":[50,51,51,51],"damage_taken":[{"damage":0.0,"enemies":"Cultist","floor":1.0,"turns":1.0},{"damage":0.0,"enemies":"Jaw Worm","floor":2.0,"turns":1.0},{"damage":0.0,"enemies":"2 Louse","floor":4.0,"turns":1.0},{"damage":29.0,"enemies":"3 Sentries","floor":6.0,"turns":9.0},{"damage":24.0,"enemies":"Lagavulin","floor":10.0,"turns":10.0},{"damage":12.0,"enemies":"Large Slime","floor":13.0,"turns":5.0},{"damage":0.0,"enemies":"2 Fungi Beasts","floor":14.0,"turns":4.0},{"damage":8.0,"enemies":"The Guardian","floor":16.0,"turns":14.0},{"damage":50.0,"enemies":"Spheric Guardian","floor":18.0,"turns":10.0},{"damage":4.0,"enemies":"2 Thieves","floor":24.0,"turns":4.0},{"damage":0.0,"enemies":"Centurion and Healer","floor":29.0,"turns":6.0},{"damage":5.0,"enemies":"Slavers","floor":31.0,"turns":7.0},{"damage":22.0,"enemies":"Collector","floor":33.0,"turns":11.0},{"damage":1.0,"enemies":"Orb Walker","floor":35.0,"turns":4.0},{"damage":4,"enemies":"3 Darklings","floor":41,"turns":7},{"damage":3,"enemies":"Jaw Worm Horde","floor":42,"turns":7},{"damage":1,"enemies":"Mind Bloom Boss Battle","floor":45,"turns":3},{"damage":0,"enemies":"Maw","floor":46,"turns":4},{"damage":4,"enemies":"Writhing Mass","floor":47,"turns":5},{"damage":3,"enemies":"Spire Growth","floor":48,"turns":5},{"damage":0,"enemies":"Time Eater","floor":50,"turns":3},{"damage":9,"enemies":"Awakened One","floor":51,"turns":11}],"seed_played":"-8693797468300260342","potions_obtained":[{"floor":1.0,"key":"DuplicationPotion"},{"floor":2.0,"key":"GamblersBrew"},{"floor":14.0,"key":"CunningPotion"},{"floor":16.0,"key":"Explosive Potion"},{"floor":33.0,"key":"Block Potion"},{"floor":42,"key":"LiquidBronze"},{"floor":45,"key":"Explosive Potion"}],"is_trial":false,"path_per_floor":["M","M","?","M","$","E","?","R","T","E","R","?","M","M","R","B",null,"M","?","$","?","T","R","M","R","T","R","$","M","R","E","R","B",null,"M","?","$","?","?","R","M","M","T","R","?","M","M","M","R","B","B",null],"character_chosen":"THE_SILENT","items_purchased":["Wraith Form v2","Glass Knife","Lee\u0027s Waffle","Concentrate","Potion Belt","PiercingWail"],"campfire_rested":2,"item_purchase_floors":[5,5,20,20,37,37],"current_hp_per_floor":[59,59,59,59,59,30,30,30,30,6,25,25,13,13,32,24,56,6,6,40,40,40,40,36,36,36,36,36,36,36,31,31,9,32,31,31,31,31,31,31,27,24,24,24,23,27,27,28,28,30,25],"gold":258,"neow_bonus":"THREE_ENEMY_KILL","is_prod":false,"is_daily":false,"chose_seed":false,"campfire_upgraded":9,"win_rate":0,"timestamp":1570213005,"path_taken":["M","M","?","?","$","E","?","R","T","E","R","?","M","M","R","BOSS","M","?","$","?","?","R","M","R","T","R","$","M","R","E","R","BOSS","M","?","$","?","?","R","M","M","T","R","?","M","M","M","R","BOSS","BOSS"],"build_version":"2019-10-03","purchased_purges":2,"victory":true,"max_hp_per_floor":[66,66,66,66,66,66,66,66,66,66,66,66,66,66,66,66,66,66,33,40,40,40,40,40,40,40,40,40,40,40,40,40,40,40,40,40,40,38,38,38,38,38,38,38,38,38,38,38,38,38,38],"card_choices":[{"not_picked":["Underhanded Strike","Dagger Throw"],"picked":"Well Laid Plans","floor":1.0},{"not_picked":["Setup","Concentrate"],"picked":"Skewer","floor":2.0},{"not_picked":["Underhanded Strike","Finisher"],"picked":"All Out Attack","floor":4.0},{"not_picked":["Expertise","Concentrate","Outmaneuver"],"picked":"SKIP","floor":6.0},{"not_picked":["Quick Slash","Flying Knee"],"picked":"Deadly Poison","floor":10.0},{"not_picked":["Well Laid Plans","Blade Dance"],"picked":"Catalyst","floor":13.0},{"not_picked":["Underhanded Strike","Concentrate"],"picked":"Leg Sweep","floor":14.0},{"not_picked":["Glass Knife","Storm of Steel"],"picked":"A Thousand Cuts","floor":16.0},{"not_picked":["Backflip","Flying Knee"],"picked":"Outmaneuver","floor":18.0},{"not_picked":["Dagger Spray","Sucker Punch","Masterful Stab"],"picked":"SKIP","floor":24.0},{"not_picked":["Bane","Underhanded Strike"],"picked":"Poisoned Stab+1","floor":29.0},{"not_picked":["Deflect","Cloak And Dagger"],"picked":"Bullet Time","floor":31.0},{"not_picked":["Phantasmal Killer","A Thousand Cuts"],"picked":"Night Terror","floor":33.0},{"not_picked":["Heel Hook+1","Blade Dance+1","Accuracy+1"],"picked":"SKIP","floor":35.0},{"not_picked":["Quick Slash","Dagger Spray","Bane"],"picked":"SKIP","floor":41},{"not_picked":["Blur","Caltrops+1","Poisoned Stab"],"picked":"SKIP","floor":42},{"not_picked":["Poisoned Stab","Quick Slash"],"picked":"Leg Sweep+1","floor":45},{"not_picked":["Distraction","Setup","Heel Hook+1"],"picked":"SKIP","floor":46},{"not_picked":["Outmaneuver","Deflect"],"picked":"Wraith Form v2","floor":47},{"not_picked":["Sucker Punch","PiercingWail","Distraction"],"picked":"SKIP","floor":48}],"player_experience":785274,"relics_obtained":[{"floor":6.0,"key":"Matryoshka"},{"floor":9.0,"key":"Tiny Chest"},{"floor":9.0,"key":"Gremlin Horn"},{"floor":10.0,"key":"Smiling Mask"},{"floor":22.0,"key":"MawBank"},{"floor":22.0,"key":"Centennial Puzzle"},{"floor":26.0,"key":"Omamori"},{"floor":31.0,"key":"Bag of Preparation"},{"floor":43,"key":"Juzu Bracelet"},{"floor":45,"key":"Bird Faced Urn"}],"event_choices":[{"damage_healed":0.0,"max_hp_gain":0.0,"max_hp_loss":0.0,"gold_gain":275.0,"event_name":"Golden Shrine","player_choice":"Desecrate","floor":3.0,"gold_loss":0.0,"damage_taken":0.0,"cards_obtained":["Regret"]},{"damage_healed":0.0,"max_hp_gain":0.0,"max_hp_loss":0.0,"gold_gain":0.0,"event_name":"Scrap Ooze","player_choice":"Fled","floor":7.0,"gold_loss":0.0,"damage_taken":0.0},{"damage_healed":0.0,"max_hp_gain":0.0,"max_hp_loss":0.0,"gold_gain":0.0,"event_name":"World of Goop","player_choice":"Left Gold","floor":12.0,"gold_loss":65.0,"damage_taken":0.0},{"damage_healed":0.0,"max_hp_gain":0.0,"max_hp_loss":33.0,"gold_gain":0.0,"event_name":"Ghosts","player_choice":"Became a Ghost","floor":19.0,"gold_loss":0.0,"damage_taken":0.0,"cards_obtained":["Ghostly","Ghostly","Ghostly"]},{"damage_healed":0.0,"max_hp_gain":0.0,"max_hp_loss":0.0,"gold_gain":0.0,"event_name":"Back to Basics","player_choice":"Simplicity","floor":21.0,"gold_loss":0.0,"damage_taken":0.0,"cards_upgraded":["Strike_G","Strike_G","Strike_G","Strike_G","Strike_G","Defend_G","Defend_G","Defend_G","Defend_G","Defend_G"]},{"cards_removed":["Well Laid Plans"],"damage_healed":0.0,"max_hp_gain":0.0,"max_hp_loss":0.0,"gold_gain":0.0,"event_name":"Falling","player_choice":"Removed Power","floor":36.0,"gold_loss":0.0,"damage_taken":0.0},{"damage_healed":0.0,"max_hp_gain":0.0,"max_hp_loss":2.0,"gold_gain":0.0,"event_name":"Winding Halls","player_choice":"Max HP","floor":38.0,"gold_loss":0.0,"damage_taken":0.0},{"cards_removed":["Strike_G"],"damage_healed":0.0,"max_hp_gain":0.0,"max_hp_loss":0.0,"gold_gain":0.0,"event_name":"Purifier","player_choice":"Purged","floor":39.0,"gold_loss":0.0,"damage_taken":0.0},{"damage_healed":0,"gold_gain":0,"player_choice":"Fight","damage_taken":0,"max_hp_gain":0,"max_hp_loss":0,"event_name":"MindBloom","floor":45,"gold_loss":0}],"is_beta":true,"boss_relics":[{"not_picked":["Coffee Dripper","Tiny House"],"picked":"Runic Pyramid"},{"not_picked":["Ring of the Serpent","Runic Dome"],"picked":"Snecko Eye"}],"items_purged_floors":[5,37],"is_endless":false,"potions_floor_spawned":[1,2,14,16,29,33,35,42,45,48],"ascension_level":20}