{"gold_per_floor":[113,126,48,48,48,82,98,108,133,167,167,183,30,45,45,143,143,156,156,56,67,84,84,96,96],"floor_reached":25,"playtime":1330,"items_purged":["Strike_B","Strike_B"],"score":372,"play_id":"858f3730-abf6-46ae-bc68-80f34bc13bc0","local_time":"20190209203746","is_ascension_mode":true,"campfire_choices":[{"data":"Recycle","floor":11,"key":"SMITH"},{"data":"Chaos","floor":15,"key":"SMITH"},{"floor":23,"key":"REST"}],"neow_cost":"NONE","seed_source_timestamp":39517909457222,"circlet_count":0,"master_deck":["AscendersBane","Strike_B","Strike_B","Defend_B","Defend_B","Defend_B","Defend_B","Zap+1","Dualcast+1","Melter","FTL","Chaos+1","Glacier","Recycle+1","Static Discharge","Coolheaded","Heatsinks","Ball Lightning","Core Surge","Steam","Undo","Compile Driver","Cold Snap"],"relics":["Cracked Core","NeowsBlessing","Boot","DataDisk","Blood Vial","Sozu"],"potions_floor_usage":[10,16],"damage_taken":[{"damage":0,"enemies":"Cultist","floor":1,"turns":1},{"damage":0,"enemies":"Small Slimes","floor":2,"turns":1},{"damage":0,"enemies":"Lagavulin","floor":6,"turns":1},{"damage":2,"enemies":"Jaw Worm","floor":7,"turns":3},{"damage":9,"enemies":"2 Fungi Beasts","floor":8,"turns":3},{"damage":35,"enemies":"Gremlin Nob","floor":10,"turns":5},{"damage":6,"enemies":"Looter","floor":12,"turns":2},{"damage":0,"enemies":"3 Louse","floor":14,"turns":3},{"damage":20,"enemies":"Hexaghost","floor":16,"turns":10},{"damage":20,"enemies":"2 Thieves","floor":18,"turns":3},{"damage":16,"enemies":"Colosseum Slavers","floor":19,"turns":4},{"damage":3,"enemies":"3 Byrds","floor":21,"turns":3},{"damage":25,"enemies":"3 Cultists","floor":22,"turns":5},{"damage":1,"enemies":"Centurion and Healer","floor":24,"turns":11},{"damage":32,"enemies":"Book of Stabbing","floor":25,"turns":6}],"seed_played":"-2234209876614633503","potions_obtained":[{"floor":2,"key":"Fire Potion"},{"floor":7,"key":"PowerPotion"},{"floor":12,"key":"SkillPotion"},{"floor":14,"key":"GamblersBrew"},{"floor":16,"key":"AttackPotion"}],"is_trial":false,"path_per_floor":["M","M","$","?","?","E","M","M","T","E","R","M","$","M","R","B",null,"M","?","$","M","M","R","M","E"],"character_chosen":"DEFECT","items_purchased":["FTL","Heatsinks"],"campfire_rested":1,"item_purchase_floors":[3,13],"current_hp_per_floor":[68,68,68,68,68,68,66,57,57,22,22,18,18,20,20,2,57,39,25,25,24,1,23,24,0],"gold":96,"neow_bonus":"THREE_ENEMY_KILL","is_prod":false,"is_daily":false,"chose_seed":false,"campfire_upgraded":2,"win_rate":0,"timestamp":1549766266,"path_taken":["M","M","$","?","?","E","M","?","T","E","R","?","?","M","R","BOSS","M","?","$","M","M","R","M","E"],"build_version":"2019-01-23","purchased_purges":2,"victory":false,"max_hp_per_floor":[75,75,75,75,75,75,75,75,75,75,75,75,75,75,75,75,75,75,75,75,75,75,75,75,75],"card_choices":[{"not_picked":["Beam Cell","Undo","Force Field"],"picked":"SKIP","floor":1},{"not_picked":["Redo","Hologram"],"picked":"Melter","floor":2},{"not_picked":["Barrage","Steam"],"picked":"Chaos","floor":6},{"not_picked":["Steam","Streamline"],"picked":"Glacier","floor":7},{"not_picked":["Turbo","Undo"],"picked":"Recycle","floor":8},{"not_picked":["FTL","Fusion"],"picked":"Static Discharge","floor":10},{"not_picked":["Rebound","FTL"],"picked":"Coolheaded","floor":12},{"not_picked":["Beam Cell","Sweeping Beam"],"picked":"Ball Lightning","floor":14},{"not_picked":["Seek","Fission"],"picked":"Core Surge","floor":16},{"not_picked":["FTL","Ball Lightning"],"picked":"Steam","floor":18},{"not_picked":["Rip and Tear","Beam Cell"],"picked":"Undo","floor":21},{"not_picked":["Gash","Hologram"],"picked":"Compile Driver","floor":22},{"not_picked":["Auto Shields","Turbo"],"picked":"Cold Snap","floor":24}],"player_experience":510805,"relics_obtained":[{"floor":6,"key":"Boot"},{"floor":9,"key":"DataDisk"},{"floor":10,"key":"Blood Vial"}],"event_choices":[{"damage_healed":0,"gold_gain":0,"player_choice":"Grow","damage_taken":0,"max_hp_gain":0,"max_hp_loss":0,"event_name":"Living Wall","floor":4,"gold_loss":0,"cards_upgraded":["Zap"]},{"damage_healed":0,"gold_gain":0,"player_choice":"Forge","damage_taken":0,"max_hp_gain":0,"max_hp_loss":0,"event_name":"Accursed Blacksmith","floor":5,"gold_loss":0,"cards_upgraded":["Dualcast"]},{"damage_healed":0,"gold_gain":0,"player_choice":"Fight","damage_taken":0,"max_hp_gain":0,"max_hp_loss":0,"event_name":"Colosseum","floor":19,"gold_loss":0},{"damage_healed":0,"gold_gain":0,"player_choice":"Fled From Nobs","damage_taken":0,"max_hp_gain":0,"max_hp_loss":0,"event_name":"Colosseum","floor":19,"gold_loss":0}],"is_beta":false,"boss_relics":[{"not_picked":["Pandora\u0027s Box","FrozenCore"],"picked":"Sozu"}],"items_purged_floors":[13,20],"is_endless":false,"potions_floor_spawned":[2,7,12,14,16,18,19,24],"killed_by":"Book of Stabbing","ascension_level":11}