{"gold_per_floor":[114,129,129,129,144,144,174,189,189,189,204,219,219,234,234,334,334,349,349,101,116,131,131,146,146,171,96,126,141,141,171,171,271,271,286,186,0,100,115,115,115,130,130,145,160,175,175,190,190,190],"floor_reached":51,"playtime":2493,"items_purged":["Double Tap","Defend_G"],"score":843,"play_id":"cdc19509-de8b-4fa3-a264-23c1cdacdc9f","local_time":"20190709071935","daily_mods":["Specialized","Red Cards","Lethality"],"is_ascension_mode":false,"campfire_choices":[{"data":"Thunderclap","floor":6.0,"key":"SMITH"},{"data":"Sword Boomerang","floor":10.0,"key":"SMITH"},{"data":"Neutralize","floor":13.0,"key":"SMITH"},{"data":"Cloak And Dagger","floor":15.0,"key":"SMITH"},{"data":"Feed","floor":23.0,"key":"SMITH"},{"data":"Infinite Blades","floor":25.0,"key":"SMITH"},{"data":"Double Tap","floor":30.0,"key":"SMITH"},{"data":"Double Tap","floor":32.0,"key":"SMITH"},{"floor":40.0,"key":"REST"},{"floor":47.0,"key":"REST"},{"floor":49.0,"key":"REST"}],"neow_cost":"","seed_source_timestamp":0,"circlet_count":0,"master_deck":["Strike_G","Strike_G","Strike_G","Strike_G","Defend_G+1","Defend_G","Defend_G","Defend_G","Survivor","Neutralize+1","Double Tap+1","Double Tap+1","Double Tap+1","Double Tap+1","Anger","Dagger Throw+1","Thunderclap+1","Sword Boomerang+1","Cloak And Dagger+1","Pummel","Flame Barrier","Terror","Feed+1","Anger","PiercingWail","Dash+1","Pummel+1","Infinite Blades+1","Shrug It Off","Demon Form","Shockwave+1","Anger","Uppercut+1","Dodge and Roll+1","Inflame+1"],"special_seed":18086,"relics":["Ring of the Serpent","Letter Opener","Sozu","Nloth\u0027s Gift","War Paint","Vajra","Ancient Tea Set","Oddly Smooth Stone","Red Mask","Peace Pipe","Sundial"],"potions_floor_usage":[],"damage_taken":[{"damage":10.0,"enemies":"Jaw Worm","floor":1.0,"turns":2.0},{"damage":1.0,"enemies":"2 Louse","floor":2.0,"turns":2.0},{"damage":0.0,"enemies":"Cultist","floor":5.0,"turns":2.0},{"damage":21.0,"enemies":"Lagavulin","floor":7.0,"turns":3.0},{"damage":0.0,"enemies":"Looter","floor":8.0,"turns":1.0},{"damage":0.0,"enemies":"Large Slime","floor":11.0,"turns":2.0},{"damage":1.0,"enemies":"Exordium Thugs","floor":12.0,"turns":3.0},{"damage":0.0,"enemies":"2 Fungi Beasts","floor":14.0,"turns":1.0},{"damage":0.0,"enemies":"Slime Boss","floor":16.0,"turns":3.0},{"damage":0.0,"enemies":"Chosen","floor":18.0,"turns":1.0},{"damage":1.0,"enemies":"2 Thieves","floor":21.0,"turns":2.0},{"damage":16.0,"enemies":"3 Cultists","floor":22.0,"turns":5.0},{"damage":0.0,"enemies":"Snake Plant","floor":24.0,"turns":1.0},{"damage":6.0,"enemies":"Book of Stabbing","floor":28.0,"turns":3.0},{"damage":4.0,"enemies":"Centurion and Healer","floor":29.0,"turns":11.0},{"damage":1.0,"enemies":"Slavers","floor":31.0,"turns":2.0},{"damage":30.0,"enemies":"Collector","floor":33.0,"turns":5.0},{"damage":4.0,"enemies":"3 Darklings","floor":35.0,"turns":4.0},{"damage":35.0,"enemies":"Mind Bloom Boss Battle","floor":38.0,"turns":6.0},{"damage":10.0,"enemies":"3 Shapes","floor":39.0,"turns":5.0},{"damage":3.0,"enemies":"Transient","floor":42.0,"turns":5.0},{"damage":10.0,"enemies":"4 Shapes","floor":44.0,"turns":5.0},{"damage":0.0,"enemies":"3 Darklings","floor":45.0,"turns":2.0},{"damage":18.0,"enemies":"Jaw Worm Horde","floor":46.0,"turns":4.0},{"damage":24.0,"enemies":"Spire Growth","floor":48.0,"turns":3.0},{"damage":57,"enemies":"Time Eater","floor":50,"turns":6}],"seed_played":"2934690668443707342","potions_obtained":[{"floor":5.0,"key":"FearPotion"},{"floor":7.0,"key":"PowerPotion"},{"floor":12.0,"key":"Regen Potion"}],"is_trial":false,"path_per_floor":["M","M","?","?","M","R","E","M","T","R","M","M","R","M","R","B",null,"M","?","$","M","M","R","M","R","T","?","E","M","R","E","R","B",null,"M","$","?","?","M","R","?","M","T","M","M","M","R","M","R","B",null],"character_chosen":"THE_SILENT","items_purchased":["War Paint","PiercingWail"],"campfire_rested":3,"item_purchase_floors":[20,20],"current_hp_per_floor":[60,59,45,68,68,68,47,47,47,47,47,46,46,46,46,46,70,70,70,70,69,56,56,56,56,56,56,63,63,63,66,66,36,85,85,85,85,54,48,77,77,74,74,68,68,50,80,56,86,29],"gold":190,"neow_bonus":"","is_prod":false,"is_daily":true,"chose_seed":false,"campfire_upgraded":8,"win_rate":0,"timestamp":1562674775,"path_taken":["M","M","?","?","M","R","E","M","T","R","M","M","R","M","R","BOSS","M","?","$","M","?","R","M","R","T","?","E","M","R","E","R","BOSS","M","$","?","?","M","R","?","M","T","M","M","M","R","M","R","BOSS"],"build_version":"2019-07-05","purchased_purges":2,"victory":true,"max_hp_per_floor":[70,70,70,70,70,70,70,70,70,70,70,70,70,70,70,70,70,70,70,70,70,73,73,73,73,73,73,77,81,81,85,85,85,85,89,89,89,93,97,97,97,97,97,101,101,101,101,101,101,101],"card_choices":[{"not_picked":["Bouncing Flask","Inflame"],"picked":"Anger","floor":1.0},{"not_picked":["Wild Strike","Inflame"],"picked":"Dagger Throw","floor":2.0},{"not_picked":["Disarm","PiercingWail"],"picked":"Thunderclap","floor":5.0},{"not_picked":["Backflip","Concentrate"],"picked":"Sword Boomerang","floor":7.0},{"not_picked":["Flex","Dagger Throw"],"picked":"Cloak And Dagger","floor":8.0},{"not_picked":["Pommel Strike","Sever Soul"],"picked":"Pummel","floor":11.0},{"not_picked":["Dark Embrace","Bouncing Flask"],"picked":"Flame Barrier","floor":12.0},{"not_picked":["Pommel Strike","Underhanded Strike"],"picked":"Terror","floor":14.0},{"not_picked":["Wraith Form v2","Phantasmal Killer"],"picked":"Feed","floor":16.0},{"not_picked":["Poisoned Stab","Predator"],"picked":"Anger","floor":18.0},{"not_picked":["Corpse Explosion","Footwork"],"picked":"Dash+1","floor":21.0},{"not_picked":["Crippling Poison","Concentrate"],"picked":"Pummel+1","floor":22.0},{"not_picked":["Second Wind","Clothesline"],"picked":"Infinite Blades","floor":24.0},{"not_picked":["Sever Soul","Corpse Explosion","Blood for Blood"],"picked":"SKIP","floor":28.0},{"not_picked":["Dropkick","Eviscerate"],"picked":"Shrug It Off","floor":29.0},{"not_picked":["Flying Knee","Wraith Form v2","Flechettes"],"picked":"SKIP","floor":31.0},{"not_picked":["A Thousand Cuts","Bludgeon"],"picked":"Demon Form","floor":33.0},{"not_picked":["Leg Sweep","Hemokinesis+1","Cloak And Dagger"],"picked":"SKIP","floor":35.0},{"not_picked":["Cloak And Dagger","Poisoned Stab+1"],"picked":"Shockwave+1","floor":38.0},{"not_picked":["Bane","Infernal Blade","Intimidate+1"],"picked":"SKIP","floor":39.0},{"not_picked":["Flying Knee","All Out Attack+1"],"picked":"Anger","floor":42.0},{"not_picked":["Hemokinesis","Cloak And Dagger+1"],"picked":"Uppercut+1","floor":44.0},{"not_picked":["True Grit","PiercingWail+1"],"picked":"Dodge and Roll+1","floor":45.0},{"not_picked":["Deflect","Dagger Throw"],"picked":"Inflame+1","floor":46.0},{"not_picked":["Wild Strike+1","Cleave+1","Dual Wield"],"picked":"SKIP","floor":48.0}],"player_experience":113200,"relics_obtained":[{"floor":7.0,"key":"Letter Opener"},{"floor":9.0,"key":"The Specimen"},{"floor":26.0,"key":"Vajra"},{"floor":28.0,"key":"Ancient Tea Set"},{"floor":31.0,"key":"Oddly Smooth Stone"},{"floor":38.0,"key":"Peace Pipe"},{"floor":43.0,"key":"Sundial"}],"event_choices":[{"damage_healed":0.0,"max_hp_gain":0.0,"max_hp_loss":0.0,"gold_gain":0.0,"event_name":"Shining Light","player_choice":"Entered Light","floor":3.0,"gold_loss":0.0,"damage_taken":14.0,"cards_upgraded":["Double Tap","Dagger Throw"]},{"damage_healed":23.0,"max_hp_gain":0.0,"max_hp_loss":0.0,"gold_gain":0.0,"event_name":"Big Fish","player_choice":"Banana","floor":4.0,"gold_loss":0.0,"damage_taken":0.0},{"damage_healed":0.0,"max_hp_gain":0.0,"max_hp_loss":0.0,"gold_gain":0.0,"event_name":"N\u0027loth","player_choice":"Traded Relic","floor":19.0,"relics_lost":["The Specimen"],"gold_loss":0.0,"damage_taken":0.0,"relics_obtained":["Nloth\u0027s Gift"]},{"cards_removed":["Strike_G"],"damage_healed":0.0,"max_hp_gain":0.0,"max_hp_loss":0.0,"gold_gain":0.0,"event_name":"Beggar","player_choice":"Gave Gold","floor":27.0,"gold_loss":75.0,"damage_taken":0.0},{"damage_healed":0.0,"max_hp_gain":0.0,"max_hp_loss":0.0,"gold_gain":0.0,"event_name":"Tomb of Lord Red Mask","player_choice":"Paid","floor":37.0,"gold_loss":186.0,"damage_taken":0.0,"relics_obtained":["Red Mask"]},{"damage_healed":0.0,"max_hp_gain":0.0,"max_hp_loss":0.0,"gold_gain":0.0,"event_name":"MindBloom","player_choice":"Fight","floor":38.0,"gold_loss":0.0,"damage_taken":0.0},{"damage_healed":0.0,"max_hp_gain":0.0,"max_hp_loss":0.0,"gold_gain":0.0,"event_name":"SensoryStone","player_choice":"Memory 1","floor":41.0,"gold_loss":0.0,"damage_taken":0.0}],"is_beta":false,"boss_relics":[{"not_picked":["Cursed Key","Lizard Tail"],"picked":"Sozu"},{"not_picked":["WristBlade","Runic Pyramid"],"picked":"Ring of the Serpent"}],"items_purged_floors":[20,36],"is_endless":false,"potions_floor_spawned":[5,7,12,22,35,38,42,44],"ascension_level":0}