{"gold_per_floor":[113,123,123,137,212,212,230,255,255,255,285,299,330,343,343,414,414,433,449,449,116,126,126,157,157,183,208,208,243,259,134,134,134],"floor_reached":33,"playtime":1087,"items_purged":["Strike_R+1","Strike_R+1"],"score":644,"play_id":"4aa12507-1956-489f-a718-4766544f4b3e","local_time":"20190920014036","is_ascension_mode":true,"campfire_choices":[{"data":"Evolve","floor":6,"key":"SMITH"},{"data":"Inflame","floor":15,"key":"SMITH"},{"data":"Demon Form","floor":23,"key":"SMITH"},{"floor":25,"key":"REST"},{"data":"Heavy Blade","floor":32,"key":"SMITH"}],"neow_cost":"NONE","seed_source_timestamp":457551187870080,"circlet_count":0,"master_deck":["AscendersBane","Strike_R+1","Defend_R+1","Defend_R+1","Defend_R+1","Defend_R+1","Bash","Immolate+1","Evolve+1","Anger+1","Immolate","Ghostly Armor","True Grit","Inflame+1","Demon Form+1","Heavy Blade+1","Burning Pact","Headbutt+1","Ghostly","Ghostly","Ghostly","Shrug It Off+1","Shrug It Off"],"relics":["Burning Blood","Mercury Hourglass","StrikeDummy","Whetstone","Kunai","Velvet Choker","Omamori","InkBottle","Blood Vial","MealTicket","StoneCalendar"],"potions_floor_usage":[11,12,16,16,22,33],"damage_taken":[{"damage":0,"enemies":"2 Louse","floor":1,"turns":1},{"damage":0,"enemies":"Cultist","floor":2,"turns":2},{"damage":2,"enemies":"Jaw Worm","floor":4,"turns":3},{"damage":0,"enemies":"2 Fungi Beasts","floor":7,"turns":1},{"damage":15,"enemies":"3 Sentries","floor":8,"turns":3},{"damage":30,"enemies":"Lagavulin","floor":11,"turns":5},{"damage":0,"enemies":"Large Slime","floor":12,"turns":2},{"damage":5,"enemies":"3 Sentries","floor":13,"turns":3},{"damage":0,"enemies":"Lots of Slimes","floor":14,"turns":1},{"damage":15,"enemies":"Hexaghost","floor":16,"turns":9},{"damage":12,"enemies":"2 Thieves","floor":18,"turns":3},{"damage":8,"enemies":"Chosen","floor":19,"turns":5},{"damage":16,"enemies":"Snake Plant","floor":22,"turns":3},{"damage":42,"enemies":"Book of Stabbing","floor":24,"turns":5},{"damage":0,"enemies":"Gremlin Leader","floor":29,"turns":5},{"damage":12,"enemies":"Shelled Parasite and Fungi","floor":30,"turns":5},{"damage":56,"enemies":"Collector","floor":33,"turns":7}],"seed_played":"-8276223623611934520","potions_obtained":[{"floor":2,"key":"EssenceOfSteel"},{"floor":4,"key":"Swift Potion"},{"floor":11,"key":"Fire Potion"},{"floor":12,"key":"Block Potion"},{"floor":14,"key":"PowerPotion"},{"floor":16,"key":"Energy Potion"},{"floor":22,"key":"Fruit Juice"},{"floor":24,"key":"FearPotion"}],"is_trial":false,"path_per_floor":["M","M","?","M","?","R","M","E","T","?","E","M","E","M","R","B",null,"M","M","?","$","M","R","E","R","T","T","?","E","M","$","R","B"],"character_chosen":"IRONCLAD","items_purchased":["Burning Pact","Omamori","Shrug It Off"],"campfire_rested":1,"item_purchase_floors":[21,21,31],"current_hp_per_floor":[74,75,75,75,64,64,70,61,61,61,37,43,44,50,50,41,67,61,59,59,59,49,49,13,35,35,35,35,37,31,37,37,0],"gold":134,"neow_bonus":"TRANSFORM_CARD","is_prod":false,"is_daily":false,"chose_seed":false,"campfire_upgraded":4,"win_rate":0,"timestamp":1568961636,"path_taken":["M","M","?","?","?","R","M","E","T","?","E","M","E","M","R","BOSS","M","M","?","$","M","R","E","R","T","?","?","E","M","$","R","BOSS"],"build_version":"2019-09-19","purchased_purges":2,"victory":false,"max_hp_per_floor":[75,75,75,75,75,75,75,75,75,75,75,75,75,75,75,75,75,75,75,75,75,75,75,75,75,75,75,37,37,37,37,37,42],"card_choices":[{"not_picked":["Body Slam","Cleave"],"picked":"Evolve","floor":1},{"not_picked":["Wild Strike","Heavy Blade","Corruption"],"picked":"SKIP","floor":2},{"not_picked":["Sword Boomerang","Rage"],"picked":"Anger","floor":4},{"not_picked":["Flex","Twin Strike"],"picked":"Immolate","floor":7},{"not_picked":["Brutality","Anger"],"picked":"Ghostly Armor","floor":8},{"not_picked":["Corruption","Havoc"],"picked":"True Grit","floor":11},{"not_picked":["Warcry","Pummel","Twin Strike"],"picked":"SKIP","floor":12},{"not_picked":["Whirlwind","Pommel Strike","Cleave"],"picked":"SKIP","floor":13},{"not_picked":["Flex","Shrug It Off"],"picked":"Inflame","floor":14},{"not_picked":["Limit Break","Barricade"],"picked":"Demon Form","floor":16},{"not_picked":["Havoc","Thunderclap+1","Sword Boomerang"],"picked":"SKIP","floor":18},{"not_picked":["Perfected Strike+1","Whirlwind"],"picked":"Heavy Blade","floor":19},{"not_picked":["Clash","Havoc"],"picked":"Headbutt+1","floor":22},{"not_picked":["Corruption","Perfected Strike","Body Slam"],"picked":"SKIP","floor":24},{"not_picked":["Warcry","True Grit","Pommel Strike"],"picked":"SKIP","floor":29},{"not_picked":["Flex","Clothesline"],"picked":"Shrug It Off+1","floor":30}],"player_experience":748111,"relics_obtained":[{"floor":8,"key":"Mercury Hourglass"},{"floor":9,"key":"StrikeDummy"},{"floor":11,"key":"Whetstone"},{"floor":13,"key":"Kunai"},{"floor":24,"key":"InkBottle"},{"floor":26,"key":"Blood Vial"},{"floor":27,"key":"MealTicket"},{"floor":29,"key":"StoneCalendar"}],"event_choices":[{"cards_removed":["Strike_R"],"damage_healed":0,"gold_gain":0,"player_choice":"Offered Basic","damage_taken":0,"max_hp_gain":0,"max_hp_loss":0,"event_name":"Bonfire Elementals","floor":3,"gold_loss":0},{"damage_healed":0,"gold_gain":75,"player_choice":"Gather Gold","damage_taken":11,"max_hp_gain":0,"max_hp_loss":0,"event_name":"World of Goop","floor":5,"gold_loss":0},{"damage_healed":0,"gold_gain":0,"player_choice":"Ignored","damage_taken":0,"max_hp_gain":0,"max_hp_loss":0,"event_name":"Liars Game","floor":10,"gold_loss":0},{"damage_healed":0,"gold_gain":0,"player_choice":"Simplicity","damage_taken":0,"max_hp_gain":0,"max_hp_loss":0,"event_name":"Back to Basics","floor":20,"gold_loss":0,"cards_upgraded":["Strike_R","Strike_R","Strike_R","Defend_R","Defend_R","Defend_R","Defend_R"]},{"damage_healed":0,"gold_gain":0,"player_choice":"Became a Ghost","damage_taken":0,"max_hp_gain":0,"max_hp_loss":38,"event_name":"Ghosts","floor":28,"gold_loss":0,"cards_obtained":["Ghostly","Ghostly","Ghostly"]}],"is_beta":true,"boss_relics":[{"not_picked":["SlaversCollar","Pandora\u0027s Box"],"picked":"Velvet Choker"}],"items_purged_floors":[21,31],"is_endless":false,"potions_floor_spawned":[2,4,11,12,14,16,22,24],"killed_by":"Collector","ascension_level":19}