{"gold_per_floor":[113,63,63,83,99,131,149,149,202,215,215,250,250,284,284,389,389,409,409,409,429,449,482,482,507,507,520,550,566,566,118,118,216,216,231,231,231,231,251,251,261,261,261,290,301,301,301,4,4,4],"floor_reached":51,"playtime":4047,"items_purged":["Sucker Punch","Caltrops"],"score":1079,"play_id":"a0c0ac3a-c180-4e74-af97-0da6f0172e25","local_time":"20190928232916","is_ascension_mode":true,"campfire_choices":[{"data":"Predator","floor":8.0,"key":"SMITH"},{"data":"Predator","floor":11.0,"key":"SMITH"},{"data":"Neutralize","floor":13.0,"key":"SMITH"},{"data":"Backflip","floor":15.0,"key":"SMITH"},{"data":"A Thousand Cuts","floor":24.0,"key":"SMITH"},{"floor":32,"key":"REST"},{"data":"Well Laid Plans","floor":40,"key":"SMITH"},{"data":"Wraith Form v2","floor":42,"key":"SMITH"},{"data":"Catalyst","floor":49,"key":"SMITH"}],"neow_cost":"NONE","seed_source_timestamp":0,"circlet_count":0,"master_deck":["Defend_G","Defend_G","Defend_G","Defend_G","Defend_G","Survivor","Neutralize+1","Predator+1","Predator+1","Backflip+1","Skewer","A Thousand Cuts+1","Backflip+1","All Out Attack","Leg Sweep","Bite","Bite","Bite","Bite","Bite","Well Laid Plans+1","Footwork","Noxious Fumes","Wraith Form v2+1","Footwork+1","Master of Strategy","Dark Shackles","Dark Shackles","Dash","Dodge and Roll","Catalyst+1","Wraith Form v2+1"],"special_seed":0,"relics":["Velvet Choker","Kunai","Ancient Tea Set","Anchor","The Courier","Black Star","Question Card","Bottled Flame","Pear","InkBottle","Letter Opener","Lizard Tail","The Specimen","Coffee Dripper","Bottled Tornado","Art of War","Bottled Lightning","Pantograph","DollysMirror"],"potions_floor_usage":[28,28,35,44,45,45,50,50],"damage_taken":[{"damage":0.0,"enemies":"Jaw Worm","floor":1.0,"turns":4.0},{"damage":0.0,"enemies":"Cultist","floor":4.0,"turns":3.0},{"damage":0.0,"enemies":"2 Louse","floor":5.0,"turns":2.0},{"damage":14.0,"enemies":"Lagavulin","floor":6.0,"turns":8.0},{"damage":0.0,"enemies":"Large Slime","floor":7.0,"turns":5.0},{"damage":0.0,"enemies":"Exordium Wildlife","floor":10.0,"turns":2.0},{"damage":4.0,"enemies":"3 Sentries","floor":12.0,"turns":4.0},{"damage":1.0,"enemies":"Lagavulin","floor":14.0,"turns":7.0},{"damage":0.0,"enemies":"Slime Boss","floor":16.0,"turns":7.0},{"damage":0.0,"enemies":"Chosen","floor":18.0,"turns":4.0},{"damage":3.0,"enemies":"3 Byrds","floor":21.0,"turns":5.0},{"damage":8.0,"enemies":"Snecko","floor":22.0,"turns":5.0},{"damage":13.0,"enemies":"Gremlin Leader","floor":23.0,"turns":10.0},{"damage":7.0,"enemies":"Book of Stabbing","floor":25.0,"turns":6.0},{"damage":4.0,"enemies":"Centurion and Healer","floor":27.0,"turns":6.0},{"damage":19,"enemies":"Slavers","floor":28,"turns":8},{"damage":14,"enemies":"Cultist and Chosen","floor":29,"turns":7},{"damage":13,"enemies":"Automaton","floor":33,"turns":13},{"damage":2,"enemies":"Orb Walker","floor":35,"turns":3},{"damage":0,"enemies":"3 Shapes","floor":39,"turns":5},{"damage":14,"enemies":"Maw","floor":41,"turns":8},{"damage":45,"enemies":"Giant Head","floor":44,"turns":12},{"damage":5,"enemies":"4 Shapes","floor":45,"turns":9},{"damage":9,"enemies":"Awakened One","floor":50,"turns":21}],"seed_played":"5827280283369077799","potions_obtained":[{"floor":1.0,"key":"Fire Potion"},{"floor":4.0,"key":"SkillPotion"},{"floor":6.0,"key":"Weak Potion"},{"floor":14.0,"key":"SpeedPotion"},{"floor":22.0,"key":"AttackPotion"},{"floor":23.0,"key":"SmokeBomb"},{"floor":25.0,"key":"Dexterity Potion"},{"floor":29,"key":"AttackPotion"},{"floor":35,"key":"Explosive Potion"},{"floor":41,"key":"GamblersBrew"},{"floor":45,"key":"DuplicationPotion"}],"is_trial":false,"path_per_floor":["M","?","$","M","M","E","M","R","T","M","R","E","R","E","R","B",null,"M","?","?","M","M","E","R","E","T","M","E","M","?","$","R","B",null,"M","?","?","?","M","R","M","R","T","E","M","$","T","$","R","B",null],"character_chosen":"THE_SILENT","items_purchased":["Well Laid Plans","Footwork","Noxious Fumes","Caltrops","Caltrops","DuplicationPotion","SteroidPotion","DollysMirror","DuplicationPotion","Weak Potion"],"campfire_rested":1,"item_purchase_floors":[31,31,31,31,31,31,31,48,48,48],"current_hp_per_floor":[63,63,63,63,63,49,49,49,49,49,49,45,45,44,44,44,64,64,64,64,61,53,40,40,43,43,39,20,6,6,6,22,35,51,56,46,46,46,53,53,53,53,53,17,28,28,28,28,28,53],"gold":4,"neow_bonus":"BOSS_RELIC","is_prod":false,"is_daily":false,"chose_seed":false,"campfire_upgraded":8,"win_rate":0,"timestamp":1569731356,"path_taken":["M","?","$","M","M","E","M","R","T","M","R","E","R","E","R","BOSS","M","?","?","?","M","E","R","E","T","M","E","M","?","$","R","BOSS","M","?","?","?","M","R","M","R","T","E","M","$","?","$","R","BOSS"],"build_version":"2019-09-27","purchased_purges":2,"victory":true,"max_hp_per_floor":[70,70,70,70,70,70,70,70,70,70,70,70,70,70,70,70,70,70,70,70,70,70,70,70,80,80,80,80,80,56,56,56,56,56,56,56,53,53,53,53,53,53,53,53,53,53,53,53,53,53],"card_choices":[{"not_picked":["Slice","Quick Slash"],"picked":"Predator","floor":1.0},{"not_picked":["Flechettes","Quick Slash"],"picked":"Predator","floor":4.0},{"not_picked":["Escape Plan","Eviscerate"],"picked":"Backflip","floor":5.0},{"not_picked":["Heel Hook","Dagger Throw","Calculated Gamble"],"picked":"SKIP","floor":6.0},{"not_picked":["Dagger Spray","Eviscerate","Calculated Gamble"],"picked":"SKIP","floor":7.0},{"not_picked":["Sucker Punch","Distraction","Outmaneuver"],"picked":"SKIP","floor":10.0},{"not_picked":["Acrobatics","Cloak And Dagger","Calculated Gamble"],"picked":"SKIP","floor":12.0},{"not_picked":["Eviscerate","Outmaneuver","Burst"],"picked":"SKIP","floor":14.0},{"not_picked":["Sucker Punch","Prepared"],"picked":"Skewer","floor":18.0},{"not_picked":["Acrobatics","Calculated Gamble","Cloak And Dagger+1"],"picked":"SKIP","floor":21.0},{"not_picked":["Tools of the Trade","Eviscerate"],"picked":"Backflip+1","floor":22.0},{"not_picked":["Terror+1","Setup"],"picked":"All Out Attack","floor":23.0},{"not_picked":["Cloak And Dagger","Dodge and Roll","Poisoned Stab"],"picked":"Leg Sweep","floor":25.0},{"not_picked":["Terror","Quick Slash","Prepared","Deadly Poison+1"],"picked":"SKIP","floor":27.0},{"not_picked":["Cloak And Dagger","Escape Plan","Bane","Deflect"],"picked":"SKIP","floor":28},{"not_picked":["Escape Plan","Prepared","Deadly Poison","Cloak And Dagger"],"picked":"SKIP","floor":29},{"not_picked":["Die Die Die","Venomology","After Image"],"picked":"Wraith Form v2","floor":33},{"not_picked":["Bane","Expertise","Cloak And Dagger+1"],"picked":"Footwork+1","floor":35},{"not_picked":["Finesse","Good Instincts","Forethought"],"picked":"Master of Strategy","floor":36},{"not_picked":["Bandage Up","Violence","Transmutation"],"picked":"Dark Shackles","floor":36},{"not_picked":["Dramatic Entrance","Mind Blast","Impatience"],"picked":"Dark Shackles","floor":36},{"not_picked":["Flying Knee","Deadly Poison","Dagger Throw+1","Riddle With Holes+1"],"picked":"SKIP","floor":39},{"not_picked":["Masterful Stab","Prepared+1","Grand Finale"],"picked":"Dash","floor":41},{"not_picked":["Deadly Poison+1","Crippling Poison","Quick Slash"],"picked":"Dodge and Roll","floor":44},{"not_picked":["Finisher","Deflect","Bane+1"],"picked":"Catalyst","floor":45}],"player_experience":172271,"relics_obtained":[{"floor":6.0,"key":"Kunai"},{"floor":9.0,"key":"Ancient Tea Set"},{"floor":12.0,"key":"Anchor"},{"floor":14.0,"key":"The Courier"},{"floor":23.0,"key":"Question Card"},{"floor":23.0,"key":"Bottled Flame"},{"floor":25.0,"key":"Pear"},{"floor":25.0,"key":"InkBottle"},{"floor":26.0,"key":"Letter Opener"},{"floor":28,"key":"Lizard Tail"},{"floor":28,"key":"The Specimen"},{"floor":43,"key":"Bottled Tornado"},{"floor":44,"key":"Art of War"},{"floor":44,"key":"Bottled Lightning"},{"floor":47,"key":"Pantograph"}],"event_choices":[{"cards_removed":["Strike_G"],"damage_healed":0.0,"max_hp_gain":0.0,"max_hp_loss":0.0,"gold_gain":0.0,"event_name":"The Cleric","player_choice":"Card Removal","floor":2.0,"gold_loss":50.0,"damage_taken":0.0},{"damage_healed":0.0,"max_hp_gain":0.0,"max_hp_loss":0.0,"gold_gain":0.0,"cards_transformed":["Strike_G","Strike_G"],"event_name":"Drug Dealer","player_choice":"Became Test Subject","floor":19.0,"gold_loss":0.0,"damage_taken":0.0,"cards_obtained":["A Thousand Cuts","Sucker Punch"]},{"damage_healed":0.0,"max_hp_gain":0.0,"max_hp_loss":0.0,"gold_gain":0.0,"event_name":"The Woman in Blue","player_choice":"Bought 0 Potions","floor":20.0,"gold_loss":0.0,"damage_taken":0.0},{"damage_healed":0,"gold_gain":0,"player_choice":"Became a vampire","damage_taken":0,"max_hp_gain":0,"max_hp_loss":24,"event_name":"Vampires","floor":30,"gold_loss":0,"cards_obtained":["Bite","Bite","Bite","Bite","Bite"]},{"damage_healed":0,"gold_gain":0,"player_choice":"Memory 3","damage_taken":10,"max_hp_gain":0,"max_hp_loss":0,"event_name":"SensoryStone","floor":36,"gold_loss":0},{"damage_healed":0,"gold_gain":0,"player_choice":"Max HP","damage_taken":0,"max_hp_gain":0,"max_hp_loss":3,"event_name":"Winding Halls","floor":37,"gold_loss":0},{"cards_removed":["Caltrops"],"damage_healed":0,"gold_gain":0,"player_choice":"Removed Power","damage_taken":0,"max_hp_gain":0,"max_hp_loss":0,"event_name":"Falling","floor":38,"gold_loss":0}],"is_beta":true,"boss_relics":[{"not_picked":["Philosopher\u0027s Stone","Busted Crown"],"picked":"Black Star"},{"not_picked":["Cursed Key","Fusion Hammer"],"picked":"Coffee Dripper"}],"items_purged_floors":[31,48],"is_endless":false,"potions_floor_spawned":[1,4,6,14,22,23,25,29,33,35,41,45],"ascension_level":8}