{"gold_per_floor":[114,114,129,204,56,90,90,131,186,186,206,206,31,63,63,173,173,184,184,184,211,218,258,41,41,41,148,168,185,220,235,235,332,332,345,345,109,0,107,107,144,144,144,164,181,193,43,43,43,43],"floor_reached":51,"playtime":4226,"items_purged":["Strike_R","Strike_R","Strike_R","Defend_R"],"score":1107,"play_id":"b9a21f5a-ee74-49b9-bb55-8bd8c3c516a5","local_time":"20191008141654","is_ascension_mode":true,"campfire_choices":[{"data":"Bludgeon","floor":7,"key":"SMITH"},{"data":"Whirlwind","floor":12,"key":"SMITH"},{"data":"True Grit","floor":15,"key":"SMITH"},{"data":"Feed","floor":25,"key":"SMITH"},{"data":"Demon Form","floor":32,"key":"SMITH"},{"data":"Immolate","floor":40,"key":"SMITH"},{"data":"1","floor":42,"key":"LIFT"},{"data":"2","floor":49,"key":"LIFT"}],"neow_cost":"NONE","seed_source_timestamp":370378535163624,"circlet_count":0,"master_deck":["Strike_R","Defend_R+1","Defend_R","Defend_R","Bash+1","Bludgeon+1","True Grit+1","Battle Trance+1","Whirlwind+1","Feed+1","Iron Wave+1","Demon Form+1","Shockwave","Evolve","Offering","True Grit+1","Pommel Strike+1","Reaper+1","Clothesline+1","Clothesline+1","Shockwave","Pommel Strike+1","Immolate+1","Corruption","Fire Breathing+1"],"relics":["Burning Blood","CeramicFish","Gambling Chip","Anchor","Bag of Preparation","Regal Pillow","Sozu","Nilry\u0027s Codex","Juzu Bracelet","Pen Nib","Red Skull","Incense Burner","Question Card","Girya","Snecko Eye","Orrery","Red Mask","StoneCalendar","War Paint","Whetstone"],"potions_floor_usage":[6,8,27,50],"damage_taken":[{"damage":8,"enemies":"Jaw Worm","floor":1,"turns":4},{"damage":2,"enemies":"2 Louse","floor":3,"turns":4},{"damage":4,"enemies":"Gremlin Nob","floor":6,"turns":3},{"damage":15,"enemies":"3 Sentries","floor":8,"turns":7},{"damage":0,"enemies":"Cultist","floor":11,"turns":3},{"damage":8,"enemies":"Gremlin Nob","floor":14,"turns":3},{"damage":31,"enemies":"The Guardian","floor":16,"turns":10},{"damage":11,"enemies":"Shell Parasite","floor":18,"turns":3},{"damage":0,"enemies":"Spheric Guardian","floor":21,"turns":3},{"damage":7,"enemies":"Book of Stabbing","floor":23,"turns":5},{"damage":3,"enemies":"Colosseum Slavers","floor":27,"turns":3},{"damage":9,"enemies":"Colosseum Nobs","floor":27,"turns":3},{"damage":6,"enemies":"Snecko","floor":28,"turns":4},{"damage":6,"enemies":"Sentry and Sphere","floor":29,"turns":3},{"damage":0,"enemies":"Slavers","floor":30,"turns":1},{"damage":9,"enemies":"Cultist and Chosen","floor":31,"turns":7},{"damage":46,"enemies":"Automaton","floor":33,"turns":9},{"damage":12,"enemies":"3 Darklings","floor":35,"turns":3},{"damage":0,"enemies":"Mind Bloom Boss Battle","floor":39,"turns":4},{"damage":6,"enemies":"Nemesis","floor":41,"turns":3},{"damage":0,"enemies":"Orb Walker","floor":44,"turns":3},{"damage":8,"enemies":"Maw","floor":45,"turns":4},{"damage":1,"enemies":"Sphere and 2 Shapes","floor":46,"turns":2},{"damage":32,"enemies":"Donu and Deca","floor":50,"turns":5}],"seed_played":"4310416823408564785","potions_obtained":[{"floor":0,"key":"Block Potion"},{"floor":0,"key":"Regen Potion"},{"floor":0,"key":"EssenceOfSteel"},{"floor":1,"key":"Fire Potion"},{"floor":14,"key":"Regen Potion"},{"floor":16,"key":"HeartOfIron"}],"is_trial":false,"path_per_floor":["M","?","M","?","$","E","R","E","T","?","M","R","$","E","R","B",null,"M","?","?","M","?","E","$","R","T","?","M","M","E","M","R","B",null,"M","?","$","?","?","R","E","R","T","M","M","M","$","?","R","B",null],"character_chosen":"IRONCLAD","items_purchased":["Bludgeon","DuplicationPotion","Pen Nib","Evolve","Orrery"],"campfire_rested":0,"item_purchase_floors":[5,13,24,24,37],"current_hp_per_floor":[70,70,74,63,63,65,65,71,71,71,77,77,77,75,75,50,73,71,71,55,61,61,60,60,60,60,64,64,68,74,75,75,35,80,78,78,78,78,88,88,88,88,88,103,103,107,107,102,102,104],"gold":43,"neow_bonus":"THREE_SMALL_POTIONS","is_prod":false,"is_daily":false,"chose_seed":false,"campfire_upgraded":6,"win_rate":0,"timestamp":1570562214,"path_taken":["M","?","M","?","$","E","R","E","T","?","?","R","$","E","R","BOSS","M","?","?","M","?","E","$","R","T","?","M","M","E","M","R","BOSS","M","?","$","?","?","R","E","R","T","M","M","M","$","?","R","BOSS"],"build_version":"2019-10-07","purchased_purges":4,"victory":true,"max_hp_per_floor":[80,80,80,80,80,80,80,80,80,80,80,80,80,80,80,80,80,83,83,83,83,83,83,83,83,83,87,87,91,91,95,95,95,95,99,99,99,99,103,103,103,103,103,103,103,107,107,102,102,106],"card_choices":[{"not_picked":["Seeing Red","Entrench","Perfected Strike"],"picked":"SKIP","floor":1},{"not_picked":["Armaments","Twin Strike"],"picked":"Thunderclap","floor":3},{"not_picked":["Juggernaut","Perfected Strike"],"picked":"True Grit","floor":6},{"not_picked":["Body Slam","Whirlwind"],"picked":"Battle Trance","floor":8},{"not_picked":["Flex","Iron Wave"],"picked":"Whirlwind","floor":11},{"not_picked":["Sword Boomerang","Cleave","Rampage"],"picked":"SKIP","floor":14},{"not_picked":["Juggernaut","Limit Break"],"picked":"Feed","floor":16},{"not_picked":["Wild Strike","Body Slam","Heavy Blade"],"picked":"SKIP","floor":18},{"not_picked":["Armaments","Heavy Blade"],"picked":"Iron Wave+1","floor":21},{"not_picked":["Clash+1","Intimidate"],"picked":"Shockwave","floor":23},{"not_picked":["Headbutt","Warcry"],"picked":"Offering","floor":27},{"not_picked":["Whirlwind","Havoc","Wild Strike+1"],"picked":"True Grit+1","floor":28},{"not_picked":["Headbutt","Anger","Thunderclap"],"picked":"Pommel Strike","floor":29},{"not_picked":["Dual Wield","Thunderclap","Seeing Red","Headbutt"],"picked":"SKIP","floor":30},{"not_picked":["Havoc","Burning Pact","Hemokinesis","Seeing Red"],"picked":"SKIP","floor":31},{"not_picked":["Combust","Second Wind+1","Sentinel+1","Armaments+1"],"picked":"SKIP","floor":35},{"not_picked":["Perfected Strike","Blood for Blood","Pommel Strike"],"picked":"Reaper","floor":37},{"not_picked":["Twin Strike","True Grit","Flex+1"],"picked":"Clothesline+1","floor":37},{"not_picked":["Warcry","Dark Embrace","Blood for Blood"],"picked":"Clothesline+1","floor":37},{"not_picked":["Power Through","Headbutt+1","Inflame"],"picked":"Shockwave","floor":37},{"not_picked":["Armaments+1","Clash","Searing Blow+1"],"picked":"Pommel Strike+1","floor":37},{"not_picked":["Hemokinesis+1","Perfected Strike+1","Havoc"],"picked":"Immolate","floor":39},{"not_picked":["Iron Wave+1","Armaments+1","Anger"],"picked":"Corruption","floor":41},{"not_picked":["Body Slam","Havoc+1","Pommel Strike+1","Twin Strike"],"picked":"SKIP","floor":44},{"not_picked":["Metallicize","Thunderclap","Wild Strike+1"],"picked":"Fire Breathing+1","floor":45},{"not_picked":["Cleave","Sword Boomerang+1","Headbutt","Evolve+1"],"picked":"SKIP","floor":46}],"player_experience":180637,"relics_obtained":[{"floor":6,"key":"CeramicFish"},{"floor":8,"key":"Gambling Chip"},{"floor":9,"key":"Anchor"},{"floor":14,"key":"Regal Pillow"},{"floor":20,"key":"Nilry\u0027s Codex"},{"floor":23,"key":"Juzu Bracelet"},{"floor":26,"key":"Red Skull"},{"floor":27,"key":"Incense Burner"},{"floor":27,"key":"Question Card"},{"floor":30,"key":"Girya"},{"floor":39,"key":"StoneCalendar"},{"floor":41,"key":"War Paint"},{"floor":43,"key":"Whetstone"}],"event_choices":[{"damage_healed":0,"gold_gain":0,"player_choice":"Grow","damage_taken":0,"max_hp_gain":0,"max_hp_loss":0,"event_name":"Living Wall","floor":2,"gold_loss":0,"cards_upgraded":["Bash"]},{"damage_healed":0,"gold_gain":75,"player_choice":"Gather Gold","damage_taken":11,"max_hp_gain":0,"max_hp_loss":0,"event_name":"World of Goop","floor":4,"gold_loss":0},{"cards_removed":["Thunderclap"],"damage_healed":0,"gold_gain":0,"player_choice":"Gave Card","damage_taken":0,"relics_obtained":["Bag of Preparation"],"max_hp_gain":0,"max_hp_loss":0,"event_name":"WeMeetAgain","floor":10,"gold_loss":0},{"damage_healed":0,"gold_gain":0,"player_choice":"Ignored","damage_taken":0,"max_hp_gain":0,"max_hp_loss":0,"event_name":"Vampires","floor":19,"gold_loss":0},{"damage_healed":0,"gold_gain":0,"player_choice":"Obtained Book","damage_taken":16,"max_hp_gain":0,"max_hp_loss":0,"event_name":"Cursed Tome","floor":20,"gold_loss":0},{"damage_healed":0,"gold_gain":0,"cards_transformed":["Strike_R"],"player_choice":"Transformed","damage_taken":0,"max_hp_gain":0,"max_hp_loss":0,"event_name":"Transmorgrifier","floor":22,"gold_loss":0,"cards_obtained":["Demon Form"]},{"damage_healed":0,"gold_gain":0,"player_choice":"Fight","damage_taken":0,"max_hp_gain":0,"max_hp_loss":0,"event_name":"Colosseum","floor":27,"gold_loss":0},{"damage_healed":0,"gold_gain":0,"player_choice":"Fought Nobs","damage_taken":0,"max_hp_gain":0,"max_hp_loss":0,"event_name":"Colosseum","floor":27,"gold_loss":0},{"damage_healed":0,"gold_gain":0,"player_choice":"Got Potions","damage_taken":0,"max_hp_gain":0,"max_hp_loss":0,"event_name":"Lab","floor":36,"gold_loss":0},{"damage_healed":0,"gold_gain":0,"player_choice":"Paid","damage_taken":0,"relics_obtained":["Red Mask"],"max_hp_gain":0,"max_hp_loss":0,"event_name":"Tomb of Lord Red Mask","floor":38,"gold_loss":109},{"damage_healed":0,"gold_gain":0,"player_choice":"Fight","damage_taken":0,"max_hp_gain":0,"max_hp_loss":0,"event_name":"MindBloom","floor":39,"gold_loss":0},{"damage_healed":0,"gold_gain":0,"player_choice":"Max HP","damage_taken":0,"max_hp_gain":0,"max_hp_loss":5,"event_name":"Winding Halls","floor":48,"gold_loss":0}],"is_beta":true,"boss_relics":[{"not_picked":["Runic Dome","Cursed Key"],"picked":"Sozu"},{"not_picked":["Velvet Choker","Astrolabe"],"picked":"Snecko Eye"}],"items_purged_floors":[5,13,37,47],"is_endless":false,"potions_floor_spawned":[1,14,16,21,23,28,30,31,44,46],"ascension_level":9}