{"gold_per_floor":[115,190,202,202,214,246,246,311,311,325,336,350,350,377,377,475,475,488,267,293,109,126,126,153,153,207,207,207,223,223,38,38,38],"floor_reached":33,"playtime":1300,"items_purged":["Strike_R","Evolve+1"],"score":453,"play_id":"f71b83d3-2b22-46fc-a658-b46ed1bc987b","local_time":"20190216202559","is_ascension_mode":true,"campfire_choices":[{"data":"Rampage","floor":7,"key":"SMITH"},{"floor":15,"key":"REST"},{"floor":23,"key":"REST"},{"floor":25,"key":"REST"},{"data":"True Grit","floor":28,"key":"SMITH"},{"floor":32,"key":"REST"}],"neow_cost":"NONE","seed_source_timestamp":9392144847086,"circlet_count":0,"master_deck":["AscendersBane","Strike_R+1","Strike_R+1","Defend_R+1","Defend_R+1","Defend_R+1","Defend_R+1","Bash","Cleave","Flex","Rampage+1","Headbutt","Metallicize","Ghostly Armor","Offering","Thunderclap+1","Battle Trance+1","True Grit+1","Blind","Anger","Uppercut","Shrug It Off","Master of Strategy"],"special_seed":0,"relics":["Burning Blood","NeowsBlessing","Pocketwatch","Dodecahedron","Tiny Chest","Blue Candle","Matryoshka","Mercury Hourglass","Astrolabe","Red Skull","Strawberry","Whetstone","Pantograph","Juzu Bracelet","Centennial Puzzle"],"potions_floor_usage":[8,11,14,16],"damage_taken":[{"damage":0.0,"enemies":"Cultist","floor":1.0,"turns":1.0},{"damage":0.0,"enemies":"Jaw Worm","floor":3.0,"turns":1.0},{"damage":0.0,"enemies":"2 Louse","floor":5.0,"turns":1.0},{"damage":38.0,"enemies":"3 Sentries","floor":6.0,"turns":6.0},{"damage":31,"enemies":"Gremlin Nob","floor":8,"turns":4},{"damage":8,"enemies":"Red Slaver","floor":10,"turns":3},{"damage":5,"enemies":"2 Fungi Beasts","floor":11,"turns":3},{"damage":0,"enemies":"Large Slime","floor":12,"turns":4},{"damage":24,"enemies":"Lagavulin","floor":14,"turns":6},{"damage":21,"enemies":"Slime Boss","floor":16,"turns":10},{"damage":32,"enemies":"Shell Parasite","floor":18,"turns":8},{"damage":15,"enemies":"3 Byrds","floor":22,"turns":5},{"damage":42,"enemies":"Slavers","floor":24,"turns":6},{"damage":20,"enemies":"3 Cultists","floor":29,"turns":7},{"damage":87,"enemies":"Collector","floor":33,"turns":11}],"seed_played":"-3035524928706201100","potions_obtained":[{"floor":6,"key":"SkillPotion"},{"floor":10,"key":"SpeedPotion"},{"floor":11,"key":"Strength Potion"},{"floor":14,"key":"Energy Potion"}],"is_trial":false,"path_per_floor":["M","?","M","?","M","E","R","E","T","M","M","M","?","E","R","B",null,"M","$","T","$","M","R","E","R","T","?","R","M","?","$","R","B"],"character_chosen":"IRONCLAD","items_purchased":["Red Skull","Blind","Master of Strategy"],"campfire_rested":4,"item_purchase_floors":[19,21,31],"current_hp_per_floor":[78,70,76,73,79,47,47,22,22,20,21,27,27,9,33,18,65,39,39,46,46,37,63,27,53,53,53,53,39,39,39,65,0],"gold":38,"neow_bonus":"THREE_ENEMY_KILL","is_prod":false,"is_daily":false,"chose_seed":false,"campfire_upgraded":2,"win_rate":0,"timestamp":1550370359,"path_taken":["M","?","?","?","M","E","R","E","T","M","M","M","?","E","R","BOSS","M","$","?","$","M","R","E","R","T","?","R","M","?","?","R","BOSS"],"build_version":"2019-01-23","purchased_purges":2,"victory":false,"max_hp_per_floor":[80,80,80,80,80,80,80,80,80,80,80,80,80,80,80,80,80,80,80,87,87,87,87,87,87,87,87,87,87,87,87,87,87],"card_choices":[{"not_picked":["Flex","Body Slam"],"picked":"Perfected Strike","floor":1.0},{"not_picked":["Warcry","Searing Blow"],"picked":"Cleave","floor":3.0},{"not_picked":["Corruption","Body Slam"],"picked":"Flex","floor":5.0},{"not_picked":["Anger","Cleave"],"picked":"Rampage","floor":6},{"not_picked":["Exhume","Sword Boomerang","Rage"],"picked":"SKIP","floor":8},{"not_picked":["Clash","Sword Boomerang"],"picked":"Headbutt","floor":10},{"not_picked":["Sword Boomerang","Thunderclap"],"picked":"Metallicize","floor":11},{"not_picked":["Havoc","Infernal Blade"],"picked":"Wild Strike","floor":12},{"not_picked":["Pummel","Flex"],"picked":"Ghostly Armor","floor":14},{"not_picked":["Limit Break","Exhume"],"picked":"Offering","floor":16},{"not_picked":["Infernal Blade","Flex"],"picked":"True Grit","floor":18},{"not_picked":["Clash","Havoc"],"picked":"Anger","floor":22},{"not_picked":["True Grit","Wild Strike"],"picked":"Uppercut","floor":24},{"not_picked":["Sentinel","Fiend Fire"],"picked":"Shrug It Off","floor":29}],"player_experience":527007,"relics_obtained":[{"floor":6,"key":"Dodecahedron"},{"floor":8,"key":"Tiny Chest"},{"floor":9,"key":"Blue Candle"},{"floor":14,"key":"Mercury Hourglass"},{"floor":20,"key":"Strawberry"},{"floor":20,"key":"Whetstone"},{"floor":24,"key":"Pantograph"},{"floor":26,"key":"Juzu Bracelet"},{"floor":26,"key":"Centennial Puzzle"}],"event_choices":[{"damage_healed":0.0,"max_hp_gain":0.0,"max_hp_loss":0.0,"gold_gain":75.0,"event_name":"FaceTrader","player_choice":"Touch","floor":2.0,"gold_loss":0.0,"damage_taken":8.0},{"damage_healed":0.0,"max_hp_gain":0.0,"max_hp_loss":0.0,"gold_gain":0.0,"event_name":"Scrap Ooze","player_choice":"Success","floor":4.0,"gold_loss":0.0,"damage_taken":3.0,"relics_obtained":["Pocketwatch"]},{"cards_removed":["Wild Strike"],"damage_healed":0,"gold_gain":0,"player_choice":"Gave Card","damage_taken":0,"relics_obtained":["Matryoshka"],"max_hp_gain":0,"max_hp_loss":0,"event_name":"WeMeetAgain","floor":13,"gold_loss":0},{"damage_healed":0,"gold_gain":0,"player_choice":"Ignored","damage_taken":0,"max_hp_gain":0,"max_hp_loss":0,"event_name":"The Mausoleum","floor":27,"gold_loss":0},{"damage_healed":0,"gold_gain":0,"player_choice":"Simplicity","damage_taken":0,"max_hp_gain":0,"max_hp_loss":0,"event_name":"Back to Basics","floor":30,"gold_loss":0,"cards_upgraded":["Defend_R","Defend_R","Defend_R","Defend_R"]}],"is_beta":false,"boss_relics":[{"not_picked":["Philosopher\u0027s Stone","Runic Dome"],"picked":"Astrolabe"}],"items_purged_floors":[19,21],"is_endless":false,"potions_floor_spawned":[6,10,11,14],"killed_by":"Collector","ascension_level":12}