{"gold_per_floor":[118,118,139,158,183,183,226,226,226,226,151,175,175,189,189,314,314,338,373,388,303,203,203,234,247,247,278,278,301,325,349,349,480,480,501,501],"floor_reached":36,"playtime":2381,"items_purged":["Defend_B","Strike_B"],"score":426,"play_id":"06d66038-da9c-48d9-896b-77c640055e64","local_time":"20181202112822","is_ascension_mode":true,"campfire_choices":[{"data":"Zap","floor":6,"key":"SMITH"},{"floor":10,"key":"REST"},{"floor":13,"key":"REST"},{"data":"Reinforced Body","floor":15,"key":"SMITH"},{"data":"Glacier","floor":23,"key":"SMITH"},{"floor":28,"key":"REST"},{"data":"Tempest","floor":32,"key":"SMITH"}],"neow_cost":"NONE","seed_source_timestamp":1604583714642514,"circlet_count":0,"master_deck":["Strike_B","Strike_B","Strike_B","Defend_B","Defend_B","Defend_B+1","Zap+1","Dualcast+1","Beam Cell","Reinforced Body+1","Conserve Battery+1","Capacitor","Skim","Cold Snap+1","Cold Snap+1","Core Surge+1","Ball Lightning+1","Go for the Eyes+1","Barrage+1","Glacier+1","Sweeping Beam+1","Blizzard+1","Tempest+1","Steam+1"],"relics":["Cracked Core","Golden Idol","War Paint","Molten Egg 2","Orrery","Red Mask","Pear","Ginger","Ancient Tea Set","Bottled Flame","White Beast Statue"],"potions_floor_usage":[16,19,20,25,27,36],"damage_taken":[{"damage":1,"enemies":"2 Louse","floor":1,"turns":2},{"damage":6,"enemies":"Jaw Worm","floor":3,"turns":2},{"damage":0,"enemies":"Cultist","floor":4,"turns":3},{"damage":0,"enemies":"Blue Slaver","floor":5,"turns":4},{"damage":46,"enemies":"Gremlin Nob","floor":7,"turns":5},{"damage":18,"enemies":"Exordium Thugs","floor":12,"turns":5},{"damage":0,"enemies":"Exordium Wildlife","floor":14,"turns":3},{"damage":5,"enemies":"The Guardian","floor":16,"turns":13},{"damage":1,"enemies":"Chosen","floor":18,"turns":5},{"damage":10,"enemies":"Masked Bandits","floor":19,"turns":5},{"damage":9,"enemies":"3 Byrds","floor":20,"turns":6},{"damage":12,"enemies":"Book of Stabbing","floor":24,"turns":6},{"damage":2,"enemies":"3 Cultists","floor":25,"turns":6},{"damage":8,"enemies":"Gremlin Leader","floor":27,"turns":7},{"damage":1,"enemies":"Shelled Parasite and Fungi","floor":29,"turns":6},{"damage":4,"enemies":"Centurion and Healer","floor":30,"turns":7},{"damage":0,"enemies":"Snake Plant","floor":31,"turns":4},{"damage":49,"enemies":"Champ","floor":33,"turns":12},{"damage":57,"enemies":"3 Shapes","floor":35,"turns":6},{"damage":29,"enemies":"3 Darklings","floor":36,"turns":5}],"seed_played":"-5882350828820519545","potions_obtained":[{"floor":3,"key":"Explosive Potion"},{"floor":5,"key":"GamblersBrew"},{"floor":12,"key":"Block Potion"},{"floor":14,"key":"FocusPotion"},{"floor":16,"key":"SkillPotion"},{"floor":19,"key":"Fire Potion"},{"floor":20,"key":"SkillPotion"},{"floor":29,"key":"Weak Potion"},{"floor":33,"key":"Fire Potion"}],"is_trial":false,"path_per_floor":["M","?","M","M","M","R","E","?","T","R","$","M","R","M","R","B",null,"M","?","M","?","$","R","E","M","T","E","R","M","M","M","R","B",null,"M","M"],"character_chosen":"DEFECT","items_purchased":[],"campfire_rested":3,"item_purchase_floors":[],"current_hp_per_floor":[81,76,70,70,70,70,24,24,24,46,46,28,50,50,50,45,76,75,65,56,66,66,66,54,52,52,44,69,68,64,64,64,15,86,29,0],"gold":501,"neow_bonus":"TEN_PERCENT_HP_BONUS","is_prod":false,"is_daily":false,"chose_seed":false,"campfire_upgraded":4,"win_rate":0,"timestamp":1543771702,"path_taken":["M","?","M","M","M","R","E","?","T","R","$","M","R","M","R","BOSS","M","?","M","?","$","R","E","M","T","E","R","M","?","M","R","BOSS","M","M"],"build_version":"2018-11-15","purchased_purges":2,"victory":false,"max_hp_per_floor":[82,76,76,76,76,76,76,76,76,76,76,76,76,76,76,76,76,76,76,76,86,86,86,86,86,86,86,86,86,86,86,86,86,86,86,86],"card_choices":[{"not_picked":["Lockon","Stack"],"picked":"Beam Cell","floor":1},{"not_picked":["Go for the Eyes","Leap"],"picked":"Reinforced Body","floor":3},{"not_picked":["Skim","Cold Snap"],"picked":"Conserve Battery","floor":4},{"not_picked":["Beam Cell","Sweeping Beam"],"picked":"Capacitor","floor":5},{"not_picked":["Loop","Streamline"],"picked":"Skim","floor":7},{"not_picked":["Stack","Go for the Eyes+1"],"picked":"Cold Snap+1","floor":12},{"not_picked":["Fission","Redo"],"picked":"Cold Snap+1","floor":14},{"not_picked":["Hyperbeam+1","Meteor Strike+1"],"picked":"Core Surge+1","floor":16},{"not_picked":["Turbo","Reinforced Body"],"picked":"Ball Lightning+1","floor":17},{"not_picked":["Self Repair","Hologram"],"picked":"Go for the Eyes+1","floor":17},{"not_picked":["Chaos","Darkness"],"picked":"Barrage+1","floor":18},{"not_picked":["Darkness","Compile Driver+1"],"picked":"Glacier","floor":19},{"not_picked":["Hologram+1","Hello World+1"],"picked":"Sweeping Beam+1","floor":20},{"not_picked":["Genetic Algorithm+1","Redo","Conserve Battery"],"picked":"SKIP","floor":24},{"not_picked":["Gash+1","Streamline+1","Hyperbeam+1"],"picked":"SKIP","floor":25},{"not_picked":["Recycle","Thunder Strike+1"],"picked":"Blizzard+1","floor":27},{"not_picked":["Redo","Turbo","Stack"],"picked":"SKIP","floor":29},{"not_picked":["Gash+1","Skim"],"picked":"Tempest","floor":30},{"not_picked":["Recycle","Rebound+1","Ball Lightning+1"],"picked":"SKIP","floor":31},{"not_picked":["Streamline+1","Blizzard+1"],"picked":"Steam+1","floor":35}],"player_experience":167091,"relics_obtained":[{"floor":7,"key":"War Paint"},{"floor":9,"key":"Molten Egg 2"},{"floor":19,"key":"Red Mask"},{"floor":24,"key":"Ginger"},{"floor":26,"key":"Ancient Tea Set"},{"floor":27,"key":"Bottled Flame"}],"event_choices":[{"damage_healed":0,"gold_gain":0,"player_choice":"Lose Max HP","damage_taken":0,"relics_obtained":["Golden Idol"],"max_hp_gain":0,"max_hp_loss":6,"event_name":"Golden Idol","floor":2,"gold_loss":0},{"damage_healed":0,"gold_gain":0,"player_choice":"Upgraded","damage_taken":0,"max_hp_gain":0,"max_hp_loss":0,"event_name":"Upgrade Shrine","floor":8,"gold_loss":0,"cards_upgraded":["Conserve Battery"]},{"damage_healed":0,"gold_gain":0,"player_choice":"Fought Bandits","damage_taken":0,"max_hp_gain":0,"max_hp_loss":0,"event_name":"Masked Bandits","floor":19,"gold_loss":0},{"damage_healed":0,"gold_gain":0,"player_choice":"Obtained Relic","damage_taken":0,"relics_obtained":["Pear"],"max_hp_gain":0,"max_hp_loss":0,"event_name":"Addict","floor":21,"gold_loss":85}],"is_beta":false,"boss_relics":[{"not_picked":["Runic Pyramid","Calling Bell"],"picked":"Orrery"},{"not_picked":["Philosopher\u0027s Stone","Eternal Feather"],"picked":"White Beast Statue"}],"items_purged_floors":[11,22],"is_endless":false,"potions_floor_spawned":[3,5,12,14,16,19,20,29,33,35],"killed_by":"3 Darklings","ascension_level":1}