{"gold_per_floor":[113,129,144,13,0,32,32,132,132,167,183,195,205,205,205,307,307,290,308,323,238,40,40,74,74,74,74,6,6,6,6,6,107,107,127,143,0,16,27,27,44,44,90,113,125,137,149,161,173,185],"floor_reached":50,"playtime":4268,"items_purged":[],"score":619,"play_id":"9bd49bc4-bbc3-4e93-9143-a8e5fb9d1a2d","local_time":"20180930014637","is_ascension_mode":true,"campfire_choices":[{"data":"Footwork","floor":7.0,"key":"SMITH"},{"floor":15.0,"key":"REST"},{"data":"After Image","floor":23.0,"key":"SMITH"},{"data":"Leg Sweep","floor":27.0,"key":"SMITH"},{"floor":29.0,"key":"REST"},{"floor":32.0,"key":"REST"},{"floor":40.0,"key":"REST"},{"data":"Burst","floor":42.0,"key":"SMITH"},{"floor":49.0,"key":"REST"}],"neow_cost":"","seed_source_timestamp":1493444086593486,"circlet_count":0,"master_deck":["Defend_G","Defend_G","Defend_G","Defend_G","Defend_G","Strike_G","Survivor","Neutralize","Deadly Poison","Dodge and Roll","Calculated Gamble","Footwork+1","PiercingWail","Burst+1","A Thousand Cuts","Footwork","After Image+1","Predator+1","Crippling Poison+1","Corpse Explosion+1","Cloak And Dagger+1","Leg Sweep+1","Dash","Well Laid Plans+1","Terror","Envenom+1","Bane"],"special_seed":0,"relics":["Ring of the Snake","Singing Bowl","Question Card","Blood Vial","Astrolabe","Pen Nib","TwistedFunnel","Snake Skull","Frozen Egg 2","Enchiridion","Black Star","Red Mask","MawBank"],"potions_floor_usage":[50],"damage_taken":[{"damage":1.0,"enemies":"Small Slimes","floor":1.0,"turns":3.0},{"damage":3.0,"enemies":"Cultist","floor":2.0,"turns":5.0},{"damage":0.0,"enemies":"2 Louse","floor":3.0,"turns":4.0},{"damage":1.0,"enemies":"Looter","floor":5.0,"turns":4.0},{"damage":17.0,"enemies":"Lagavulin","floor":6.0,"turns":11.0},{"damage":41.0,"enemies":"Gremlin Nob","floor":10.0,"turns":5.0},{"damage":0.0,"enemies":"Blue Slaver","floor":11.0,"turns":7.0},{"damage":0.0,"enemies":"Large Slime","floor":12.0,"turns":8.0},{"damage":0.0,"enemies":"2 Fungi Beasts","floor":13.0,"turns":6.0},{"damage":28.0,"enemies":"The Guardian","floor":16.0,"turns":15.0},{"damage":11.0,"enemies":"2 Thieves","floor":18.0,"turns":4.0},{"damage":17.0,"enemies":"Spheric Guardian","floor":19.0,"turns":12.0},{"damage":0.0,"enemies":"3 Cultists","floor":20.0,"turns":2.0},{"damage":10.0,"enemies":"Slavers","floor":24.0,"turns":3.0},{"damage":45.0,"enemies":"Collector","floor":33.0,"turns":8.0},{"damage":5.0,"enemies":"3 Shapes","floor":35.0,"turns":3.0},{"damage":32.0,"enemies":"3 Darklings","floor":36.0,"turns":8.0},{"damage":19.0,"enemies":"Spire Growth","floor":38.0,"turns":7.0},{"damage":10.0,"enemies":"4 Shapes","floor":39.0,"turns":8.0},{"damage":14.0,"enemies":"Maw","floor":41.0,"turns":9.0},{"damage":11.0,"enemies":"3 Darklings","floor":44.0,"turns":5.0},{"damage":67,"enemies":"Donu and Deca","floor":50,"turns":10}],"seed_played":"4944893704171614588","potions_obtained":[{"floor":2.0,"key":"Fire Potion"},{"floor":3.0,"key":"PowerPotion"},{"floor":10.0,"key":"EssenceOfSteel"},{"floor":12.0,"key":"Block Potion"},{"floor":13.0,"key":"LiquidBronze"},{"floor":20.0,"key":"Fire Potion"},{"floor":33.0,"key":"Strength Potion"},{"floor":38.0,"key":"SkillPotion"}],"is_trial":false,"path_per_floor":["M","M","M","$","M","E","R","?","T","E","M","M","M","?","R","B",null,"M","M","M","?","$","R","E","?","T","R","$","R","?","?","R","B",null,"M","M","?","M","M","R","M","R","T","M","?","?","$","?","R"],"character_chosen":"THE_SILENT","items_purchased":["Footwork","PiercingWail","TwistedFunnel","Well Laid Plans+1"],"campfire_rested":5,"item_purchase_floors":[4,4,22,28],"current_hp_per_floor":[69,66,66,66,65,48,48,48,48,7,9,13,17,17,39,13,74,63,48,50,50,50,50,42,28,28,28,28,51,51,35,58,15,79,76,48,48,33,27,53,43,43,43,36,36,36,36,36,63,0],"gold":185,"neow_bonus":"","is_prod":false,"is_daily":false,"chose_seed":false,"campfire_upgraded":4,"win_rate":0,"timestamp":1538286397,"path_taken":["M","M","M","$","M","E","R","?","T","E","M","M","?","?","R","BOSS","M","M","M","?","$","R","E","?","T","R","$","R","?","?","R","BOSS","M","M","?","M","M","R","M","R","T","M","?","?","$","?","R","BOSS"],"build_version":"2018-09-27","purchased_purges":0,"victory":false,"max_hp_per_floor":[70,70,70,70,70,70,70,70,70,70,70,72,74,74,74,74,74,74,74,74,74,74,74,74,79,79,79,79,79,79,79,79,79,79,81,83,83,85,87,87,89,89,89,91,91,91,91,91,91,91],"card_choices":[{"not_picked":["Blade Dance","Poisoned Stab"],"picked":"Deadly Poison","floor":1.0},{"not_picked":["Calculated Gamble","Deadly Poison"],"picked":"Dodge and Roll","floor":2.0},{"not_picked":["Poisoned Stab","Distraction"],"picked":"Calculated Gamble","floor":3.0},{"not_picked":["Blade Dance","Masterful Stab","Calculated Gamble"],"picked":"SKIP","floor":5.0},{"not_picked":["Sucker Punch","Riddle With Holes"],"picked":"Burst","floor":6.0},{"not_picked":["Outmaneuver","Acrobatics","Deadly Poison"],"picked":"A Thousand Cuts","floor":10.0},{"not_picked":["Backflip","All Out Attack","Blade Dance"],"picked":"Footwork","floor":11.0},{"not_picked":["All Out Attack","Deflect","Poisoned Stab","Deadly Poison"],"picked":"Singing Bowl","floor":12.0},{"not_picked":["Dagger Spray","Dodge and Roll","Bane","Poisoned Stab"],"picked":"Singing Bowl","floor":13.0},{"not_picked":["Phantasmal Killer","Night Terror","Burst"],"picked":"After Image","floor":16.0},{"not_picked":["Outmaneuver+1","Dagger Throw","Flying Knee+1"],"picked":"Cloak And Dagger+1","floor":18.0},{"not_picked":["Accuracy+1","Endless Agony","Outmaneuver+1"],"picked":"Backstab","floor":19.0},{"not_picked":["Bane","Bouncing Flask+1","Blur"],"picked":"Leg Sweep","floor":20.0},{"not_picked":["Die Die Die","Blade Dance","Acrobatics"],"picked":"Dash","floor":24.0},{"not_picked":["Unload","Corpse Explosion","Wraith Form v2+1"],"picked":"Envenom+1","floor":33.0},{"not_picked":["Flying Knee+1","Reflex+1","Deflect","Caltrops+1"],"picked":"Singing Bowl","floor":35.0},{"not_picked":["Quick Slash","Masterful Stab+1","Bane","Blade Dance+1"],"picked":"Singing Bowl","floor":36.0},{"not_picked":["Skewer+1","Predator+1","Cloak And Dagger+1","Dodge and Roll+1"],"picked":"Singing Bowl","floor":38.0},{"not_picked":["Dodge and Roll+1","Backflip+1","Expertise","Cloak And Dagger"],"picked":"Singing Bowl","floor":39.0},{"not_picked":["Expertise+1","Blade Dance+1","Venomology","Flechettes+1"],"picked":"Singing Bowl","floor":41.0},{"not_picked":["Bouncing Flask","Cloak And Dagger","Deadly Poison","Eviscerate"],"picked":"Singing Bowl","floor":44.0}],"player_experience":86059,"relics_obtained":[{"floor":6.0,"key":"Singing Bowl"},{"floor":9.0,"key":"Question Card"},{"floor":10.0,"key":"Blood Vial"},{"floor":24.0,"key":"Snake Skull"},{"floor":26.0,"key":"Frozen Egg 2"},{"floor":31.0,"key":"Enchiridion"},{"floor":43.0,"key":"MawBank"}],"event_choices":[{"event_name":"Wheel of Change","player_choice":"Gold","floor":8.0,"damage_taken":0.0},{"event_name":"Shining Light","player_choice":"Ignored","floor":14.0,"damage_taken":0.0},{"event_name":"Addict","player_choice":"Obtained Relic","floor":21.0,"damage_taken":0.0},{"event_name":"Forgotten Altar","player_choice":"Shed Blood","floor":25.0,"damage_taken":0.0},{"event_name":"The Library","player_choice":"Read","floor":30.0,"damage_taken":0.0},{"event_name":"Cursed Tome","player_choice":"Obtained Book","floor":31.0,"damage_taken":0.0},{"event_name":"Tomb of Lord Red Mask","player_choice":"Paid","floor":37.0,"damage_taken":0.0},{"event_name":"Transmorgrifier","player_choice":"Transform","floor":45.0,"damage_taken":0.0},{"event_name":"Falling","player_choice":"Removed Attack","floor":46.0,"damage_taken":0.0},{"event_name":"Mysterious Sphere","player_choice":"Ignore","floor":48.0,"damage_taken":0.0}],"is_beta":false,"boss_relics":[{"not_picked":["Ectoplasm","Runic Pyramid"],"picked":"Astrolabe"},{"not_picked":["Calling Bell","Coffee Dripper"],"picked":"Black Star"}],"items_purged_floors":[],"is_endless":false,"potions_floor_spawned":[2,3,10,12,13,20,33,38],"killed_by":"Donu and Deca","ascension_level":4}