{"gold_per_floor":[116,116,116,71,85,85,117,117,142,155,80,93,104,122,122,199,199,215,234,234],"floor_reached":20,"playtime":1060,"items_purged":["Strike_B"],"score":299,"play_id":"21d5ddb2-7516-4c4e-8c05-ae036d3ec0f2","local_time":"20190314124808","is_ascension_mode":true,"campfire_choices":[{"data":"Genetic Algorithm","floor":6,"key":"SMITH"},{"data":"Zap","floor":8,"key":"SMITH"},{"data":"White Noise","floor":15,"key":"SMITH"}],"neow_cost":"NONE","seed_source_timestamp":20676789304795,"circlet_count":0,"master_deck":["AscendersBane","Defend_B","Defend_B","Defend_B","Defend_B","Zap+1","Dualcast","Electrodynamics","Capacitor+1","Hologram","Genetic Algorithm+1","White Noise+1","Auto Shields","Self Repair","Core Surge","Thunder Strike+1","Hyperbeam+1","Lockon+1","Hologram+1","BootSequence"],"relics":["Cracked Core","Meat on the Bone","Ancient Tea Set","Astrolabe"],"potions_floor_usage":[7],"damage_taken":[{"damage":0,"enemies":"Small Slimes","floor":1,"turns":2},{"damage":9,"enemies":"Jaw Worm","floor":5,"turns":4},{"damage":19,"enemies":"3 Sentries","floor":7,"turns":4},{"damage":5,"enemies":"Cultist","floor":10,"turns":4},{"damage":6,"enemies":"Large Slime","floor":12,"turns":5},{"damage":14,"enemies":"Looter","floor":13,"turns":3},{"damage":7,"enemies":"Red Slaver","floor":14,"turns":4},{"damage":51,"enemies":"Hexaghost","floor":16,"turns":10},{"damage":29,"enemies":"Shell Parasite","floor":18,"turns":5},{"damage":1,"enemies":"Chosen","floor":19,"turns":4},{"damage":50,"enemies":"Snake Plant","floor":20,"turns":5}],"seed_played":"-2561027105477719842","potions_obtained":[{"floor":1,"key":"Energy Potion"},{"floor":14,"key":"FocusPotion"},{"floor":16,"key":"SteroidPotion"}],"is_trial":false,"path_per_floor":["M","?","?","$","M","R","E","R","T","M","$","M","M","M","R","B",null,"M","M","M"],"character_chosen":"DEFECT","items_purchased":["Hologram"],"campfire_rested":0,"item_purchase_floors":[4],"current_hp_per_floor":[64,64,64,64,55,55,36,36,36,43,43,37,42,54,54,22,59,49,48,0],"gold":234,"neow_bonus":"ONE_RANDOM_RARE_CARD","is_prod":false,"is_daily":false,"chose_seed":false,"campfire_upgraded":3,"win_rate":0,"timestamp":1552520888,"path_taken":["M","?","?","$","M","R","E","R","T","M","?","M","M","M","R","BOSS","M","?","M"],"build_version":"2019-01-23","purchased_purges":1,"victory":false,"max_hp_per_floor":[71,71,71,71,71,71,71,71,71,71,71,71,71,71,71,71,71,71,71,71],"card_choices":[{"not_picked":["Steam","Steam Power"],"picked":"Capacitor","floor":1},{"not_picked":["Turbo","Barrage"],"picked":"Genetic Algorithm","floor":5},{"not_picked":["Beam Cell","Hologram"],"picked":"White Noise","floor":7},{"not_picked":["Gash","Turbo"],"picked":"Auto Shields","floor":10},{"not_picked":["Stack","Beam Cell"],"picked":"Self Repair","floor":12},{"not_picked":["Turbo","Cold Snap","Heatsinks"],"picked":"SKIP","floor":13},{"not_picked":["Blizzard","Steam","Amplify"],"picked":"SKIP","floor":14},{"not_picked":["All For One","Meteor Strike"],"picked":"Core Surge","floor":16},{"not_picked":["Redo","Steam"],"picked":"Hologram+1","floor":18},{"not_picked":["Go for the Eyes+1","Hologram"],"picked":"BootSequence","floor":19}],"player_experience":304016,"relics_obtained":[{"floor":7,"key":"Meat on the Bone"},{"floor":9,"key":"Ancient Tea Set"}],"event_choices":[{"damage_healed":0,"gold_gain":0,"player_choice":"Ignored","damage_taken":0,"max_hp_gain":0,"max_hp_loss":0,"event_name":"Liars Game","floor":2,"gold_loss":0},{"damage_healed":0,"gold_gain":0,"player_choice":"Grow","damage_taken":0,"max_hp_gain":0,"max_hp_loss":0,"event_name":"Living Wall","floor":3,"gold_loss":0,"cards_upgraded":["Capacitor"]}],"is_beta":false,"boss_relics":[{"not_picked":["Tiny House","Black Star"],"picked":"Astrolabe"}],"items_purged_floors":[11],"is_endless":false,"potions_floor_spawned":[1,14,16],"killed_by":"Snake Plant","ascension_level":14}