{"gold_per_floor":[114,114,133,148,160,187,187,187,187,187],"floor_reached":10,"playtime":309,"items_purged":[],"score":71,"play_id":"9768fcec-e14f-439e-9268-5026cda157d6","local_time":"20181205170532","is_ascension_mode":true,"campfire_choices":[{"data":"Streamline","floor":8,"key":"SMITH"}],"neow_cost":"NONE","seed_source_timestamp":1886088798109501,"circlet_count":0,"master_deck":["Strike_B","Strike_B","Strike_B","Strike_B","Defend_B","Defend_B","Defend_B","Defend_B","Zap","Go for the Eyes","Melter","Streamline+1","Ball Lightning","Gash"],"relics":["Cracked Core","NeowsBlessing","Smiling Mask","Mercury Hourglass","Molten Egg 2"],"potions_floor_usage":[],"damage_taken":[{"damage":0,"enemies":"Small Slimes","floor":1,"turns":1},{"damage":0,"enemies":"Cultist","floor":3,"turns":1},{"damage":0,"enemies":"2 Louse","floor":4,"turns":1},{"damage":11,"enemies":"2 Fungi Beasts","floor":5,"turns":3},{"damage":29,"enemies":"3 Sentries","floor":6,"turns":7},{"damage":3,"enemies":"Gremlin Gang","floor":10,"turns":2}],"seed_played":"-931075730297949243","potions_obtained":[{"floor":5,"key":"FairyPotion"},{"floor":6,"key":"Ancient Potion"}],"is_trial":false,"path_per_floor":["M","?","M","M","M","E","?","R","T","M"],"character_chosen":"DEFECT","items_purchased":[],"campfire_rested":0,"item_purchase_floors":[],"current_hp_per_floor":[75,75,75,75,64,35,35,35,35,32],"gold":187,"neow_bonus":"THREE_ENEMY_KILL","is_prod":false,"is_daily":false,"chose_seed":false,"campfire_upgraded":1,"win_rate":0,"timestamp":1544051132,"path_taken":["M","?","?","M","M","E","?","R","T","M"],"build_version":"2018-11-15","purchased_purges":0,"victory":false,"max_hp_per_floor":[75,75,75,75,75,75,75,75,75,75],"card_choices":[{"not_picked":["Sweeping Beam","Stack"],"picked":"Go for the Eyes","floor":1},{"not_picked":["Reinforced Body","Blizzard"],"picked":"Melter","floor":3},{"not_picked":["Fission","Cold Snap"],"picked":"Streamline","floor":4},{"not_picked":["Capacitor","Coolheaded"],"picked":"Ball Lightning","floor":5},{"not_picked":["Cold Snap","Storm"],"picked":"Gash","floor":6}],"player_experience":228468,"relics_obtained":[{"floor":6,"key":"Smiling Mask"},{"floor":9,"key":"Molten Egg 2"}],"event_choices":[{"cards_removed":["Dualcast"],"damage_healed":0,"gold_gain":0,"player_choice":"Purged","damage_taken":0,"max_hp_gain":0,"max_hp_loss":0,"event_name":"Purifier","floor":2,"gold_loss":0},{"damage_healed":0,"gold_gain":0,"player_choice":"Searched \u00271\u0027 times","damage_taken":0,"relics_obtained":["Mercury Hourglass"],"max_hp_gain":0,"max_hp_loss":0,"event_name":"Dead Adventurer","floor":7,"gold_loss":0}],"is_beta":false,"boss_relics":[],"items_purged_floors":[],"is_endless":false,"potions_floor_spawned":[5,6],"killed_by":"Gremlin Gang","ascension_level":1}