{"gold_per_floor":[116,116,131,131,131,131,165,177,223,243,270,290,290,352,352,451,451,463,388,388,401,180,180,206,206,206,224,18,18,37,54,54,155,155,167,167,183,283,283,283,12,12,67,67,78,78,108,86,86,86],"floor_reached":51,"playtime":3396,"items_purged":["Strike_G"],"score":941,"play_id":"2e4e3403-33da-4bcc-a480-aa75a9131242","local_time":"20190101143655","is_ascension_mode":true,"campfire_choices":[{"data":"Neutralize","floor":6,"key":"SMITH"},{"data":"Dodge and Roll","floor":13,"key":"SMITH"},{"floor":15,"key":"REST"},{"data":"After Image","floor":23,"key":"SMITH"},{"data":"Catalyst","floor":25,"key":"SMITH"},{"data":"Blade Dance","floor":29,"key":"SMITH"},{"data":"Dark Shackles","floor":32,"key":"SMITH"},{"data":"Well Laid Plans","floor":40,"key":"SMITH"},{"data":"Catalyst","floor":42,"key":"SMITH"},{"data":"PanicButton","floor":49,"key":"SMITH"}],"neow_cost":"NONE","seed_source_timestamp":1063861706343116,"circlet_count":0,"master_deck":["Defend_G","Defend_G","Defend_G","Defend_G+1","Defend_G","Strike_G+1","Strike_G","Strike_G","Survivor","Neutralize+1","Deadly Poison","Deadly Poison","Catalyst+1","Dodge and Roll+1","Bouncing Flask","Backflip","Cloak And Dagger","Escape Plan","Dash","Dagger Spray","After Image+1","Deadly Poison+1","Catalyst+1","Acrobatics","Dark Shackles+1","Dash","Poisoned Stab","Blade Dance+1","Night Terror","Well Laid Plans+1","Deadly Poison+1","Master of Strategy","PanicButton+1","Prepared+1","Prepared+1"],"relics":["Eternal Feather","Prayer Wheel","Vajra","Paper Crane","Regal Pillow","Odd Mushroom","Busted Crown","PreservedInsect","Lantern","Question Card","Happy Flower","Black Star","Torii","Juzu Bracelet","Toxic Egg 2","Centennial Puzzle"],"potions_floor_usage":[18,24,24,33,44,50,50],"damage_taken":[{"damage":3,"enemies":"Small Slimes","floor":1,"turns":4},{"damage":4,"enemies":"Jaw Worm","floor":3,"turns":4},{"damage":18,"enemies":"Lagavulin","floor":7,"turns":6},{"damage":0,"enemies":"2 Louse","floor":8,"turns":2},{"damage":0,"enemies":"Large Slime","floor":10,"turns":4},{"damage":9,"enemies":"The Mushroom Lair","floor":11,"turns":6},{"damage":0,"enemies":"3 Louse","floor":12,"turns":3},{"damage":38,"enemies":"Slime Boss","floor":16,"turns":14},{"damage":0,"enemies":"Chosen","floor":18,"turns":4},{"damage":0,"enemies":"3 Byrds","floor":21,"turns":5},{"damage":9,"enemies":"Gremlin Leader","floor":24,"turns":6},{"damage":11,"enemies":"3 Cultists","floor":27,"turns":7},{"damage":5,"enemies":"Shelled Parasite and Fungi","floor":30,"turns":4},{"damage":2,"enemies":"Centurion and Healer","floor":31,"turns":5},{"damage":38,"enemies":"Champ","floor":33,"turns":14},{"damage":19,"enemies":"Orb Walker","floor":35,"turns":4},{"damage":9,"enemies":"3 Shapes","floor":37,"turns":5},{"damage":1,"enemies":"Mind Bloom Boss Battle","floor":38,"turns":6},{"damage":0,"enemies":"3 Darklings","floor":44,"turns":1},{"damage":11,"enemies":"Maw","floor":45,"turns":5},{"damage":0,"enemies":"Nemesis","floor":47,"turns":7},{"damage":36,"enemies":"Awakened One","floor":50,"turns":13}],"seed_played":"6177507750193689995","potions_obtained":[{"floor":7,"key":"PowerPotion"},{"floor":11,"key":"Weak Potion"},{"floor":16,"key":"Block Potion"},{"floor":18,"key":"GhostInAJar"},{"floor":27,"key":"Dexterity Potion"},{"floor":31,"key":"SteroidPotion"},{"floor":35,"key":"SkillPotion"},{"floor":47,"key":"Weak Potion"}],"is_trial":false,"path_per_floor":["M","?","M","?","T","R","E","M","T","M","?","M","R","?","R","B",null,"M","?","?","M","$","R","E","R","T","M","$","R","M","M","R","B",null,"M","?","M","?","?","R","$","R","T","M","M","?","E","$","R","B",null],"character_chosen":"THE_SILENT","items_purchased":["Acrobatics","Dark Shackles","Blade Dance","Happy Flower","Master of Strategy","SmokeBomb","Prepared+1"],"campfire_rested":1,"item_purchase_floors":[22,22,28,28,41,41,48],"current_hp_per_floor":[67,64,60,46,46,55,37,37,37,37,28,28,40,40,70,32,61,61,61,61,61,61,70,61,70,70,59,59,70,65,63,70,32,61,42,42,33,32,32,50,50,68,68,68,57,57,57,57,70,34],"gold":86,"neow_bonus":"BOSS_RELIC","is_prod":false,"is_daily":false,"chose_seed":false,"campfire_upgraded":9,"win_rate":0,"timestamp":1546375015,"path_taken":["M","?","M","?","?","R","E","M","T","M","?","M","R","?","R","BOSS","M","?","?","?","$","R","E","R","T","M","?","R","M","M","R","BOSS","M","?","M","?","?","R","$","R","T","M","M","?","E","$","R","BOSS"],"build_version":"2018-12-20","purchased_purges":1,"victory":true,"max_hp_per_floor":[70,70,70,70,70,70,70,70,70,70,70,70,70,70,70,70,70,70,70,70,70,70,70,70,70,70,70,70,70,70,70,70,70,70,70,70,70,70,70,70,70,70,70,70,70,70,70,70,70,70],"card_choices":[{"not_picked":["Bane","Poisoned Stab"],"picked":"Deadly Poison","floor":1},{"not_picked":["Poisoned Stab","Blade Dance"],"picked":"Deadly Poison","floor":3},{"not_picked":["Bouncing Flask","Accuracy"],"picked":"Cloak And Dagger","floor":3},{"not_picked":["Riddle With Holes","Underhanded Strike"],"picked":"Catalyst","floor":7},{"not_picked":["Bane","Bouncing Flask"],"picked":"Dodge and Roll","floor":8},{"not_picked":["Flying Knee","Escape Plan"],"picked":"Bouncing Flask","floor":8},{"not_picked":["All Out Attack","Die Die Die"],"picked":"Backflip","floor":10},{"not_picked":["Sucker Punch","Slice"],"picked":"Cloak And Dagger","floor":10},{"not_picked":["Slice","Outmaneuver"],"picked":"Escape Plan","floor":11},{"not_picked":["Deflect","Prepared"],"picked":"Dash","floor":12},{"not_picked":["Flechettes","All Out Attack"],"picked":"Dagger Spray","floor":12},{"not_picked":["Doppelganger","Die Die Die"],"picked":"After Image","floor":16},{"not_picked":[],"picked":"Deadly Poison+1","floor":18},{"not_picked":["Dagger Throw"],"picked":"SKIP","floor":18},{"not_picked":[],"picked":"Catalyst","floor":21},{"not_picked":["Outmaneuver"],"picked":"SKIP","floor":21},{"not_picked":["Terror"],"picked":"SKIP","floor":24},{"not_picked":["Dagger Throw"],"picked":"Dash","floor":27},{"not_picked":["Prepared"],"picked":"Poisoned Stab","floor":27},{"not_picked":["Underhanded Strike+1","Outmaneuver+1"],"picked":"SKIP","floor":30},{"not_picked":["Prepared","Dagger Throw"],"picked":"SKIP","floor":30},{"not_picked":["Sucker Punch","Cloak And Dagger"],"picked":"SKIP","floor":31},{"not_picked":["Caltrops","Quick Slash+1"],"picked":"SKIP","floor":31},{"not_picked":["Grand Finale"],"picked":"Night Terror","floor":33},{"not_picked":["Prepared"],"picked":"Well Laid Plans","floor":35},{"not_picked":["Slice","All Out Attack"],"picked":"SKIP","floor":35},{"not_picked":["Well Laid Plans"],"picked":"Deadly Poison+1","floor":37},{"not_picked":["Expertise+1","Poisoned Stab"],"picked":"SKIP","floor":37},{"not_picked":["Night Terror","Slice+1"],"picked":"SKIP","floor":45},{"not_picked":["Dagger Throw","Dash"],"picked":"SKIP","floor":45},{"not_picked":["Impatience"],"picked":"PanicButton","floor":46},{"not_picked":["PiercingWail"],"picked":"Prepared+1","floor":47}],"player_experience":353572,"relics_obtained":[{"floor":5,"key":"Vajra"},{"floor":7,"key":"Paper Crane"},{"floor":9,"key":"Regal Pillow"},{"floor":11,"key":"Odd Mushroom"},{"floor":24,"key":"Lantern"},{"floor":26,"key":"Question Card"},{"floor":38,"key":"Torii"},{"floor":43,"key":"Juzu Bracelet"},{"floor":47,"key":"Toxic Egg 2"},{"floor":47,"key":"Centennial Puzzle"}],"event_choices":[{"damage_healed":0,"gold_gain":0,"player_choice":"Success","damage_taken":3,"relics_obtained":["Prayer Wheel"],"max_hp_gain":0,"max_hp_loss":0,"event_name":"Scrap Ooze","floor":2,"gold_loss":0},{"damage_healed":0,"gold_gain":0,"player_choice":"Entered Light","damage_taken":14,"max_hp_gain":0,"max_hp_loss":0,"event_name":"Shining Light","floor":4,"gold_loss":0,"cards_upgraded":["Strike_G","Defend_G"]},{"damage_healed":0,"gold_gain":0,"player_choice":"Fought Mushrooms","damage_taken":0,"max_hp_gain":0,"max_hp_loss":0,"event_name":"Mushrooms","floor":11,"gold_loss":0},{"damage_healed":0,"gold_gain":62,"player_choice":"Gained Gold","damage_taken":0,"max_hp_gain":0,"max_hp_loss":0,"event_name":"Golden Wing","floor":14,"gold_loss":0},{"cards_removed":["Strike_G"],"damage_healed":0,"gold_gain":0,"player_choice":"Gave Gold","damage_taken":0,"max_hp_gain":0,"max_hp_loss":0,"event_name":"Beggar","floor":19,"gold_loss":75},{"cards_removed":["Cloak And Dagger"],"damage_healed":0,"gold_gain":0,"player_choice":"Gave Card","damage_taken":0,"relics_obtained":["PreservedInsect"],"max_hp_gain":0,"max_hp_loss":0,"event_name":"WeMeetAgain","floor":20,"gold_loss":0},{"damage_healed":0,"gold_gain":0,"player_choice":"Ignored","damage_taken":0,"max_hp_gain":0,"max_hp_loss":0,"event_name":"Mysterious Sphere","floor":36,"gold_loss":0},{"damage_healed":0,"gold_gain":0,"player_choice":"Fight","damage_taken":0,"max_hp_gain":0,"max_hp_loss":0,"event_name":"MindBloom","floor":38,"gold_loss":0},{"damage_healed":0,"gold_gain":0,"player_choice":"Ignored","damage_taken":0,"max_hp_gain":0,"max_hp_loss":0,"event_name":"The Moai Head","floor":39,"gold_loss":0},{"damage_healed":0,"gold_gain":0,"player_choice":"Memory 1","damage_taken":0,"max_hp_gain":0,"max_hp_loss":0,"event_name":"SensoryStone","floor":46,"gold_loss":0}],"is_beta":false,"boss_relics":[{"not_picked":["Philosopher\u0027s Stone","Lizard Tail"],"picked":"Busted Crown"},{"not_picked":["HoveringKite","Orrery"],"picked":"Black Star"}],"items_purged_floors":[22],"is_endless":false,"potions_floor_spawned":[7,11,16,18,27,31,35,47],"ascension_level":5}