{"gold_per_floor":[116,116,127,139,190,223,223,258,258,273,284,284,21,39,39,142,142,158,158,373,385,400,400,400,420,472,472],"floor_reached":27,"playtime":1201,"items_purged":[],"score":281,"play_id":"a8da7fb7-129a-482b-a347-c5b8abd26d44","local_time":"20190101132119","is_ascension_mode":true,"campfire_choices":[{"floor":7,"key":"REST"},{"floor":12,"key":"REST"},{"floor":15,"key":"REST"},{"floor":23,"key":"REST"}],"neow_cost":"NONE","seed_source_timestamp":1061530779182615,"circlet_count":0,"master_deck":["Strike_B","Strike_B","Strike_B","Strike_B","Defend_B","Defend_B","Defend_B","Defend_B","Zap","Dualcast+1","Coolheaded+1","Ball Lightning","Sunder","Ball Lightning","Reinforced Body","Go for the Eyes","Loop","Defragment","Mayhem","Static Discharge","Chaos","Coolheaded","Capacitor","Reprogram","Cold Snap","Storm","Leap+1"],"relics":["Cracked Core","Shuriken","Dream Catcher","Pantograph","Velvet Choker","Old Coin","Orichalcum"],"potions_floor_usage":[25,25,25,27],"damage_taken":[{"damage":8,"enemies":"2 Louse","floor":1,"turns":2},{"damage":0,"enemies":"Small Slimes","floor":3,"turns":4},{"damage":0,"enemies":"Jaw Worm","floor":4,"turns":3},{"damage":35,"enemies":"Gremlin Nob","floor":6,"turns":4},{"damage":25,"enemies":"Lagavulin","floor":8,"turns":5},{"damage":0,"enemies":"Large Slime","floor":10,"turns":4},{"damage":7,"enemies":"Lots of Slimes","floor":11,"turns":3},{"damage":7,"enemies":"Red Slaver","floor":14,"turns":4},{"damage":18,"enemies":"Slime Boss","floor":16,"turns":7},{"damage":8,"enemies":"Spheric Guardian","floor":18,"turns":4},{"damage":26,"enemies":"Chosen","floor":21,"turns":4},{"damage":14,"enemies":"Snecko","floor":22,"turns":5},{"damage":33,"enemies":"Shelled Parasite and Fungi","floor":25,"turns":5},{"damage":7,"enemies":"Slavers","floor":27,"turns":1}],"seed_played":"2441174643587905484","potions_obtained":[{"floor":3,"key":"Swift Potion"},{"floor":4,"key":"Dexterity Potion"},{"floor":6,"key":"GamblersBrew"},{"floor":8,"key":"FocusPotion"},{"floor":22,"key":"SkillPotion"},{"floor":25,"key":"Explosive Potion"}],"is_trial":false,"path_per_floor":["M","?","M","M","?","E","R","E","T","M","M","R","$","M","R","B",null,"M","?","?","M","M","R","?","M","T","E"],"character_chosen":"DEFECT","items_purchased":["Mayhem","Static Discharge"],"campfire_rested":4,"item_purchase_floors":[13,13],"current_hp_per_floor":[74,58,58,58,58,23,47,22,22,22,15,39,39,32,56,63,77,69,69,69,43,29,53,37,4,4,0],"gold":472,"neow_bonus":"TEN_PERCENT_HP_BONUS","is_prod":false,"is_daily":false,"chose_seed":false,"campfire_upgraded":0,"win_rate":0,"timestamp":1546370479,"path_taken":["M","?","M","M","?","E","R","E","T","M","?","R","$","M","R","BOSS","M","?","?","M","M","R","?","M","T","E"],"build_version":"2018-12-20","purchased_purges":0,"victory":false,"max_hp_per_floor":[82,82,82,82,82,82,82,82,82,82,82,82,82,82,82,82,82,82,82,82,82,82,82,87,87,87,87],"card_choices":[{"not_picked":["Hologram","Undo"],"picked":"Coolheaded","floor":1},{"not_picked":["Rainbow","Force Field"],"picked":"Ball Lightning","floor":3},{"not_picked":["Aggregate","BootSequence"],"picked":"Sunder","floor":4},{"not_picked":["Compile Driver","Rebound"],"picked":"Ball Lightning","floor":6},{"not_picked":["Rebound","Skim"],"picked":"Reinforced Body","floor":8},{"not_picked":["Beam Cell","Reprogram"],"picked":"Go for the Eyes","floor":10},{"not_picked":["Auto Shields","Cold Snap"],"picked":"Loop","floor":11},{"not_picked":["Ball Lightning","Chaos"],"picked":"Defragment","floor":12},{"not_picked":["Redo","Gash"],"picked":"Chaos","floor":14},{"not_picked":["Steam","Genetic Algorithm"],"picked":"Coolheaded","floor":15},{"not_picked":["Leap","Stack"],"picked":"Capacitor","floor":18},{"not_picked":["Coolheaded","Streamline"],"picked":"Reprogram","floor":21},{"not_picked":["Streamline","Go for the Eyes"],"picked":"Cold Snap","floor":22},{"not_picked":["Beam Cell+1","Turbo"],"picked":"Storm","floor":23},{"not_picked":["Chill","Turbo"],"picked":"Leap+1","floor":25}],"player_experience":351462,"relics_obtained":[{"floor":6,"key":"Shuriken"},{"floor":8,"key":"Dream Catcher"},{"floor":9,"key":"Pantograph"},{"floor":26,"key":"Orichalcum"}],"event_choices":[{"damage_healed":0,"gold_gain":0,"player_choice":"Entered Light","damage_taken":16,"max_hp_gain":0,"max_hp_loss":0,"event_name":"Shining Light","floor":2,"gold_loss":0,"cards_upgraded":["Coolheaded","Dualcast"]},{"damage_healed":0,"gold_gain":51,"player_choice":"Gained Gold","damage_taken":0,"max_hp_gain":0,"max_hp_loss":0,"event_name":"Golden Wing","floor":5,"gold_loss":0},{"damage_healed":0,"gold_gain":0,"player_choice":"Ignored","damage_taken":0,"max_hp_gain":0,"max_hp_loss":0,"event_name":"The Mausoleum","floor":19,"gold_loss":0},{"damage_healed":0,"gold_gain":0,"player_choice":"Obtained Relic","damage_taken":0,"relics_obtained":["Old Coin"],"max_hp_gain":0,"max_hp_loss":0,"event_name":"Addict","floor":20,"gold_loss":85},{"damage_healed":0,"gold_gain":0,"player_choice":"Shed Blood","damage_taken":21,"max_hp_gain":5,"max_hp_loss":0,"event_name":"Forgotten Altar","floor":24,"gold_loss":0}],"is_beta":false,"boss_relics":[{"not_picked":["Philosopher\u0027s Stone","Black Star"],"picked":"Velvet Choker"}],"items_purged_floors":[],"is_endless":false,"potions_floor_spawned":[3,4,6,8,11,16,18,22,25],"killed_by":"Slavers","ascension_level":5}