{"gold_per_floor":[117,192,209,159,176,205,205,217,217,217,217,217,232,267,267,395,395,415,415,271,295,309,309,343,343,396,412,412],"floor_reached":28,"playtime":1624,"items_purged":["Regret"],"score":247,"play_id":"1b2da44b-938c-4b7b-86ed-f8673ee2f39f","local_time":"20181126214247","is_ascension_mode":false,"campfire_choices":[{"floor":7,"key":"REST"},{"data":"Dodge and Roll","floor":10,"key":"SMITH"},{"floor":12,"key":"REST"},{"data":"Cloak And Dagger","floor":15,"key":"SMITH"},{"floor":23,"key":"REST"},{"floor":25,"key":"REST"}],"neow_cost":"NONE","seed_source_timestamp":1123802934903596,"circlet_count":0,"master_deck":["Defend_G","Defend_G","Defend_G","Defend_G","Defend_G","Strike_G","Strike_G","Strike_G","Strike_G","Survivor","Neutralize","Tools of the Trade","Dagger Spray","Dagger Throw","PiercingWail","Dodge and Roll+1","Noxious Fumes","Cloak And Dagger","Cloak And Dagger+1","Regret","Sucker Punch","Caltrops","Deadly Poison","Dagger Spray+1","Flying Knee","Backstab"],"relics":["Ring of the Snake","Happy Flower","Ninja Scroll","Golden Idol","Bottled Lightning","Calling Bell","Regal Pillow","Paper Crane","Gambling Chip","Spirit Poop","Ornamental Fan","Bag of Preparation"],"potions_floor_usage":[16],"damage_taken":[{"damage":0,"enemies":"Jaw Worm","floor":1,"turns":5},{"damage":5,"enemies":"Small Slimes","floor":3,"turns":3},{"damage":0,"enemies":"2 Louse","floor":5,"turns":2},{"damage":36,"enemies":"3 Sentries","floor":6,"turns":10},{"damage":0,"enemies":"Red Slaver","floor":8,"turns":4},{"damage":0,"enemies":"2 Fungi Beasts","floor":13,"turns":3},{"damage":22,"enemies":"Gremlin Nob","floor":14,"turns":5},{"damage":22,"enemies":"Slime Boss","floor":16,"turns":10},{"damage":2,"enemies":"Chosen","floor":18,"turns":5},{"damage":15,"enemies":"Spheric Guardian","floor":21,"turns":6},{"damage":29,"enemies":"Shelled Parasite and Fungi","floor":22,"turns":7},{"damage":48,"enemies":"Slavers","floor":24,"turns":5},{"damage":19,"enemies":"3 Cultists","floor":27,"turns":5},{"damage":21,"enemies":"Book of Stabbing","floor":28,"turns":4}],"seed_played":"4146122920587789290","potions_obtained":[{"floor":6,"key":"Weak Potion"},{"floor":13,"key":"Explosive Potion"},{"floor":18,"key":"SteroidPotion"},{"floor":24,"key":"GamblersBrew"},{"floor":27,"key":"Swift Potion"}],"is_trial":false,"path_per_floor":["M","?","M","?","M","E","R","M","T","R","?","R","M","E","R","B",null,"M","?","$","M","M","R","E","R","T","M","E"],"character_chosen":"THE_SILENT","items_purchased":["Caltrops"],"campfire_rested":4,"item_purchase_floors":[20],"current_hp_per_floor":[70,59,54,54,54,18,39,39,39,39,39,58,58,36,36,14,65,63,63,63,48,19,53,5,39,39,20,0],"gold":412,"neow_bonus":"ONE_RANDOM_RARE_CARD","is_prod":false,"is_daily":false,"chose_seed":false,"campfire_upgraded":2,"win_rate":0,"timestamp":1543290167,"path_taken":["M","?","M","?","M","E","R","M","T","R","?","R","M","E","R","BOSS","M","?","$","M","M","R","E","R","T","?","E"],"build_version":"2018-11-15","purchased_purges":1,"victory":false,"max_hp_per_floor":[70,70,70,70,70,70,70,70,70,70,65,65,65,65,65,65,65,65,65,65,65,65,65,65,65,65,65,65],"card_choices":[{"not_picked":["Blade Dance","Bouncing Flask"],"picked":"Dagger Spray","floor":1},{"not_picked":["Acrobatics","Underhanded Strike"],"picked":"Dagger Throw","floor":3},{"not_picked":["Eviscerate","Outmaneuver"],"picked":"PiercingWail","floor":5},{"not_picked":["Night Terror","Outmaneuver"],"picked":"Dodge and Roll","floor":6},{"not_picked":["Outmaneuver","Poisoned Stab"],"picked":"Noxious Fumes","floor":8},{"not_picked":["Poisoned Stab","Dagger Spray"],"picked":"Cloak And Dagger","floor":13},{"not_picked":["Bouncing Flask","Poisoned Stab"],"picked":"Cloak And Dagger","floor":14},{"not_picked":["Prepared","Dagger Throw"],"picked":"Sucker Punch","floor":18},{"not_picked":["Deflect","Blur"],"picked":"Deadly Poison","floor":21},{"not_picked":["Dodge and Roll+1","Terror"],"picked":"Dagger Spray+1","floor":22},{"not_picked":["Doppelganger","Dodge and Roll+1"],"picked":"Flying Knee","floor":24},{"not_picked":["Blade Dance","Masterful Stab"],"picked":"Backstab","floor":27}],"player_experience":125279,"relics_obtained":[{"floor":6,"key":"Happy Flower"},{"floor":9,"key":"Ninja Scroll"},{"floor":14,"key":"Bottled Lightning"},{"floor":17,"key":"Regal Pillow"},{"floor":17,"key":"Paper Crane"},{"floor":17,"key":"Gambling Chip"},{"floor":24,"key":"Ornamental Fan"},{"floor":26,"key":"Bag of Preparation"}],"event_choices":[{"damage_healed":0,"gold_gain":75,"player_choice":"Gather Gold","damage_taken":11,"max_hp_gain":0,"max_hp_loss":0,"event_name":"World of Goop","floor":2,"gold_loss":0},{"cards_removed":["Strike_G"],"damage_healed":0,"gold_gain":0,"player_choice":"Card Removal","damage_taken":0,"max_hp_gain":0,"max_hp_loss":0,"event_name":"The Cleric","floor":4,"gold_loss":50},{"damage_healed":0,"gold_gain":0,"player_choice":"Lose Max HP","damage_taken":0,"relics_obtained":["Golden Idol"],"max_hp_gain":0,"max_hp_loss":5,"event_name":"Golden Idol","floor":11,"gold_loss":0},{"cards_removed":["Normality"],"damage_healed":0,"gold_gain":0,"player_choice":"Offered Curse","damage_taken":0,"relics_obtained":["Spirit Poop"],"max_hp_gain":0,"max_hp_loss":0,"event_name":"Bonfire Elementals","floor":19,"gold_loss":0}],"is_beta":false,"boss_relics":[{"not_picked":["White Beast Statue","Ectoplasm"],"picked":"Calling Bell"}],"items_purged_floors":[20],"is_endless":false,"potions_floor_spawned":[6,13,18,24,27],"killed_by":"Book of Stabbing","ascension_level":0}