{"gold_per_floor":[116,133,133,0,0,0,28,44,44,119,119,136,136,136,136,136],"floor_reached":16,"playtime":733,"items_purged":[],"score":118,"play_id":"7c09019b-748f-42c0-9bfa-7096dfe11dc6","local_time":"20190131161013","is_ascension_mode":true,"campfire_choices":[{"data":"A Thousand Cuts","floor":6,"key":"SMITH"},{"floor":11,"key":"REST"},{"data":"Footwork","floor":13,"key":"SMITH"},{"data":"After Image","floor":15,"key":"SMITH"}],"neow_cost":"NONE","seed_source_timestamp":609215462908766,"circlet_count":0,"master_deck":["Defend_G","Defend_G","Defend_G","Defend_G","Defend_G","Strike_G","Strike_G","Strike_G","Survivor","Neutralize","A Thousand Cuts+1","Acrobatics","After Image+1","Backflip","Footwork+1","Leg Sweep","Blur","PiercingWail"],"relics":["Ring of the Snake","Tingsha","Tough Bandages"],"potions_floor_usage":[12],"damage_taken":[{"damage":1,"enemies":"2 Louse","floor":1,"turns":3},{"damage":13,"enemies":"Jaw Worm","floor":2,"turns":4},{"damage":30,"enemies":"3 Sentries","floor":7,"turns":8},{"damage":0,"enemies":"Small Slimes","floor":8,"turns":3},{"damage":2,"enemies":"3 Louse","floor":12,"turns":4},{"damage":27,"enemies":"Hexaghost","floor":16,"turns":19}],"seed_played":"-8773873303700968678","potions_obtained":[{"floor":1,"key":"Strength Potion"},{"floor":8,"key":"PowerPotion"}],"is_trial":false,"path_per_floor":["M","M","?","$","?","R","E","M","T","?","R","M","R","?","R","B"],"character_chosen":"THE_SILENT","items_purchased":["Backflip","Footwork"],"campfire_rested":1,"item_purchase_floors":[4,4],"current_hp_per_floor":[69,56,49,49,49,49,19,19,19,8,29,27,27,27,27,0],"gold":136,"neow_bonus":"ONE_RANDOM_RARE_CARD","is_prod":false,"is_daily":false,"chose_seed":false,"campfire_upgraded":3,"win_rate":0,"timestamp":1548972613,"path_taken":["M","M","?","$","?","R","E","M","T","?","R","M","R","?","R","BOSS"],"build_version":"2019-01-23","purchased_purges":0,"victory":false,"max_hp_per_floor":[70,70,70,70,70,70,70,70,70,70,70,70,70,70,70,70],"card_choices":[{"not_picked":["Accuracy","Underhanded Strike"],"picked":"Acrobatics","floor":1},{"not_picked":["Acrobatics","Dodge and Roll"],"picked":"After Image","floor":2},{"not_picked":["Blade Dance","Accuracy"],"picked":"Leg Sweep","floor":7},{"not_picked":["Caltrops","Quick Slash"],"picked":"Blur","floor":8},{"not_picked":["Sucker Punch","Prepared"],"picked":"PiercingWail","floor":12}],"player_experience":75095,"relics_obtained":[{"floor":7,"key":"Tingsha"},{"floor":9,"key":"Tough Bandages"}],"event_choices":[{"cards_removed":["Strike_G"],"damage_healed":0,"gold_gain":0,"player_choice":"Card Removal","damage_taken":7,"max_hp_gain":0,"max_hp_loss":0,"event_name":"Golden Wing","floor":3,"gold_loss":0},{"damage_healed":0,"gold_gain":0,"player_choice":"Fled","damage_taken":0,"max_hp_gain":0,"max_hp_loss":0,"event_name":"Scrap Ooze","floor":5,"gold_loss":0},{"damage_healed":0,"gold_gain":75,"player_choice":"Gather Gold","damage_taken":11,"max_hp_gain":0,"max_hp_loss":0,"event_name":"World of Goop","floor":10,"gold_loss":0},{"cards_removed":["Strike_G"],"damage_healed":0,"gold_gain":0,"player_choice":"Forget","damage_taken":0,"max_hp_gain":0,"max_hp_loss":0,"event_name":"Living Wall","floor":14,"gold_loss":0}],"is_beta":false,"boss_relics":[],"items_purged_floors":[],"is_endless":false,"potions_floor_spawned":[1,8],"killed_by":"Hexaghost","ascension_level":4}