{"gold_per_floor":[109,109,120,82,93,128,128,128,151,178,78,78,78,110,110,209,209,221,521,538,549,559,559,591,591,642,676,689,705,705,718,718,819,819,831,484,501,35,35,62,114,149,174,274,274,288,46,62,62,62],"floor_reached":51,"playtime":3094,"items_purged":["Strike_R","Strike_R"],"score":906,"play_id":"200341f2-78c5-477d-8c61-1d652cc81ac5","local_time":"20190101164030","is_ascension_mode":true,"campfire_choices":[{"data":"Infernal Blade","floor":7,"key":"SMITH"},{"floor":13,"key":"REST"},{"data":"Demon Form","floor":15,"key":"SMITH"},{"floor":23,"key":"REST"},{"floor":25,"key":"REST"},{"floor":32,"key":"REST"},{"floor":49,"key":"RECALL"}],"neow_cost":"NONE","seed_source_timestamp":1071575801151938,"circlet_count":0,"master_deck":["Strike_R","Defend_R+1","Defend_R","Defend_R","Defend_R","Bash","Carnage+1","Spot Weakness+1","Armaments","Infernal Blade+1","Intimidate","Twin Strike","Demon Form+1","Reaper","Whirlwind+1","Ghostly Armor","Pummel+1","Pommel Strike+1","Infernal Blade+1","Pommel Strike+1","Battle Trance","Shrug It Off","Pummel+1","Metallicize","Metallicize","Power Through","PanicButton","Armaments","Twin Strike+1","Mayhem","Warcry+1","Flame Barrier+1","Armaments+1","Pommel Strike+1"],"relics":["Burning Blood","NeowsBlessing","Oddly Smooth Stone","Centennial Puzzle","War Paint","Bird Faced Urn","Regal Pillow","Fusion Hammer","Old Coin","Molten Egg 2","Potion Belt","Nunchaku","Empty Cage","Lantern","Kunai","Omamori","Dream Catcher","Pen Nib","Incense Burner","Shuriken"],"potions_floor_usage":[20,21,27,40,42,42,42,44,50],"damage_taken":[{"damage":0,"enemies":"Small Slimes","floor":1,"turns":1},{"damage":0,"enemies":"Cultist","floor":3,"turns":1},{"damage":0,"enemies":"2 Louse","floor":5,"turns":1},{"damage":25,"enemies":"3 Sentries","floor":6,"turns":6},{"damage":19,"enemies":"Lagavulin","floor":10,"turns":4},{"damage":15,"enemies":"Gremlin Nob","floor":14,"turns":3},{"damage":16,"enemies":"Slime Boss","floor":16,"turns":7},{"damage":3,"enemies":"Shell Parasite","floor":18,"turns":5},{"damage":0,"enemies":"3 Byrds","floor":20,"turns":3},{"damage":16,"enemies":"Shelled Parasite and Fungi","floor":21,"turns":4},{"damage":40,"enemies":"Sentry and Sphere","floor":22,"turns":5},{"damage":34,"enemies":"Slavers","floor":24,"turns":3},{"damage":38,"enemies":"Gremlin Leader","floor":27,"turns":5},{"damage":22,"enemies":"Snake Plant","floor":28,"turns":5},{"damage":1,"enemies":"Centurion and Healer","floor":29,"turns":4},{"damage":3,"enemies":"Chosen and Byrds","floor":31,"turns":3},{"damage":80,"enemies":"Automaton","floor":33,"turns":10},{"damage":32,"enemies":"3 Darklings","floor":35,"turns":4},{"damage":0,"enemies":"Orb Walker","floor":37,"turns":3},{"damage":12,"enemies":"Reptomancer","floor":40,"turns":5},{"damage":67,"enemies":"Giant Head","floor":42,"turns":9},{"damage":3,"enemies":"Mind Bloom Boss Battle","floor":44,"turns":6},{"damage":13,"enemies":"Transient","floor":46,"turns":5},{"damage":9,"enemies":"4 Shapes","floor":48,"turns":5},{"damage":60,"enemies":"Donu and Deca","floor":50,"turns":7}],"seed_played":"-8636081980467192089","potions_obtained":[{"floor":1,"key":"FairyPotion"},{"floor":3,"key":"Explosive Potion"},{"floor":16,"key":"Regen Potion"},{"floor":20,"key":"Weak Potion"},{"floor":24,"key":"Weak Potion"},{"floor":27,"key":"Energy Potion"},{"floor":33,"key":"SpeedPotion"},{"floor":37,"key":"Dexterity Potion"},{"floor":40,"key":"SpeedPotion"},{"floor":46,"key":"SkillPotion"}],"is_trial":false,"path_per_floor":["M","?","M","$","M","E","R","?","T","E","$","T","R","E","R","B",null,"M","T","M","M","M","R","E","R","T","E","M","M","?","M","R","B",null,"M","$","M","$","?","E","T","E","T","?","?","M","$","M","R","B",null],"character_chosen":"IRONCLAD","items_purchased":["Spot Weakness","Twin Strike","Battle Trance","Shrug It Off","Pummel+1","Metallicize","Lantern","Metallicize","Power Through","PanicButton","Armaments","Twin Strike+1","Shuriken"],"campfire_rested":4,"item_purchase_floors":[4,11,36,36,36,36,38,38,38,38,38,38,47],"current_hp_per_floor":[80,80,80,80,80,61,61,61,61,48,48,48,72,63,63,55,80,80,80,80,70,45,80,61,80,80,48,38,59,59,64,80,23,80,54,54,60,60,60,60,60,22,22,40,70,63,63,70,70,20],"gold":62,"neow_bonus":"THREE_ENEMY_KILL","is_prod":false,"is_daily":false,"chose_seed":false,"campfire_upgraded":2,"win_rate":0,"timestamp":1546382430,"path_taken":["M","?","M","$","?","E","R","?","T","E","?","?","R","E","R","BOSS","M","?","M","M","M","R","E","R","T","E","M","?","?","M","R","BOSS","M","$","?","$","?","E","?","E","T","?","?","M","?","M","R","BOSS"],"build_version":"2018-12-20","purchased_purges":2,"victory":true,"max_hp_per_floor":[80,80,80,80,80,80,80,80,80,80,80,80,80,80,80,80,80,80,80,80,80,80,80,80,80,80,80,80,80,80,80,80,80,80,80,80,80,80,80,80,80,80,80,80,70,70,70,70,70,70],"card_choices":[{"not_picked":["Metallicize","Ghostly Armor"],"picked":"Carnage","floor":1},{"not_picked":["Warcry","Bloodletting","Wild Strike"],"picked":"SKIP","floor":3},{"not_picked":["Wild Strike","Feel No Pain"],"picked":"Armaments","floor":5},{"not_picked":["Second Wind","Searing Blow"],"picked":"Infernal Blade","floor":6},{"not_picked":["Headbutt","Anger"],"picked":"Intimidate","floor":10},{"not_picked":["Intimidate","Rampage"],"picked":"Demon Form","floor":14},{"not_picked":["Bludgeon","Brutality"],"picked":"Reaper","floor":16},{"not_picked":["Dual Wield","Blood for Blood"],"picked":"Whirlwind+1","floor":18},{"not_picked":["Headbutt","Evolve"],"picked":"Ghostly Armor","floor":20},{"not_picked":["Headbutt","Heavy Blade"],"picked":"Pummel+1","floor":21},{"not_picked":["Bloodletting","Body Slam","Flex+1"],"picked":"SKIP","floor":22},{"not_picked":["Thunderclap","Perfected Strike"],"picked":"Pommel Strike","floor":24},{"not_picked":["Dropkick+1","Wild Strike+1","Demon Form"],"picked":"SKIP","floor":27},{"not_picked":["Heavy Blade+1","Power Through"],"picked":"Infernal Blade+1","floor":28},{"not_picked":["Clash+1","Perfected Strike+1","Fire Breathing"],"picked":"SKIP","floor":29},{"not_picked":["Sentinel","Rupture","True Grit"],"picked":"SKIP","floor":31},{"not_picked":["Immolate+1","Juggernaut"],"picked":"Barricade","floor":33},{"not_picked":["Iron Wave+1","Dropkick+1"],"picked":"Pommel Strike+1","floor":35},{"not_picked":["Body Slam+1","Carnage+1","Shockwave"],"picked":"SKIP","floor":37},{"not_picked":["Apotheosis","Blind"],"picked":"Mayhem","floor":39},{"not_picked":["Body Slam+1","Twin Strike+1"],"picked":"Warcry+1","floor":40},{"not_picked":["Shrug It Off","Fire Breathing","Whirlwind+1"],"picked":"SKIP","floor":42},{"not_picked":["Blood for Blood+1","Headbutt+1"],"picked":"Flame Barrier+1","floor":44},{"not_picked":["Fire Breathing+1","Rupture"],"picked":"Armaments+1","floor":46},{"not_picked":["Perfected Strike+1","Evolve","Pommel Strike+1"],"picked":"SKIP","floor":48},{"not_picked":["Perfected Strike+1","Evolve"],"picked":"Pommel Strike+1","floor":48}],"player_experience":360317,"relics_obtained":[{"floor":6,"key":"Oddly Smooth Stone"},{"floor":9,"key":"Centennial Puzzle"},{"floor":10,"key":"War Paint"},{"floor":12,"key":"Bird Faced Urn"},{"floor":14,"key":"Regal Pillow"},{"floor":19,"key":"Old Coin"},{"floor":24,"key":"Molten Egg 2"},{"floor":26,"key":"Potion Belt"},{"floor":27,"key":"Nunchaku"},{"floor":40,"key":"Kunai"},{"floor":41,"key":"Omamori"},{"floor":42,"key":"Dream Catcher"},{"floor":43,"key":"Pen Nib"},{"floor":44,"key":"Incense Burner"}],"event_choices":[{"damage_healed":0,"gold_gain":0,"player_choice":"Upgraded","damage_taken":0,"max_hp_gain":0,"max_hp_loss":0,"event_name":"Upgrade Shrine","floor":2,"gold_loss":0,"cards_upgraded":["Carnage"]},{"cards_removed":["Strike_R"],"damage_healed":0,"gold_gain":0,"player_choice":"Offered Basic","damage_taken":0,"max_hp_gain":0,"max_hp_loss":0,"event_name":"Bonfire Elementals","floor":8,"gold_loss":0},{"damage_healed":0,"gold_gain":0,"player_choice":"0 cards matched","damage_taken":0,"max_hp_gain":0,"max_hp_loss":0,"event_name":"Match and Keep!","floor":30,"gold_loss":0,"cards_obtained":[]},{"damage_healed":0,"gold_gain":0,"player_choice":"Memory 1","damage_taken":0,"max_hp_gain":0,"max_hp_loss":0,"event_name":"SensoryStone","floor":39,"gold_loss":0},{"damage_healed":0,"gold_gain":0,"player_choice":"Fight","damage_taken":0,"max_hp_gain":0,"max_hp_loss":0,"event_name":"MindBloom","floor":44,"gold_loss":0},{"damage_healed":70,"gold_gain":0,"player_choice":"Heal","damage_taken":0,"max_hp_gain":0,"max_hp_loss":10,"event_name":"The Moai Head","floor":45,"gold_loss":0}],"is_beta":false,"boss_relics":[{"not_picked":["Pandora\u0027s Box","Lizard Tail"],"picked":"Fusion Hammer"},{"not_picked":["Runic Dome","Runic Cube"],"picked":"Empty Cage"}],"items_purged_floors":[11,36],"is_endless":false,"potions_floor_spawned":[1,3,16,20,24,27,33,37,40,46],"ascension_level":4}