{"gold_per_floor":[115,115,130,147,164,164,184,209,209,56,56,56,67,82,82,183,183,194,194,204,216,230,230,230],"floor_reached":24,"playtime":1452,"items_purged":["Strike_G"],"score":222,"play_id":"dadee152-7f03-4f24-8e69-a411743979ba","local_time":"20190127121356","is_ascension_mode":true,"campfire_choices":[{"data":"Glass Knife","floor":6,"key":"SMITH"},{"floor":11,"key":"REST"},{"data":"Neutralize","floor":15,"key":"SMITH"},{"data":"Catalyst","floor":23,"key":"SMITH"}],"neow_cost":"NONE","seed_source_timestamp":248712022212712,"circlet_count":0,"master_deck":["Defend_G","Defend_G","Defend_G","Defend_G","Defend_G","Strike_G","Strike_G","Strike_G","Strike_G","Survivor","Neutralize+1","Glass Knife+1","Deadly Poison","Catalyst+1","PiercingWail","Leg Sweep","Wraith Form v2+1","PiercingWail","Poisoned Stab","Deadly Poison+1","Backflip"],"relics":["Ring of the Snake","Mummified Hand","Paper Crane","White Beast Statue"],"potions_floor_usage":[5,21,22,24],"damage_taken":[{"damage":0,"enemies":"2 Louse","floor":1,"turns":1},{"damage":0,"enemies":"Cultist","floor":3,"turns":3},{"damage":4,"enemies":"Jaw Worm","floor":4,"turns":3},{"damage":18,"enemies":"Gremlin Gang","floor":5,"turns":5},{"damage":2,"enemies":"Large Slime","floor":7,"turns":5},{"damage":26,"enemies":"3 Sentries","floor":8,"turns":11},{"damage":3,"enemies":"3 Louse","floor":13,"turns":4},{"damage":3,"enemies":"Looter","floor":14,"turns":3},{"damage":10,"enemies":"Hexaghost","floor":16,"turns":11},{"damage":12,"enemies":"Shell Parasite","floor":18,"turns":8},{"damage":13,"enemies":"Spheric Guardian","floor":20,"turns":9},{"damage":13,"enemies":"Centurion and Healer","floor":21,"turns":8},{"damage":3,"enemies":"Shelled Parasite and Fungi","floor":22,"turns":5},{"damage":9,"enemies":"Gremlin Leader","floor":24,"turns":5}],"seed_played":"8661733760848420629","potions_obtained":[{"floor":2,"key":"Ancient Potion"},{"floor":2,"key":"Energy Potion"},{"floor":2,"key":"SmokeBomb"},{"floor":5,"key":"EntropicBrew"},{"floor":7,"key":"SpeedPotion"},{"floor":8,"key":"SkillPotion"},{"floor":14,"key":"Energy Potion"},{"floor":18,"key":"AttackPotion"},{"floor":20,"key":"Block Potion"},{"floor":21,"key":"SkillPotion"},{"floor":22,"key":"Strength Potion"}],"is_trial":false,"path_per_floor":["M","?","M","M","M","R","M","E","T","$","R","?","M","M","R","B",null,"M","?","M","M","M","R","E"],"character_chosen":"THE_SILENT","items_purchased":["Leg Sweep"],"campfire_rested":1,"item_purchase_floors":[10],"current_hp_per_floor":[70,70,70,66,48,48,46,20,20,20,41,41,38,35,35,25,70,58,58,45,32,29,29,20],"gold":230,"neow_bonus":"ONE_RANDOM_RARE_CARD","is_prod":false,"is_daily":false,"chose_seed":false,"campfire_upgraded":3,"win_rate":0,"timestamp":1548612836,"path_taken":["M","?","M","M","M","R","?","E","T","$","R","?","?","?","R","BOSS","M","?","?","M","M","R","E"],"build_version":"2019-01-23","purchased_purges":1,"victory":false,"max_hp_per_floor":[70,70,70,70,70,70,70,70,70,70,70,70,70,70,70,70,70,70,70,70,70,70,70,70],"card_choices":[{"not_picked":["Bane","Poisoned Stab"],"picked":"Deadly Poison","floor":1},{"not_picked":["Reflex","Predator","Eviscerate"],"picked":"SKIP","floor":3},{"not_picked":["Acrobatics","Dodge and Roll"],"picked":"Catalyst","floor":4},{"not_picked":["Glass Knife","Heel Hook"],"picked":"PiercingWail","floor":5},{"not_picked":["Dagger Spray","Flying Knee","Flechettes"],"picked":"SKIP","floor":7},{"not_picked":["Bullet Time","Prepared","Slice"],"picked":"SKIP","floor":8},{"not_picked":["Predator","Escape Plan","Prepared"],"picked":"SKIP","floor":13},{"not_picked":["Quick Slash","Unload","Terror"],"picked":"SKIP","floor":14},{"not_picked":["Venomology","Doppelganger"],"picked":"Wraith Form v2","floor":16},{"not_picked":["Quick Slash","Calculated Gamble"],"picked":"PiercingWail","floor":18},{"not_picked":["Quick Slash+1","Predator+1"],"picked":"Poisoned Stab","floor":20},{"not_picked":["Escape Plan","Caltrops"],"picked":"Deadly Poison+1","floor":21},{"not_picked":["Masterful Stab+1","Crippling Poison"],"picked":"Backflip","floor":22}],"player_experience":40567,"relics_obtained":[{"floor":8,"key":"Mummified Hand"},{"floor":9,"key":"Paper Crane"}],"event_choices":[{"damage_healed":0,"gold_gain":0,"player_choice":"Got Potions","damage_taken":0,"max_hp_gain":0,"max_hp_loss":0,"event_name":"Lab","floor":2,"gold_loss":0},{"damage_healed":0,"gold_gain":0,"player_choice":"Bought 0 Potions","damage_taken":0,"max_hp_gain":0,"max_hp_loss":0,"event_name":"The Woman in Blue","floor":12,"gold_loss":0},{"damage_healed":0,"gold_gain":0,"player_choice":"Forge","damage_taken":0,"max_hp_gain":0,"max_hp_loss":0,"event_name":"Accursed Blacksmith","floor":19,"gold_loss":0,"cards_upgraded":["Wraith Form v2"]}],"is_beta":false,"boss_relics":[{"not_picked":["Busted Crown","Philosopher\u0027s Stone"],"picked":"White Beast Statue"}],"items_purged_floors":[10],"is_endless":false,"potions_floor_spawned":[5,7,8,14,18,20,21,22],"killed_by":"Gremlin Leader","ascension_level":2}