{"gold_per_floor":[367,126,126,142,142,142,162,174,174,13,13,13,13,26,26,102,102,112,112,138,157,157,157,183,198,198,198,213,213,236,252,252,330,330,348,368,368,379,479,479,491,381,381,83,101,101,120,135,135,135],"floor_reached":51,"playtime":2276,"items_purged":["Strike_B","Strike_B+1"],"score":1409,"play_id":"02eab77e-4520-4f72-b490-b246fc0f5149","local_time":"20191011140610","is_ascension_mode":true,"campfire_choices":[{"data":"Mayhem","floor":6.0,"key":"SMITH"},{"data":"Defragment","floor":15.0,"key":"SMITH"},{"data":"Creative AI","floor":23.0,"key":"SMITH"},{"data":"Thunder Strike","floor":27.0,"key":"SMITH"},{"data":"White Noise","floor":32.0,"key":"SMITH"},{"data":"Amplify","floor":40,"key":"SMITH"},{"data":"Biased Cognition","floor":46,"key":"SMITH"},{"data":"Consume","floor":49,"key":"SMITH"}],"neow_cost":"PERCENT_DAMAGE","seed_source_timestamp":22648732822585,"circlet_count":0,"master_deck":["AscendersBane","Defend_B+1","Defend_B+1","Defend_B+1","Defend_B+1","Zap","Dualcast","Self Repair","Mayhem+1","Doom and Gloom","Undo","Conserve Battery","Defragment+1","Storm+1","Self Repair","Leap+1","Creative AI+1","Glacier","Thunder Strike+1","Skim","White Noise+1","Amplify+1","Conserve Battery","Conserve Battery","Biased Cognition+1","Skim","Secret Technique","Turbo","Defragment","Fission","Consume+1"],"special_seed":0,"relics":["Cracked Core","Prayer Wheel","Mummified Hand","Darkstone Periapt","Eternal Feather","Dream Catcher","Enchiridion","Orichalcum","DataDisk","Inserter","Girya","Blue Candle"],"potions_floor_usage":[50,50],"damage_taken":[{"damage":6.0,"enemies":"Cultist","floor":1.0,"turns":3.0},{"damage":0.0,"enemies":"2 Louse","floor":4.0,"turns":1.0},{"damage":10.0,"enemies":"Small Slimes","floor":7.0,"turns":4.0},{"damage":20.0,"enemies":"Exordium Wildlife","floor":8.0,"turns":4.0},{"damage":6.0,"enemies":"Looter","floor":14.0,"turns":3.0},{"damage":6.0,"enemies":"Hexaghost","floor":16.0,"turns":9.0},{"damage":27.0,"enemies":"3 Byrds","floor":18.0,"turns":4.0},{"damage":0.0,"enemies":"Spheric Guardian","floor":21.0,"turns":4.0},{"damage":0.0,"enemies":"Book of Stabbing","floor":24.0,"turns":4.0},{"damage":12.0,"enemies":"Snecko","floor":25.0,"turns":3.0},{"damage":12.0,"enemies":"Snake Plant","floor":28.0,"turns":3.0},{"damage":8.0,"enemies":"Centurion and Healer","floor":31.0,"turns":2.0},{"damage":0.0,"enemies":"Champ","floor":33.0,"turns":7.0},{"damage":0.0,"enemies":"Orb Walker","floor":35.0,"turns":2.0},{"damage":0.0,"enemies":"3 Shapes","floor":36.0,"turns":1.0},{"damage":11,"enemies":"Writhing Mass","floor":38,"turns":3},{"damage":0,"enemies":"Mind Bloom Boss Battle","floor":39,"turns":8},{"damage":0,"enemies":"Sphere and 2 Shapes","floor":41,"turns":4},{"damage":0,"enemies":"Transient","floor":45,"turns":6},{"damage":24,"enemies":"Writhing Mass","floor":47,"turns":3},{"damage":0,"enemies":"Maw","floor":48,"turns":5},{"damage":67,"enemies":"Awakened One","floor":50,"turns":5}],"seed_played":"5238445495722912158","potions_obtained":[{"floor":1.0,"key":"Ancient Potion"},{"floor":7.0,"key":"Weak Potion"},{"floor":24.0,"key":"AttackPotion"},{"floor":25.0,"key":"LiquidBronze"},{"floor":35.0,"key":"PowerPotion"},{"floor":37.0,"key":"GamblersBrew"}],"is_trial":false,"path_per_floor":["M","$","T","M","?","R","M","M","T","$","?","?","$","M","R","B",null,"M","?","T","M","?","R","E","M","T","R","M","?","T","M","R","B",null,"M","M","?","M","?","R","M","?","T","$","M","R","M","M","R","B",null],"character_chosen":"DEFECT","items_purchased":["Mayhem","Doom and Gloom","Self Repair","Secret Technique"],"campfire_rested":0,"item_purchase_floors":[2,2,10,44],"current_hp_per_floor":[40,40,40,40,40,40,37,24,24,24,17,17,17,25,25,33,62,49,49,49,63,42,54,68,63,63,71,66,46,46,52,64,76,76,76,76,76,65,76,76,76,76,76,76,76,76,59,66,76,23],"gold":135,"neow_bonus":"TWO_FIFTY_GOLD","is_prod":false,"is_daily":false,"chose_seed":false,"campfire_upgraded":8,"win_rate":0,"timestamp":1570799170,"path_taken":["M","$","?","M","?","R","?","M","T","$","?","?","?","M","R","BOSS","M","?","?","?","?","R","E","M","T","R","M","?","?","M","R","BOSS","M","M","?","?","?","R","M","?","T","$","?","R","M","M","R","BOSS"],"build_version":"2019-07-17","purchased_purges":2,"victory":true,"max_hp_per_floor":[71,71,71,71,71,71,71,71,71,71,71,71,71,71,71,71,71,71,71,71,71,71,71,71,71,71,71,71,76,76,76,76,76,76,76,76,76,76,76,76,76,76,76,76,76,76,76,76,76,76],"card_choices":[{"not_picked":["Compile Driver","Blizzard"],"picked":"Self Repair","floor":1.0},{"not_picked":["Double Energy","Aggregate"],"picked":"Undo","floor":4.0},{"not_picked":["FTL","Aggregate","Auto Shields"],"picked":"SKIP","floor":4.0},{"not_picked":["Gash","Redo"],"picked":"Conserve Battery","floor":7.0},{"not_picked":["Rip and Tear","Go for the Eyes","Recycle"],"picked":"SKIP","floor":7.0},{"not_picked":["Static Discharge","Amplify"],"picked":"Defragment","floor":8.0},{"not_picked":["Gash","Doom and Gloom"],"picked":"Storm","floor":8.0},{"not_picked":["Beam Cell","Barrage"],"picked":"Leap","floor":14.0},{"not_picked":["Gash","FTL","Ball Lightning"],"picked":"SKIP","floor":14.0},{"not_picked":["Hyperbeam","Echo Form"],"picked":"Creative AI","floor":16.0},{"not_picked":["Undo","Turbo"],"picked":"Glacier","floor":18.0},{"not_picked":["Streamline","Cold Snap","Go for the Eyes+1"],"picked":"SKIP","floor":18.0},{"not_picked":["Gash","Beam Cell"],"picked":"Thunder Strike","floor":21.0},{"not_picked":["Go for the Eyes","Consume","Beam Cell"],"picked":"SKIP","floor":21.0},{"not_picked":["Rebound+1","Steam"],"picked":"Skim","floor":24.0},{"not_picked":["Go for the Eyes","Stack","Rip and Tear"],"picked":"SKIP","floor":25.0},{"not_picked":["Rip and Tear","Lockon","FTL"],"picked":"SKIP","floor":25.0},{"not_picked":["Static Discharge","Streamline"],"picked":"White Noise","floor":28.0},{"not_picked":["Redo","Cold Snap","Gash"],"picked":"SKIP","floor":28.0},{"not_picked":["Chaos","Tempest","Darkness"],"picked":"SKIP","floor":31.0},{"not_picked":["Rip and Tear","Thunder Strike","Reprogram"],"picked":"SKIP","floor":31.0},{"not_picked":["Reboot","Multi-Cast"],"picked":"Amplify","floor":33.0},{"not_picked":["Coolheaded","Stack","Go for the Eyes"],"picked":"SKIP","floor":35.0},{"not_picked":["Sweeping Beam","Ball Lightning","Stack"],"picked":"SKIP","floor":35.0},{"not_picked":["Beam Cell","Chill"],"picked":"Conserve Battery","floor":36.0},{"not_picked":["Sweeping Beam","Gash","Steam"],"picked":"SKIP","floor":36.0},{"not_picked":["Streamline","Scrape"],"picked":"Conserve Battery","floor":38},{"not_picked":["Redo","Reprogram","Rebound"],"picked":"SKIP","floor":38},{"not_picked":["Go for the Eyes+1","Rip and Tear"],"picked":"Biased Cognition","floor":39},{"not_picked":["Leap","Rip and Tear+1"],"picked":"Skim","floor":41},{"not_picked":["Auto Shields","Coolheaded+1","Steam"],"picked":"SKIP","floor":41},{"not_picked":["Redo+1","FTL"],"picked":"Turbo","floor":45},{"not_picked":["Barrage+1","Steam","Sweeping Beam+1"],"picked":"SKIP","floor":45},{"not_picked":["Tempest+1","Rebound+1"],"picked":"Defragment","floor":47},{"not_picked":["Fusion","Compile Driver","Darkness"],"picked":"SKIP","floor":47},{"not_picked":["Go for the Eyes","Rebound"],"picked":"Fission","floor":48},{"not_picked":["Go for the Eyes","Turbo+1"],"picked":"Consume","floor":48}],"player_experience":402771,"relics_obtained":[{"floor":3.0,"key":"Prayer Wheel"},{"floor":9.0,"key":"Darkstone Periapt"},{"floor":20.0,"key":"Dream Catcher"},{"floor":22.0,"key":"Enchiridion"},{"floor":24.0,"key":"Orichalcum"},{"floor":30.0,"key":"DataDisk"},{"floor":39,"key":"Girya"},{"floor":43,"key":"Blue Candle"}],"event_choices":[{"damage_healed":0.0,"max_hp_gain":0.0,"max_hp_loss":0.0,"gold_gain":0.0,"event_name":"WeMeetAgain","player_choice":"Gave Potion","floor":5.0,"gold_loss":0.0,"damage_taken":0.0,"relics_obtained":["Mummified Hand"]},{"cards_removed":["Strike_B"],"damage_healed":0.0,"max_hp_gain":0.0,"max_hp_loss":0.0,"gold_gain":0.0,"event_name":"Golden Wing","player_choice":"Card Removal","floor":11.0,"gold_loss":0.0,"damage_taken":7.0},{"damage_healed":0.0,"max_hp_gain":0.0,"max_hp_loss":0.0,"gold_gain":0.0,"event_name":"Living Wall","player_choice":"Grow","floor":12.0,"gold_loss":0.0,"damage_taken":0.0,"cards_upgraded":["Storm"]},{"damage_healed":0.0,"max_hp_gain":0.0,"max_hp_loss":0.0,"gold_gain":0.0,"event_name":"Back to Basics","player_choice":"Simplicity","floor":19.0,"gold_loss":0.0,"damage_taken":0.0,"cards_upgraded":["Strike_B","Strike_B","Defend_B","Defend_B","Defend_B","Defend_B"]},{"damage_healed":0.0,"max_hp_gain":0.0,"max_hp_loss":0.0,"gold_gain":0.0,"event_name":"Cursed Tome","player_choice":"Obtained Book","floor":22.0,"gold_loss":0.0,"damage_taken":21.0},{"damage_healed":0.0,"max_hp_gain":5.0,"max_hp_loss":0.0,"gold_gain":0.0,"event_name":"Forgotten Altar","player_choice":"Shed Blood","floor":29.0,"gold_loss":0.0,"damage_taken":25.0},{"damage_healed":0.0,"max_hp_gain":0.0,"max_hp_loss":0.0,"gold_gain":0.0,"event_name":"Lab","player_choice":"Got Potions","floor":37.0,"gold_loss":0.0,"damage_taken":0.0},{"damage_healed":0,"gold_gain":0,"player_choice":"Fight","damage_taken":0,"max_hp_gain":0,"max_hp_loss":0,"event_name":"MindBloom","floor":39,"gold_loss":0},{"cards_removed":["Strike_B"],"damage_healed":0,"gold_gain":0,"player_choice":"Upgrade and Remove","damage_taken":0,"max_hp_gain":0,"max_hp_loss":0,"event_name":"Designer","floor":42,"gold_loss":110,"cards_upgraded":["Leap"]}],"is_beta":false,"boss_relics":[{"not_picked":["White Beast Statue","Black Star"],"picked":"Eternal Feather"},{"not_picked":["Empty Cage","Tiny House"],"picked":"Inserter"}],"items_purged_floors":[10,44],"is_endless":false,"potions_floor_spawned":[1,7,24,25,28,31,33,35,39,41,48],"ascension_level":19}