{"gold_per_floor":[115,131,150,160,179,179,194,194,241,257,257,267,283,312,312,410,410,421,421,131,27,53,65,75,40,40,40,40,40,54,54,54,155,155,170,13,24,24,24,24,35,35,60,72,100,62,62,80,80,80],"floor_reached":50,"playtime":2660,"items_purged":["Defend_G","Strike_G","Strike_G","Writhe"],"score":518,"play_id":"4951856c-8a53-426c-85bb-16830019fa8a","local_time":"20181212122135","is_ascension_mode":true,"campfire_choices":[{"data":"Terror","floor":6.0,"key":"SMITH"},{"floor":8.0,"key":"REST"},{"data":"Cloak And Dagger","floor":15.0,"key":"SMITH"},{"data":"Envenom","floor":27.0,"key":"SMITH"},{"data":"Accuracy","floor":29.0,"key":"SMITH"},{"floor":32.0,"key":"REST"},{"floor":40.0,"key":"REST"},{"data":"Blade Dance","floor":42.0,"key":"SMITH"},{"data":"Envenom","floor":47.0,"key":"SMITH"},{"floor":49.0,"key":"REST"}],"neow_cost":"NONE","seed_source_timestamp":29825109308014,"circlet_count":0,"master_deck":["Defend_G","Defend_G","Defend_G","Defend_G","Strike_G","Strike_G","Survivor","Neutralize","Quick Slash","Terror+1","Dagger Throw","PiercingWail","Slice","Blade Dance+1","Backflip","Cloak And Dagger+1","Envenom+1","Backstab","Blade Dance","Infinite Blades+1","Accuracy+1","Finisher+1","Envenom+1","PiercingWail","Footwork","Blade Dance+1","Footwork","Backflip+1","Expertise+1"],"special_seed":0,"relics":["WristBlade","Smiling Mask","Bag of Preparation","Meat on the Bone","Sozu","Pantograph","Red Mask","Shuriken","Black Star","MawBank"],"potions_floor_usage":[],"damage_taken":[{"damage":0.0,"enemies":"Small Slimes","floor":1.0,"turns":5.0},{"damage":0.0,"enemies":"Cultist","floor":2.0,"turns":5.0},{"damage":0.0,"enemies":"2 Louse","floor":3.0,"turns":3.0},{"damage":6.0,"enemies":"Gremlin Gang","floor":4.0,"turns":6.0},{"damage":9.0,"enemies":"3 Louse","floor":5.0,"turns":6.0},{"damage":1.0,"enemies":"Looter","floor":7.0,"turns":3.0},{"damage":9.0,"enemies":"Exordium Thugs","floor":10.0,"turns":6.0},{"damage":0.0,"enemies":"Large Slime","floor":12.0,"turns":6.0},{"damage":2.0,"enemies":"Lots of Slimes","floor":13.0,"turns":3.0},{"damage":0.0,"enemies":"Gremlin Nob","floor":14.0,"turns":2.0},{"damage":36.0,"enemies":"The Guardian","floor":16.0,"turns":12.0},{"damage":16.0,"enemies":"Spheric Guardian","floor":18.0,"turns":4.0},{"damage":13.0,"enemies":"Masked Bandits","floor":22.0,"turns":4.0},{"damage":0.0,"enemies":"Chosen","floor":23.0,"turns":3.0},{"damage":0.0,"enemies":"Snecko","floor":24.0,"turns":2.0},{"damage":0.0,"enemies":"Snake Plant","floor":30.0,"turns":3.0},{"damage":21.0,"enemies":"Champ","floor":33.0,"turns":6.0},{"damage":48.0,"enemies":"3 Shapes","floor":35.0,"turns":2.0},{"damage":3.0,"enemies":"3 Darklings","floor":37.0,"turns":4.0},{"damage":0.0,"enemies":"Transient","floor":41.0,"turns":5.0},{"damage":17.0,"enemies":"Writhing Mass","floor":45.0,"turns":5.0},{"damage":38.0,"enemies":"Sphere and 2 Shapes","floor":48.0,"turns":4.0},{"damage":75,"enemies":"Time Eater","floor":50,"turns":6}],"seed_played":"4156235602299945157","potions_obtained":[{"floor":1.0,"key":"SkillPotion"},{"floor":3.0,"key":"Strength Potion"},{"floor":4.0,"key":"Ancient Potion"},{"floor":5.0,"key":"Energy Potion"},{"floor":16.0,"key":"Poison Potion"}],"is_trial":false,"path_per_floor":["M","M","M","M","M","R","M","R","T","M","?","M","M","E","R","B",null,"M","?","$","$","?","M","M","$","T","R","?","R","M","?","R","B",null,"M","$","M","?","$","R","M","R","T","?","M","$","R","M","R","B"],"character_chosen":"THE_SILENT","items_purchased":["Pantograph","Blade Dance","Accuracy","Footwork","Blade Dance"],"campfire_rested":4,"item_purchase_floors":[20,21,25,36,36],"current_hp_per_floor":[70,70,70,64,55,55,54,70,70,61,49,49,47,47,47,23,70,54,54,54,54,41,41,41,41,41,41,41,41,41,41,62,49,70,34,34,43,43,43,64,64,64,64,70,53,53,53,27,48,0],"gold":80,"neow_bonus":"BOSS_RELIC","is_prod":false,"is_daily":false,"chose_seed":false,"campfire_upgraded":6,"win_rate":0,"timestamp":1544638895,"path_taken":["M","M","M","M","M","R","M","R","T","M","?","M","M","E","R","BOSS","M","?","?","$","?","M","M","$","T","R","?","R","?","?","R","BOSS","M","$","M","?","?","R","M","R","T","?","M","$","R","M","R","BOSS"],"build_version":"2018-12-06","purchased_purges":4,"victory":false,"max_hp_per_floor":[70,70,70,70,70,70,70,70,70,70,70,70,70,70,70,70,70,70,70,70,70,70,70,70,70,70,70,70,70,70,70,70,70,70,70,70,70,70,70,70,70,70,70,70,70,70,70,70,70,70],"card_choices":[{"not_picked":["Poisoned Stab","Outmaneuver","Acrobatics"],"picked":"SKIP","floor":1.0},{"not_picked":["Poisoned Stab","Outmaneuver","Acrobatics"],"picked":"SKIP","floor":1.0},{"not_picked":["Skewer","Catalyst"],"picked":"Quick Slash","floor":2.0},{"not_picked":["Grand Finale","Catalyst"],"picked":"Terror","floor":3.0},{"not_picked":["Flying Knee","Catalyst"],"picked":"Dagger Throw","floor":4.0},{"not_picked":["Prepared","Poisoned Stab"],"picked":"PiercingWail","floor":5.0},{"not_picked":["Acrobatics","Doppelganger","Quick Slash"],"picked":"SKIP","floor":7.0},{"not_picked":["Calculated Gamble","Skewer"],"picked":"Slice","floor":10.0},{"not_picked":["Skewer","Quick Slash"],"picked":"Blade Dance","floor":12.0},{"not_picked":["Calculated Gamble","Bane"],"picked":"Backflip","floor":13.0},{"not_picked":["Blur","Poisoned Stab"],"picked":"Cloak And Dagger","floor":14.0},{"not_picked":["Bullet Time","Malaise"],"picked":"Envenom","floor":16.0},{"not_picked":["Prepared","Poisoned Stab"],"picked":"Backstab","floor":18.0},{"not_picked":["Catalyst","Dodge and Roll"],"picked":"Infinite Blades+1","floor":23.0},{"not_picked":["Underhanded Strike","PiercingWail","Die Die Die"],"picked":"SKIP","floor":24.0},{"not_picked":["Poisoned Stab","Slice"],"picked":"Finisher+1","floor":30.0},{"not_picked":["Burst","Adrenaline"],"picked":"Envenom","floor":33.0},{"not_picked":["Bane+1","Well Laid Plans+1"],"picked":"PiercingWail","floor":35.0},{"not_picked":["Poisoned Stab","Underhanded Strike+1"],"picked":"Footwork","floor":37.0},{"not_picked":["Slice","Eviscerate+1"],"picked":"Backflip+1","floor":41.0},{"not_picked":["Flying Knee+1","Endless Agony"],"picked":"Expertise+1","floor":45.0},{"not_picked":["Finisher","Unload","Flechettes"],"picked":"SKIP","floor":48.0}],"player_experience":275068,"relics_obtained":[{"floor":9.0,"key":"Smiling Mask"},{"floor":14.0,"key":"Meat on the Bone"},{"floor":22.0,"key":"Red Mask"},{"floor":26.0,"key":"Shuriken"},{"floor":43.0,"key":"MawBank"}],"event_choices":[{"damage_healed":0.0,"max_hp_gain":0.0,"max_hp_loss":0.0,"gold_gain":0.0,"event_name":"Scrap Ooze","player_choice":"Success","floor":11.0,"gold_loss":0.0,"damage_taken":12.0,"relics_obtained":["Bag of Preparation"]},{"cards_removed":["Strike_G"],"damage_healed":0.0,"max_hp_gain":0.0,"max_hp_loss":0.0,"gold_gain":0.0,"event_name":"Bonfire Elementals","player_choice":"Offered Basic","floor":19.0,"gold_loss":0.0,"damage_taken":0.0},{"damage_healed":0.0,"max_hp_gain":0.0,"max_hp_loss":0.0,"gold_gain":0.0,"event_name":"Masked Bandits","player_choice":"Fought Bandits","floor":22.0,"gold_loss":0.0,"damage_taken":0.0},{"damage_healed":0.0,"max_hp_gain":0.0,"max_hp_loss":0.0,"gold_gain":0.0,"event_name":"Lab","player_choice":"Got Potions","floor":28.0,"gold_loss":0.0,"damage_taken":0.0},{"damage_healed":0.0,"max_hp_gain":0.0,"max_hp_loss":0.0,"gold_gain":0.0,"event_name":"Accursed Blacksmith","player_choice":"Forge","floor":38.0,"gold_loss":0.0,"damage_taken":0.0,"cards_upgraded":["Blade Dance"]},{"damage_healed":18.0,"max_hp_gain":0.0,"max_hp_loss":0.0,"gold_gain":0.0,"event_name":"Winding Halls","player_choice":"Writhe","floor":44.0,"gold_loss":0.0,"damage_taken":0.0,"cards_obtained":["Writhe"]}],"is_beta":false,"boss_relics":[{"not_picked":["Pandora\u0027s Box","Lizard Tail"],"picked":"Sozu"},{"not_picked":["Calling Bell","Astrolabe"],"picked":"Black Star"}],"items_purged_floors":[20,21,36,46],"is_endless":false,"potions_floor_spawned":[1,3,4,5,12,16,18,23,30,33,37,48],"killed_by":"Time Eater","ascension_level":2}