{"gold_per_floor":[110,35,35,55,78,144,144,158,183,183,219,219,244,285,285,408,408,432,432,31,49,69,69,87,87,113,113,113,137,151,171,171,300,300,320,335,295,628,628,628,639,650,650,205,216,235,235,110,110,110],"floor_reached":51,"playtime":3157,"items_purged":["Defend_P","Strike_P","Strike_P+1"],"score":906,"play_id":"d3e97f07-7a99-4229-b9d3-c7f28a68c079","local_time":"20190926121231","is_ascension_mode":true,"campfire_choices":[{"data":"Eruption","floor":7.0,"key":"SMITH"},{"data":"CutThroughFate","floor":10.0,"key":"SMITH"},{"data":"SashWhip","floor":12.0,"key":"SMITH"},{"data":"Wallop","floor":15.0,"key":"SMITH"},{"data":"CutThroughFate","floor":23.0,"key":"SMITH"},{"data":"Nirvana","floor":27.0,"key":"SMITH"},{"data":"Crescendo","floor":32.0,"key":"SMITH"},{"data":"1","floor":40,"key":"LIFT"},{"data":"2","floor":47,"key":"LIFT"},{"data":"Establishment","floor":49,"key":"SMITH"}],"neow_cost":"NONE","seed_source_timestamp":0,"circlet_count":0,"master_deck":["Strike_P+1","Strike_P+1","Defend_P+1","Defend_P+1","Defend_P+1","Eruption+1","Vigilance+1","FlyingSleeves+1","CutThroughFate+1","SandsOfTime+1","LessonLearned+1","DeceiveReality+1","SashWhip+1","WindmillStrike+1","Wallop+1","ClearTheMind+1","RitualDagger+1","CutThroughFate+1","Nirvana+1","Crescendo+1","Establishment+1","Swivel+1","Halt+1","Finesse+1","CutThroughFate","Weave+1"],"special_seed":0,"relics":["Coffee Dripper","Tiny Chest","Juzu Bracelet","Art of War","Omamori","Runic Pyramid","Potion Belt","ClockworkSouvenir","Boot","InkBottle","Calling Bell","Regal Pillow","White Beast Statue","Girya","Gremlin Horn","CaptainsWheel","Vajra"],"potions_floor_usage":[33,33,50],"damage_taken":[{"damage":0.0,"enemies":"Cultist","floor":1.0,"turns":2.0},{"damage":0.0,"enemies":"Jaw Worm","floor":4.0,"turns":2.0},{"damage":0.0,"enemies":"2 Louse","floor":5.0,"turns":2.0},{"damage":0.0,"enemies":"Lagavulin","floor":6.0,"turns":3.0},{"damage":6.0,"enemies":"Looter","floor":8.0,"turns":3.0},{"damage":10.0,"enemies":"3 Sentries","floor":11.0,"turns":6.0},{"damage":6.0,"enemies":"Lots of Slimes","floor":13.0,"turns":2.0},{"damage":0.0,"enemies":"Lagavulin","floor":14.0,"turns":4.0},{"damage":0.0,"enemies":"Slime Boss","floor":16.0,"turns":3.0},{"damage":4.0,"enemies":"2 Thieves","floor":18.0,"turns":3.0},{"damage":0.0,"enemies":"Chosen","floor":21.0,"turns":3.0},{"damage":5.0,"enemies":"Sentry and Sphere","floor":22.0,"turns":3.0},{"damage":15.0,"enemies":"Centurion and Healer","floor":24.0,"turns":3.0},{"damage":16.0,"enemies":"Snake Plant","floor":30.0,"turns":2.0},{"damage":0.0,"enemies":"Snecko","floor":31.0,"turns":3.0},{"damage":4,"enemies":"Automaton","floor":33,"turns":8},{"damage":3,"enemies":"Orb Walker","floor":35,"turns":3},{"damage":0,"enemies":"3 Darklings","floor":36,"turns":3},{"damage":0,"enemies":"Transient","floor":41,"turns":5},{"damage":0,"enemies":"Jaw Worm Horde","floor":42,"turns":3},{"damage":0,"enemies":"Sphere and 2 Shapes","floor":45,"turns":3},{"damage":6,"enemies":"Spire Growth","floor":46,"turns":4},{"damage":3,"enemies":"Donu and Deca","floor":50,"turns":6}],"seed_played":"-2509115319791865138","potions_obtained":[{"floor":5.0,"key":"SteroidPotion"},{"floor":8.0,"key":"Weak Potion"},{"floor":11.0,"key":"BottledMiracle"},{"floor":13.0,"key":"StancePotion"},{"floor":16.0,"key":"BottledMiracle"},{"floor":18.0,"key":"StancePotion"},{"floor":30.0,"key":"SteroidPotion"},{"floor":33,"key":"SneckoOil"},{"floor":35,"key":"Block Potion"},{"floor":36,"key":"SpeedPotion"},{"floor":41,"key":"BottledMiracle"},{"floor":42,"key":"GamblersBrew"},{"floor":46,"key":"BottledMiracle"}],"is_trial":false,"path_per_floor":["M","$","?","M","M","E","R","M","T","R","E","R","M","E","R","B",null,"M","?","$","M","M","R","M","?","T","R","?","T","M","M","R","B",null,"M","M","?","?","?","R","M","M","T","$","M","M","R","$","R","B",null],"character_chosen":"WATCHER","items_purchased":["Potion Belt","ClockworkSouvenir","CaptainsWheel","Vajra"],"campfire_rested":0,"item_purchase_floors":[20,20,44,44],"current_hp_per_floor":[65,65,60,60,60,60,60,54,54,54,44,44,38,38,38,38,60,56,50,50,50,45,45,30,30,30,30,30,30,14,14,14,10,60,57,57,57,57,57,57,57,57,57,57,57,51,51,51,51,48],"gold":110,"neow_bonus":"BOSS_RELIC","is_prod":false,"is_daily":false,"chose_seed":false,"campfire_upgraded":8,"win_rate":1,"timestamp":1569517951,"path_taken":["M","?","?","?","M","E","R","M","T","R","E","R","M","E","R","BOSS","M","?","$","M","M","R","M","?","T","R","?","?","M","M","R","BOSS","M","M","?","?","?","R","M","M","T","$","M","M","R","$","R","BOSS"],"build_version":"2019-09-25","purchased_purges":3,"victory":true,"max_hp_per_floor":[65,65,60,60,60,60,60,60,60,60,60,60,60,60,60,60,60,60,60,60,60,60,60,60,60,60,60,60,60,60,60,60,60,60,60,60,60,60,60,60,60,60,60,60,60,60,60,60,60,60],"card_choices":[{"not_picked":["JustLucky","CrushJoints"],"picked":"FlyingSleeves","floor":1.0},{"not_picked":["Consecrate","CarveReality"],"picked":"CutThroughFate","floor":4.0},{"not_picked":["JustLucky","ThirdEye"],"picked":"SandsOfTime","floor":5.0},{"not_picked":["PathToVictory","EmptyBody"],"picked":"LessonLearned","floor":6.0},{"not_picked":["Halt","EmptyMind"],"picked":"DeceiveReality","floor":8.0},{"not_picked":["CarveReality","Vengeance"],"picked":"SashWhip","floor":11.0},{"not_picked":["CarveReality","FlyingSleeves"],"picked":"WindmillStrike","floor":13.0},{"not_picked":["EmptyFist","BattleHymn"],"picked":"Wallop","floor":14.0},{"not_picked":["SashWhip","FlurryOfBlows"],"picked":"ClearTheMind","floor":18.0},{"not_picked":["BowlingBash","FearNoEvil+1","ClearTheMind"],"picked":"SKIP","floor":21.0},{"not_picked":["EmptyBody","ClearTheMind+1"],"picked":"CutThroughFate","floor":22.0},{"not_picked":["EmptyFist","Consecrate+1"],"picked":"Nirvana","floor":24.0},{"not_picked":["Prostrate+1","Weave+1"],"picked":"Crescendo","floor":30.0},{"not_picked":["ClearTheMind","SashWhip","EmptyFist"],"picked":"SKIP","floor":31.0},{"not_picked":["DeusExMachina","Blasphemy"],"picked":"Establishment","floor":33},{"not_picked":["Indignation","Protect+1"],"picked":"Swivel+1","floor":35},{"not_picked":["Meditate+1","SpiritShield"],"picked":"Halt+1","floor":36},{"not_picked":["Blind","The Bomb"],"picked":"Finesse","floor":39},{"not_picked":["Crescendo+1","ThirdEye+1"],"picked":"CutThroughFate","floor":41},{"not_picked":["FollowUp+1","Crescendo"],"picked":"Weave+1","floor":42},{"not_picked":["SpiritShield","Evaluate","Indignation"],"picked":"SKIP","floor":45},{"not_picked":["ClearTheMind","Fasting+1","EmptyBody"],"picked":"SKIP","floor":46}],"player_experience":146740,"relics_obtained":[{"floor":6.0,"key":"Tiny Chest"},{"floor":9.0,"key":"Juzu Bracelet"},{"floor":11.0,"key":"Art of War"},{"floor":14.0,"key":"Omamori"},{"floor":26.0,"key":"Boot"},{"floor":29.0,"key":"InkBottle"},{"floor":34,"key":"Regal Pillow"},{"floor":34,"key":"White Beast Statue"},{"floor":34,"key":"Girya"},{"floor":43,"key":"Gremlin Horn"}],"event_choices":[{"damage_healed":0.0,"max_hp_gain":0.0,"max_hp_loss":5.0,"gold_gain":0.0,"event_name":"Golden Idol","player_choice":"Lose Max HP","floor":3.0,"gold_loss":0.0,"damage_taken":0.0,"relics_obtained":["Golden Idol"]},{"damage_healed":0.0,"max_hp_gain":0.0,"max_hp_loss":0.0,"gold_gain":0.0,"event_name":"Nest","player_choice":"Joined the Cult","floor":19.0,"gold_loss":0.0,"damage_taken":6.0,"cards_obtained":["RitualDagger"]},{"damage_healed":0.0,"max_hp_gain":0.0,"max_hp_loss":0.0,"gold_gain":0.0,"event_name":"Back to Basics","player_choice":"Simplicity","floor":25.0,"gold_loss":0.0,"damage_taken":0.0,"cards_upgraded":["Defend_P","Defend_P"]},{"damage_healed":0.0,"max_hp_gain":0.0,"max_hp_loss":0.0,"gold_gain":0.0,"event_name":"Cursed Tome","player_choice":"Ignored","floor":28.0,"gold_loss":0.0,"damage_taken":0.0},{"damage_healed":0,"gold_gain":0,"player_choice":"Upgraded Two","damage_taken":0,"max_hp_gain":0,"max_hp_loss":0,"event_name":"Designer","floor":37,"gold_loss":40,"cards_upgraded":["LessonLearned","FlyingSleeves"]},{"damage_healed":0,"gold_gain":333,"player_choice":"Gave Idol","damage_taken":0,"max_hp_gain":0,"max_hp_loss":0,"event_name":"The Moai Head","floor":38,"relics_lost":["Golden Idol"],"gold_loss":0},{"damage_healed":0,"gold_gain":0,"player_choice":"Memory 1","damage_taken":0,"max_hp_gain":0,"max_hp_loss":0,"event_name":"SensoryStone","floor":39,"gold_loss":0}],"is_beta":true,"boss_relics":[{"not_picked":["Fusion Hammer","Tiny House"],"picked":"Runic Pyramid"},{"not_picked":["Astrolabe","Runic Dome"],"picked":"Calling Bell"}],"items_purged_floors":[2,20,48],"is_endless":false,"potions_floor_spawned":[5,8,11,13,16,18,30,33,35,36,41,42,45,46],"ascension_level":3}