{"gold_per_floor":[110,110,127,127,177,177,177,177,177,76,92,170,170,206,206,297,297,311,311,311,109,125,164,164,164],"floor_reached":25,"playtime":1015,"items_purged":["Regret"],"score":384,"play_id":"70c6c1e6-ec6d-4322-9832-9d0fac80c4bd","local_time":"20190725091952","is_ascension_mode":true,"campfire_choices":[{"data":"Bash","floor":6.0,"key":"SMITH"},{"data":"Clothesline","floor":8.0,"key":"SMITH"},{"data":"Perfected Strike","floor":13.0,"key":"SMITH"},{"floor":15.0,"key":"REST"},{"data":"Perfected Strike","floor":24,"key":"SMITH"}],"neow_cost":"TEN_PERCENT_HP_LOSS","seed_source_timestamp":0,"circlet_count":0,"master_deck":["AscendersBane","Strike_R","Strike_R","Strike_R","Strike_R","Defend_R","Defend_R","Defend_R","Bash+1","Clothesline+1","Pommel Strike","Spot Weakness","Perfected Strike+1","Wild Strike","Offering","Iron Wave","Shrug It Off","True Grit","Perfected Strike+1","Clothesline","Perfected Strike+1","Pommel Strike","Perfected Strike"],"special_seed":0,"relics":["Burning Blood","Juzu Bracelet","Happy Flower","Golden Idol","Gremlin Horn","Bottled Flame","Odd Mushroom","Orrery","Red Skull","Regal Pillow"],"potions_floor_usage":[25,25],"damage_taken":[{"damage":7.0,"enemies":"2 Louse","floor":1.0,"turns":4.0},{"damage":12.0,"enemies":"Small Slimes","floor":3.0,"turns":3.0},{"damage":4.0,"enemies":"Cultist","floor":11.0,"turns":3.0},{"damage":25.0,"enemies":"Lagavulin Event","floor":12.0,"turns":5.0},{"damage":8.0,"enemies":"The Mushroom Lair","floor":14.0,"turns":3.0},{"damage":18.0,"enemies":"Slime Boss","floor":16.0,"turns":8.0},{"damage":11.0,"enemies":"Shell Parasite","floor":18.0,"turns":4.0},{"damage":5.0,"enemies":"Chosen","floor":22.0,"turns":3.0},{"damage":29,"enemies":"Gremlin Leader","floor":23,"turns":4},{"damage":33,"enemies":"Book of Stabbing","floor":25,"turns":4}],"seed_played":"2897675574221688936","potions_obtained":[{"floor":3.0,"key":"Ancient Potion"},{"floor":11.0,"key":"SpeedPotion"},{"floor":22.0,"key":"PowerPotion"}],"is_trial":false,"path_per_floor":["M","?","M","?","?","R","?","R","T","$","M","?","R","?","R","B",null,"M","?","?","$","M","E","R","E"],"character_chosen":"IRONCLAD","items_purchased":["Pommel Strike","Pommel Strike","Red Skull"],"campfire_rested":1,"item_purchase_floors":[10,21,21],"current_hp_per_floor":[67,62,56,56,56,56,33,33,33,33,35,16,16,14,34,22,57,52,52,52,52,53,30,30,0],"gold":164,"neow_bonus":"REMOVE_TWO","is_prod":false,"is_daily":false,"chose_seed":false,"campfire_upgraded":4,"win_rate":0,"timestamp":1564042792,"path_taken":["M","?","M","?","?","R","?","R","T","$","M","?","R","?","R","BOSS","M","?","?","$","M","E","R","E"],"build_version":"2019-01-23","purchased_purges":1,"victory":false,"max_hp_per_floor":[68,68,68,68,68,68,68,68,68,68,68,68,68,68,68,68,68,68,68,68,68,68,68,68,68],"card_choices":[{"not_picked":["Anger","Burning Pact"],"picked":"Clothesline","floor":1.0},{"not_picked":["Havoc","Combust","Second Wind"],"picked":"SKIP","floor":3.0},{"not_picked":["Heavy Blade","Twin Strike"],"picked":"Spot Weakness","floor":11.0},{"not_picked":["Armaments","Heavy Blade"],"picked":"Perfected Strike","floor":12.0},{"not_picked":["Flex","Dual Wield"],"picked":"Wild Strike","floor":14.0},{"not_picked":["Juggernaut","Berserk"],"picked":"Offering","floor":16.0},{"not_picked":["Heavy Blade","Burning Pact"],"picked":"Iron Wave","floor":17.0},{"not_picked":["Anger","Whirlwind"],"picked":"Shrug It Off","floor":17.0},{"not_picked":["Clash","Clothesline"],"picked":"True Grit","floor":17.0},{"not_picked":["Iron Wave","Clash"],"picked":"Perfected Strike","floor":17.0},{"not_picked":["Rampage","Entrench"],"picked":"Clothesline","floor":17.0},{"not_picked":["Warcry","Reckless Charge+1","Impervious"],"picked":"SKIP","floor":18.0},{"not_picked":["Warcry","Spot Weakness"],"picked":"Perfected Strike","floor":22.0},{"not_picked":["Heavy Blade","Flex","Thunderclap"],"picked":"SKIP","floor":23}],"player_experience":322301,"relics_obtained":[{"floor":9.0,"key":"Gremlin Horn"},{"floor":12.0,"key":"Bottled Flame"},{"floor":14.0,"key":"Odd Mushroom"},{"floor":23,"key":"Regal Pillow"}],"event_choices":[{"damage_healed":0.0,"max_hp_gain":0.0,"max_hp_loss":0.0,"gold_gain":0.0,"event_name":"Scrap Ooze","player_choice":"Success","floor":2.0,"gold_loss":0.0,"damage_taken":5.0,"relics_obtained":["Juzu Bracelet"]},{"damage_healed":0.0,"max_hp_gain":0.0,"max_hp_loss":0.0,"gold_gain":0.0,"event_name":"Big Fish","player_choice":"Box","floor":4.0,"gold_loss":0.0,"damage_taken":0.0,"relics_obtained":["Happy Flower"],"cards_obtained":["Regret"]},{"damage_healed":0.0,"max_hp_gain":0.0,"max_hp_loss":0.0,"gold_gain":50.0,"event_name":"Golden Shrine","player_choice":"Pray","floor":5.0,"gold_loss":0.0,"damage_taken":0.0},{"damage_healed":0.0,"max_hp_gain":0.0,"max_hp_loss":0.0,"gold_gain":0.0,"event_name":"Golden Idol","player_choice":"Take Damage","floor":7.0,"gold_loss":0.0,"damage_taken":23.0,"relics_obtained":["Golden Idol"]},{"damage_healed":0.0,"max_hp_gain":0.0,"max_hp_loss":0.0,"gold_gain":0.0,"event_name":"Dead Adventurer","player_choice":"Searched \u00271\u0027 times","floor":12.0,"gold_loss":0.0,"damage_taken":0.0},{"damage_healed":0.0,"max_hp_gain":0.0,"max_hp_loss":0.0,"gold_gain":0.0,"event_name":"Mushrooms","player_choice":"Fought Mushrooms","floor":14.0,"gold_loss":0.0,"damage_taken":0.0},{"damage_healed":0.0,"max_hp_gain":0.0,"max_hp_loss":0.0,"gold_gain":0.0,"event_name":"Duplicator","player_choice":"Copied","floor":19.0,"gold_loss":0.0,"damage_taken":0.0,"cards_obtained":["Perfected Strike"]},{"damage_healed":0.0,"max_hp_gain":0.0,"max_hp_loss":0.0,"gold_gain":0.0,"event_name":"Beggar","player_choice":"Ignored","floor":20.0,"gold_loss":0.0,"damage_taken":0.0}],"is_beta":false,"boss_relics":[{"not_picked":["Runic Cube","Mark of Pain"],"picked":"Orrery"}],"items_purged_floors":[10],"is_endless":false,"potions_floor_spawned":[3,11,22],"killed_by":"Book of Stabbing","ascension_level":15}