{"gold_per_floor":[113,127,147,147,197,222,241,267,267,286,303,316,333,351,351,351],"floor_reached":16,"playtime":881,"items_purged":[],"score":218,"play_id":"2fa4c7a9-99c0-4cf0-8ac1-0542d4f0134c","local_time":"20190622220528","is_ascension_mode":true,"campfire_choices":[{"floor":15,"key":"REST"}],"neow_cost":"NONE","seed_source_timestamp":637980228827419,"circlet_count":0,"master_deck":["AscendersBane","Defend_G","Defend_G","Defend_G","Defend_G","Defend_G","Strike_G","Strike_G","Strike_G","Strike_G","Strike_G","Survivor","Neutralize","Dash","PiercingWail","Dagger Spray","Flying Knee","Quick Slash","Backstab","Footwork","Dodge and Roll","Blade Dance","Blade Dance"],"special_seed":0,"relics":["Ring of the Snake","NeowsBlessing","Oddly Smooth Stone","Blue Candle","Bottled Flame"],"potions_floor_usage":[8,8,16],"damage_taken":[{"damage":0.0,"enemies":"Cultist","floor":1.0,"turns":1.0},{"damage":0.0,"enemies":"Small Slimes","floor":2.0,"turns":1.0},{"damage":0.0,"enemies":"Jaw Worm","floor":3.0,"turns":1.0},{"damage":18.0,"enemies":"Gremlin Nob","floor":6.0,"turns":5.0},{"damage":0.0,"enemies":"Exordium Wildlife","floor":7.0,"turns":3.0},{"damage":24,"enemies":"Lagavulin","floor":8,"turns":7},{"damage":5,"enemies":"Exordium Thugs","floor":10,"turns":3},{"damage":3,"enemies":"Large Slime","floor":11,"turns":6},{"damage":0,"enemies":"2 Fungi Beasts","floor":12,"turns":3},{"damage":5,"enemies":"Blue Slaver","floor":13,"turns":4},{"damage":0,"enemies":"Gremlin Gang","floor":14,"turns":5},{"damage":26,"enemies":"Hexaghost","floor":16,"turns":15}],"seed_played":"8894585417525297363","potions_obtained":[{"floor":2.0,"key":"Energy Potion"},{"floor":3.0,"key":"FearPotion"},{"floor":7.0,"key":"Strength Potion"},{"floor":8,"key":"LiquidBronze"},{"floor":12,"key":"LiquidBronze"},{"floor":13,"key":"Weak Potion"}],"is_trial":false,"path_per_floor":["M","M","M","?","?","E","M","E","T","M","M","M","M","M","R","B"],"character_chosen":"THE_SILENT","items_purchased":[],"campfire_rested":1,"item_purchase_floors":[],"current_hp_per_floor":[59,59,59,59,59,41,41,17,17,12,9,9,4,4,23,0],"gold":351,"neow_bonus":"THREE_ENEMY_KILL","is_prod":false,"is_daily":false,"chose_seed":false,"campfire_upgraded":0,"win_rate":0,"timestamp":1561259128,"path_taken":["M","M","M","?","?","E","M","E","T","M","M","M","M","?","R","BOSS"],"build_version":"2019-01-23","purchased_purges":0,"victory":false,"max_hp_per_floor":[66,66,66,66,66,66,66,66,66,66,66,66,66,66,66,66],"card_choices":[{"not_picked":["Deadly Poison","Leg Sweep"],"picked":"Dash","floor":1.0},{"not_picked":["Concentrate","Infinite Blades"],"picked":"PiercingWail","floor":2.0},{"not_picked":["Catalyst","Blade Dance"],"picked":"Dagger Spray","floor":3.0},{"not_picked":["Masterful Stab","Slice"],"picked":"Flying Knee","floor":6.0},{"not_picked":["Terror","Sucker Punch"],"picked":"Quick Slash","floor":7.0},{"not_picked":["Envenom","Terror"],"picked":"Backstab","floor":8},{"not_picked":["Slice","Calculated Gamble"],"picked":"Footwork","floor":10},{"not_picked":["Bane","Calculated Gamble"],"picked":"Dodge and Roll","floor":11},{"not_picked":["Sucker Punch","Choke"],"picked":"Blade Dance","floor":12},{"not_picked":["Slice","Tools of the Trade"],"picked":"Blade Dance","floor":13},{"not_picked":["Concentrate","Catalyst","Choke"],"picked":"SKIP","floor":14}],"player_experience":640191,"relics_obtained":[{"floor":6.0,"key":"Oddly Smooth Stone"},{"floor":8,"key":"Blue Candle"},{"floor":9,"key":"Bottled Flame"}],"event_choices":[{"damage_healed":0.0,"max_hp_gain":0.0,"max_hp_loss":0.0,"gold_gain":0.0,"event_name":"Liars Game","player_choice":"Ignored","floor":4.0,"gold_loss":0.0,"damage_taken":0.0},{"damage_healed":0.0,"max_hp_gain":0.0,"max_hp_loss":0.0,"gold_gain":50.0,"event_name":"Golden Shrine","player_choice":"Pray","floor":5.0,"gold_loss":0.0,"damage_taken":0.0}],"is_beta":false,"boss_relics":[],"items_purged_floors":[],"is_endless":false,"potions_floor_spawned":[2,3,7,8,12,13],"killed_by":"Hexaghost","ascension_level":17}