{"gold_per_floor":[110,128,303,112,128,128,145,160,230,258,258,268,268,7,7,102,102,119,133,33,52,70,70,70,82,82,82,82,82],"floor_reached":29,"playtime":2432,"items_purged":["Doubt","Strike_G"],"score":227,"play_id":"752b3a00-6b98-450d-98c5-5e5c3c2839f2","local_time":"20181125174237","is_ascension_mode":false,"campfire_choices":[{"data":"Footwork","floor":6,"key":"SMITH"},{"floor":13,"key":"REST"},{"floor":15,"key":"REST"},{"data":"Backflip","floor":23,"key":"SMITH"},{"floor":28,"key":"REST"}],"neow_cost":"NONE","seed_source_timestamp":1022184271965148,"circlet_count":0,"master_deck":["Defend_G+1","Defend_G","Defend_G","Defend_G","Defend_G","Strike_G","Strike_G","Strike_G","Strike_G","Survivor","Neutralize","Blind+1","Dagger Spray","Deadly Poison","Footwork+1","Backflip+1","Expertise","Acrobatics","All Out Attack","Poisoned Stab","Die Die Die","Noxious Fumes","Terror+1","Deadly Poison+1","Bane","Leg Sweep+1","Footwork","Dodge and Roll+1","Prepared+1"],"relics":["Ring of the Serpent","Prayer Wheel","Toxic Egg 2","Bottled Tornado"],"potions_floor_usage":[16,18,21],"damage_taken":[{"damage":2,"enemies":"Jaw Worm","floor":1,"turns":6},{"damage":0,"enemies":"2 Louse","floor":2,"turns":2},{"damage":0,"enemies":"Cultist","floor":5,"turns":4},{"damage":1,"enemies":"3 Louse","floor":7,"turns":3},{"damage":1,"enemies":"2 Fungi Beasts","floor":8,"turns":4},{"damage":25,"enemies":"3 Sentries","floor":10,"turns":18},{"damage":10,"enemies":"Red Slaver","floor":12,"turns":5},{"damage":38,"enemies":"The Guardian","floor":16,"turns":14},{"damage":2,"enemies":"Spheric Guardian","floor":18,"turns":6},{"damage":22,"enemies":"2 Thieves","floor":19,"turns":4},{"damage":2,"enemies":"3 Cultists","floor":21,"turns":5},{"damage":13,"enemies":"Centurion and Healer","floor":22,"turns":8},{"damage":1,"enemies":"Snake Plant","floor":25,"turns":6},{"damage":3,"enemies":"Colosseum Slavers","floor":29,"turns":6},{"damage":71,"enemies":"Colosseum Nobs","floor":29,"turns":5}],"seed_played":"-4487253913396059797","potions_obtained":[{"floor":8,"key":"FairyPotion"},{"floor":10,"key":"Block Potion"},{"floor":16,"key":"Block Potion"},{"floor":19,"key":"AttackPotion"}],"is_trial":false,"path_per_floor":["M","M","?","$","M","R","M","M","T","E","?","M","R","$","R","B",null,"M","M","$","M","M","R","?","M","T","$","R","?"],"character_chosen":"THE_SILENT","items_purchased":["Footwork","Backflip","Toxic Egg 2"],"campfire_rested":3,"item_purchase_floors":[4,4,14],"current_hp_per_floor":[68,68,68,68,68,68,67,66,66,41,27,17,38,38,59,21,70,68,46,46,44,31,31,31,30,30,30,51,0],"gold":82,"neow_bonus":"RANDOM_COLORLESS","is_prod":false,"is_daily":false,"chose_seed":false,"campfire_upgraded":2,"win_rate":0,"timestamp":1543189357,"path_taken":["M","M","?","$","M","R","M","M","T","E","?","M","R","?","R","BOSS","M","M","$","M","M","R","?","?","T","$","R","?"],"build_version":"2018-11-15","purchased_purges":2,"victory":false,"max_hp_per_floor":[70,70,70,70,70,70,70,70,70,70,70,70,70,70,70,70,70,70,70,70,70,70,70,70,70,70,70,70,70],"card_choices":[{"not_picked":["Cloak And Dagger","Dagger Throw"],"picked":"Dagger Spray","floor":1},{"not_picked":["Distraction","Caltrops"],"picked":"Deadly Poison","floor":2},{"not_picked":["Blade Dance","Dagger Throw"],"picked":"Expertise","floor":5},{"not_picked":["Acrobatics","Doppelganger","Quick Slash"],"picked":"SKIP","floor":7},{"not_picked":["Sucker Punch","Tactician"],"picked":"Acrobatics","floor":8},{"not_picked":["Footwork","Distraction"],"picked":"All Out Attack","floor":10},{"not_picked":["Accuracy","Quick Slash"],"picked":"Poisoned Stab","floor":12},{"not_picked":["Dagger Throw","Reflex","Flechettes"],"picked":"SKIP","floor":12},{"not_picked":["Wraith Form v2","Night Terror+1"],"picked":"Die Die Die","floor":16},{"not_picked":["Outmaneuver+1","Cloak And Dagger+1"],"picked":"Noxious Fumes","floor":18},{"not_picked":["Dagger Throw+1","PiercingWail+1"],"picked":"Terror+1","floor":18},{"not_picked":["Calculated Gamble+1","Caltrops"],"picked":"Deadly Poison+1","floor":19},{"not_picked":["Flying Knee","Predator"],"picked":"Bane","floor":19},{"not_picked":["Poisoned Stab","Escape Plan+1"],"picked":"Leg Sweep+1","floor":21},{"not_picked":["Quick Slash","Deadly Poison+1"],"picked":"Footwork","floor":21},{"not_picked":["Deadly Poison+1","Predator"],"picked":"Dodge and Roll+1","floor":22},{"not_picked":["Outmaneuver+1","Blade Dance+1","Wraith Form v2"],"picked":"SKIP","floor":22},{"not_picked":["PiercingWail+1","After Image"],"picked":"Prepared+1","floor":25},{"not_picked":["Cloak And Dagger+1","Eviscerate","Choke"],"picked":"SKIP","floor":25}],"player_experience":93408,"relics_obtained":[{"floor":10,"key":"Prayer Wheel"},{"floor":26,"key":"Bottled Tornado"}],"event_choices":[{"damage_healed":0,"gold_gain":175,"player_choice":"AGREE","damage_taken":0,"max_hp_gain":0,"max_hp_loss":0,"event_name":"Liars Game","floor":3,"gold_loss":0,"cards_obtained":["Doubt"]},{"damage_healed":0,"gold_gain":0,"player_choice":"Entered Light","damage_taken":14,"max_hp_gain":0,"max_hp_loss":0,"event_name":"Shining Light","floor":11,"gold_loss":0,"cards_upgraded":["Defend_G","Blind"]},{"damage_healed":0,"gold_gain":0,"player_choice":"Ignored","damage_taken":0,"max_hp_gain":0,"max_hp_loss":0,"event_name":"N\u0027loth","floor":24,"gold_loss":0},{"damage_healed":0,"gold_gain":0,"player_choice":"Fight","damage_taken":0,"max_hp_gain":0,"max_hp_loss":0,"event_name":"Colosseum","floor":29,"gold_loss":0},{"damage_healed":0,"gold_gain":0,"player_choice":"Fought Nobs","damage_taken":0,"max_hp_gain":0,"max_hp_loss":0,"event_name":"Colosseum","floor":29,"gold_loss":0}],"is_beta":false,"boss_relics":[{"not_picked":["WristBlade","White Beast Statue"],"picked":"Ring of the Serpent"}],"items_purged_floors":[4,20],"is_endless":false,"potions_floor_spawned":[8,10,16,19,29],"killed_by":"Colosseum Nobs","ascension_level":0}