{"gold_per_floor":[118,118,128,140,65,65,79,110,110,110,110,128,146,156,156,233,233,211,224,52,64,64,64,79,79,79,79],"floor_reached":27,"playtime":1580,"items_purged":["Clothesline"],"score":401,"play_id":"0fc07b40-bd86-4d05-931a-39da393a8f9f","local_time":"20190622194922","is_ascension_mode":true,"campfire_choices":[{"data":"Bash","floor":6,"key":"SMITH"},{"floor":10,"key":"REST"},{"floor":15,"key":"REST"},{"data":"Pommel Strike","floor":23,"key":"SMITH"},{"data":"True Grit","floor":25,"key":"SMITH"}],"neow_cost":"NONE","seed_source_timestamp":629147588482805,"circlet_count":0,"master_deck":["AscendersBane","Strike_R","Strike_R","Strike_R","Strike_R","Defend_R+1","Defend_R+1","Defend_R+1","Bash+1","Combust+1","Shrug It Off","True Grit","Feed","Shrug It Off","True Grit+1","Offering","Intimidate","Pommel Strike+1","Shockwave","Hemokinesis","Anger"],"relics":["Black Blood","NeowsBlessing","Ornamental Fan","War Paint","Shuriken","Anchor"],"potions_floor_usage":[7,12,16,24,27],"damage_taken":[{"damage":0,"enemies":"2 Louse","floor":1,"turns":1},{"damage":0,"enemies":"Jaw Worm","floor":3,"turns":1},{"damage":0,"enemies":"Cultist","floor":4,"turns":1},{"damage":2,"enemies":"2 Fungi Beasts","floor":7,"turns":2},{"damage":34,"enemies":"3 Sentries","floor":8,"turns":7},{"damage":6,"enemies":"3 Louse","floor":12,"turns":4},{"damage":8,"enemies":"Looter","floor":13,"turns":4},{"damage":11,"enemies":"2 Fungi Beasts","floor":14,"turns":3},{"damage":40,"enemies":"Slime Boss","floor":16,"turns":13},{"damage":12,"enemies":"2 Thieves","floor":18,"turns":4},{"damage":10,"enemies":"3 Byrds","floor":19,"turns":6},{"damage":21,"enemies":"Snecko","floor":21,"turns":6},{"damage":19,"enemies":"Centurion and Healer","floor":24,"turns":7},{"damage":52,"enemies":"Slavers","floor":27,"turns":7}],"seed_played":"4803537190611814329","potions_obtained":[{"floor":3,"key":"PowerPotion"},{"floor":4,"key":"Fire Potion"},{"floor":14,"key":"EssenceOfSteel"},{"floor":18,"key":"FearPotion"},{"floor":19,"key":"FearPotion"}],"is_trial":false,"path_per_floor":["M","?","M","M","?","R","M","E","T","R","?","M","M","M","R","B",null,"M","M","$","M","?","R","M","R","T","E"],"character_chosen":"IRONCLAD","items_purchased":["Shockwave","Fire Potion"],"campfire_rested":2,"item_purchase_floors":[20,20],"current_hp_per_floor":[74,39,45,51,51,51,55,27,27,49,26,29,27,25,49,18,68,66,69,69,58,58,58,49,49,49,0],"gold":79,"neow_bonus":"THREE_ENEMY_KILL","is_prod":false,"is_daily":false,"chose_seed":false,"campfire_upgraded":3,"win_rate":0,"timestamp":1561250962,"path_taken":["M","?","M","M","?","R","M","E","T","R","?","M","M","M","R","BOSS","M","M","$","M","?","R","?","R","T","E"],"build_version":"2019-01-23","purchased_purges":1,"victory":false,"max_hp_per_floor":[75,75,75,75,75,75,75,75,75,75,75,78,78,81,81,84,84,84,87,87,87,87,87,87,87,87,90],"card_choices":[{"not_picked":["Cleave","Second Wind"],"picked":"Combust","floor":1},{"not_picked":["Armaments","Twin Strike"],"picked":"Clothesline","floor":3},{"not_picked":["Carnage","Sever Soul"],"picked":"Shrug It Off","floor":4},{"not_picked":["Wild Strike","Thunderclap"],"picked":"True Grit","floor":7},{"not_picked":["Shrug It Off","True Grit"],"picked":"Feed","floor":8},{"not_picked":["Fire Breathing","Rage"],"picked":"Shrug It Off","floor":12},{"not_picked":["Clothesline","Pommel Strike","True Grit"],"picked":"SKIP","floor":13},{"not_picked":["Clothesline","Pommel Strike"],"picked":"True Grit","floor":13},{"not_picked":["Iron Wave","Twin Strike","True Grit"],"picked":"SKIP","floor":14},{"not_picked":["Dark Embrace","Reaper"],"picked":"Offering","floor":16},{"not_picked":["Clash+1","Sentinel"],"picked":"Intimidate","floor":18},{"not_picked":["Entrench","Body Slam"],"picked":"Pommel Strike","floor":19},{"not_picked":["Pommel Strike","Second Wind"],"picked":"Hemokinesis","floor":21},{"not_picked":["Flex","Offering"],"picked":"Anger","floor":24}],"player_experience":631727,"relics_obtained":[{"floor":8,"key":"War Paint"},{"floor":9,"key":"Shuriken"},{"floor":26,"key":"Anchor"}],"event_choices":[{"damage_healed":0,"gold_gain":0,"player_choice":"Success","damage_taken":35,"relics_obtained":["Ornamental Fan"],"max_hp_gain":0,"max_hp_loss":0,"event_name":"Scrap Ooze","floor":2,"gold_loss":0},{"cards_removed":["Strike_R"],"damage_healed":0,"gold_gain":0,"player_choice":"Card Removal","damage_taken":0,"max_hp_gain":0,"max_hp_loss":0,"event_name":"The Cleric","floor":5,"gold_loss":75},{"damage_healed":0,"gold_gain":0,"player_choice":"Entered Light","damage_taken":23,"max_hp_gain":0,"max_hp_loss":0,"event_name":"Shining Light","floor":11,"gold_loss":0,"cards_upgraded":["Combust","Defend_R"]},{"cards_removed":["Defend_R"],"damage_healed":0,"gold_gain":0,"player_choice":"Offered Basic","damage_taken":0,"max_hp_gain":0,"max_hp_loss":0,"event_name":"Bonfire Elementals","floor":22,"gold_loss":0}],"is_beta":false,"boss_relics":[{"not_picked":["Tiny House","Empty Cage"],"picked":"Black Blood"}],"items_purged_floors":[20],"is_endless":false,"potions_floor_spawned":[3,4,14,18,19],"killed_by":"Slavers","ascension_level":17}