{"gold_per_floor":[112,132,151,171,182,182,209,209,209,70,88,106,32,65,65,141,141,157,9,9,29,41,67,67,100,100,100,115,126,126,51,51,128,128,138,138,151,165,165],"floor_reached":39,"playtime":2954,"items_purged":["Strike_R"],"score":740,"play_id":"edea2073-246e-4ef3-9a9f-97d55d35b486","local_time":"20190614115530","is_ascension_mode":true,"campfire_choices":[{"data":"Carnage","floor":6.0,"key":"SMITH"},{"data":"Bash","floor":15.0,"key":"SMITH"},{"floor":24,"key":"REST"},{"data":"True Grit","floor":27,"key":"SMITH"},{"data":"Fiend Fire","floor":30,"key":"SMITH"},{"floor":32,"key":"REST"}],"neow_cost":"NONE","seed_source_timestamp":0,"circlet_count":0,"master_deck":["AscendersBane","Strike_R","Strike_R","Strike_R","Strike_R","Defend_R+1","Defend_R","Defend_R","Defend_R","True Grit+1","Carnage+1","Flame Barrier+1","Offering","Metallicize+1","Uppercut","Spot Weakness","Anger","Spot Weakness","Flame Barrier","Feed","Fiend Fire+1","Metallicize+1","Inflame+1","Bloodletting+1","Reaper+1","Sword Boomerang+1","Heavy Blade+1"],"special_seed":0,"relics":["Burning Blood","NeowsBlessing","FossilizedHelix","Frozen Egg 2","Paper Frog","Runic Pyramid","Molten Egg 2","Red Skull","Self Forming Clay","Cursed Key"],"potions_floor_usage":[33,33],"damage_taken":[{"damage":0.0,"enemies":"Cultist","floor":1.0,"turns":1.0},{"damage":0.0,"enemies":"Jaw Worm","floor":2.0,"turns":1.0},{"damage":0.0,"enemies":"Small Slimes","floor":3.0,"turns":1.0},{"damage":0.0,"enemies":"3 Louse","floor":4.0,"turns":1.0},{"damage":7.0,"enemies":"Exordium Wildlife","floor":5.0,"turns":5.0},{"damage":23.0,"enemies":"3 Sentries","floor":7.0,"turns":8.0},{"damage":0.0,"enemies":"Exordium Thugs","floor":11.0,"turns":4.0},{"damage":0.0,"enemies":"Looter","floor":12.0,"turns":2.0},{"damage":22.0,"enemies":"Lagavulin","floor":14.0,"turns":5.0},{"damage":35.0,"enemies":"Hexaghost","floor":16.0,"turns":8.0},{"damage":8.0,"enemies":"Shell Parasite","floor":18.0,"turns":6.0},{"damage":10.0,"enemies":"2 Thieves","floor":21.0,"turns":4.0},{"damage":31.0,"enemies":"3 Cultists","floor":22.0,"turns":7.0},{"damage":22.0,"enemies":"Slavers","floor":23.0,"turns":6.0},{"damage":25,"enemies":"Book of Stabbing","floor":25,"turns":4},{"damage":6,"enemies":"Chosen and Byrds","floor":28,"turns":5},{"damage":0,"enemies":"Sentry and Sphere","floor":29,"turns":3},{"damage":33,"enemies":"Champ","floor":33,"turns":12},{"damage":30,"enemies":"3 Shapes","floor":35,"turns":5},{"damage":7,"enemies":"Orb Walker","floor":37,"turns":3},{"damage":29,"enemies":"Transient","floor":38,"turns":5},{"damage":18,"enemies":"Sphere and 2 Shapes","floor":39,"turns":2}],"seed_played":"-6110250627410529356","potions_obtained":[{"floor":2.0,"key":"Explosive Potion"},{"floor":4.0,"key":"Regen Potion"},{"floor":5.0,"key":"EssenceOfSteel"},{"floor":21.0,"key":"SkillPotion"},{"floor":22.0,"key":"PowerPotion"},{"floor":37,"key":"Energy Potion"},{"floor":38,"key":"Poison Potion"}],"is_trial":false,"path_per_floor":["M","M","M","M","M","R","E","?","T","$","M","M","$","E","R","B",null,"M","$","?","M","M","E","R","E","T","R","M","M","R","$","R","B",null,"M","?","M","M","M"],"character_chosen":"IRONCLAD","items_purchased":["Metallicize+1","Uppercut","Spot Weakness","Fiend Fire"],"campfire_rested":2,"item_purchase_floors":[10,10,13,19],"current_hp_per_floor":[74,75,75,75,74,74,57,42,42,42,48,54,54,47,47,18,61,62,62,62,58,33,20,44,25,25,25,28,37,37,37,63,36,74,50,50,63,48,40],"gold":165,"neow_bonus":"THREE_ENEMY_KILL","is_prod":false,"is_daily":false,"chose_seed":false,"campfire_upgraded":4,"win_rate":0,"timestamp":1560531330,"path_taken":["M","?","M","M","M","R","E","?","T","$","M","M","$","E","R","BOSS","M","$","?","M","M","E","R","E","T","R","M","M","R","$","R","BOSS","M","?","M","M","M"],"build_version":"2019-01-23","purchased_purges":1,"victory":false,"max_hp_per_floor":[75,75,75,75,75,75,75,75,75,75,75,75,75,75,75,75,75,78,78,78,78,78,81,81,81,81,81,84,87,87,87,87,87,87,87,87,87,87,87],"card_choices":[{"not_picked":["Thunderclap","Clash"],"picked":"True Grit","floor":1.0},{"not_picked":["Perfected Strike","Wild Strike"],"picked":"Carnage","floor":2.0},{"not_picked":["Iron Wave","Thunderclap"],"picked":"Flame Barrier","floor":3.0},{"not_picked":["Flex","Thunderclap","Bloodletting"],"picked":"SKIP","floor":4.0},{"not_picked":["Flex","Thunderclap","Bloodletting"],"picked":"SKIP","floor":4.0},{"not_picked":["Fire Breathing","Sword Boomerang","Second Wind"],"picked":"SKIP","floor":5.0},{"not_picked":["Flex","Shockwave"],"picked":"Offering","floor":7.0},{"not_picked":["Shrug It Off","Uppercut"],"picked":"Spot Weakness","floor":11.0},{"not_picked":["Armaments","Corruption+1"],"picked":"Anger","floor":12.0},{"not_picked":["Clash","Warcry"],"picked":"Flame Barrier","floor":14.0},{"not_picked":["Offering","Barricade+1"],"picked":"Feed","floor":16.0},{"not_picked":["Warcry+1","Flame Barrier","Battle Trance"],"picked":"SKIP","floor":18.0},{"not_picked":["Sever Soul","Carnage","Hemokinesis"],"picked":"SKIP","floor":21.0},{"not_picked":["Pommel Strike","Thunderclap","Seeing Red"],"picked":"SKIP","floor":22.0},{"not_picked":["Infernal Blade","Searing Blow","Warcry"],"picked":"SKIP","floor":23.0},{"not_picked":["Wild Strike+1","Blood for Blood+1"],"picked":"Metallicize+1","floor":25},{"not_picked":["Fire Breathing+1","Rupture+1"],"picked":"Inflame+1","floor":28},{"not_picked":["Dropkick+1","Armaments"],"picked":"Bloodletting+1","floor":29},{"not_picked":["Dark Embrace+1","Feed+1"],"picked":"Reaper+1","floor":33},{"not_picked":["Anger+1","Iron Wave+1"],"picked":"Sword Boomerang+1","floor":35},{"not_picked":["Clothesline+1","Warcry","Anger+1"],"picked":"SKIP","floor":37},{"not_picked":["Thunderclap+1","Feel No Pain+1"],"picked":"Heavy Blade+1","floor":38}],"player_experience":553711,"relics_obtained":[{"floor":7.0,"key":"FossilizedHelix"},{"floor":9.0,"key":"Frozen Egg 2"},{"floor":14.0,"key":"Paper Frog"},{"floor":23.0,"key":"Molten Egg 2"},{"floor":25,"key":"Red Skull"},{"floor":26,"key":"Self Forming Clay"}],"event_choices":[{"damage_healed":0.0,"max_hp_gain":0.0,"max_hp_loss":0.0,"gold_gain":0.0,"event_name":"Shining Light","player_choice":"Entered Light","floor":8.0,"gold_loss":0.0,"damage_taken":15.0,"cards_upgraded":["Defend_R","Flame Barrier"]},{"damage_healed":0.0,"max_hp_gain":0.0,"max_hp_loss":0.0,"gold_gain":0.0,"event_name":"The Mausoleum","player_choice":"Ignored","floor":20.0,"gold_loss":0.0,"damage_taken":0.0},{"cards_removed":["Bash"],"damage_healed":0,"gold_gain":0,"player_choice":"Removed Attack","damage_taken":0,"max_hp_gain":0,"max_hp_loss":0,"event_name":"Falling","floor":36,"gold_loss":0}],"is_beta":false,"boss_relics":[{"not_picked":["Ectoplasm","Calling Bell"],"picked":"Runic Pyramid"},{"not_picked":["Tiny House","Velvet Choker"],"picked":"Cursed Key"}],"items_purged_floors":[31],"is_endless":false,"potions_floor_spawned":[2,4,5,21,22,25,37,38],"killed_by":"Sphere and 2 Shapes","ascension_level":14}