{"gold_per_floor":[115,115,115,130,145,145,189,203,230,266,279,156,156,78,78,197,197,216,216,232,232,244,244,262,262,262,287,287,306,32,51,51,153,153,164,182,197,217,231,231,453,453,476,386,142,157,185,197,197,197],"floor_reached":51,"playtime":4932,"items_purged":["Injury","Strike_B"],"score":788,"play_id":"f15e4814-8394-4fe5-8e43-35a0bf110b43","local_time":"20190127114436","is_ascension_mode":true,"campfire_choices":[{"data":"Go for the Eyes","floor":6,"key":"SMITH"},{"data":"Dualcast","floor":13,"key":"SMITH"},{"floor":15,"key":"REST"},{"data":"Defragment","floor":23,"key":"SMITH"},{"data":"Buffer","floor":25,"key":"SMITH"},{"data":"Coolheaded","floor":32,"key":"SMITH"},{"data":"Fission","floor":40,"key":"SMITH"},{"data":"Heatsinks","floor":42,"key":"SMITH"},{"data":"Coolheaded","floor":49,"key":"SMITH"}],"neow_cost":"NONE","seed_source_timestamp":243435952729195,"circlet_count":0,"master_deck":["Strike_B","Strike_B","Defend_B","Defend_B","Defend_B","Defend_B","Zap","Dualcast+1","Auto Shields+1","Compile Driver","Go for the Eyes+1","Genetic Algorithm","Coolheaded+1","Ball Lightning","Ball Lightning","Defragment+1","Hologram+1","Leap+1","Buffer+1","Coolheaded+1","Defragment+1","Heatsinks+1","Coolheaded+1","Fission+1","Barrage+1","Tempest","Chaos+1"],"relics":["Cracked Core","Potion Belt","Ancient Tea Set","Bloody Idol","Oddly Smooth Stone","Bronze Scales","Ornamental Fan","Inserter","CultistMask","Shuriken","Red Mask","DollysMirror","Coffee Dripper","Blood Vial","Strawberry","Happy Flower"],"potions_floor_usage":[7,10,10,16,22,22,27,46,47,47,50],"damage_taken":[{"damage":7,"enemies":"Jaw Worm","floor":1,"turns":3},{"damage":0,"enemies":"Cultist","floor":4,"turns":3},{"damage":0,"enemies":"Small Slimes","floor":5,"turns":3},{"damage":25,"enemies":"3 Sentries","floor":7,"turns":10},{"damage":1,"enemies":"3 Louse","floor":8,"turns":3},{"damage":0,"enemies":"Gremlin Nob","floor":10,"turns":3},{"damage":0,"enemies":"Exordium Thugs","floor":11,"turns":5},{"damage":22,"enemies":"Slime Boss","floor":16,"turns":10},{"damage":6,"enemies":"Chosen","floor":18,"turns":4},{"damage":8,"enemies":"Shell Parasite","floor":20,"turns":5},{"damage":5,"enemies":"Snecko","floor":22,"turns":6},{"damage":5,"enemies":"Snake Plant","floor":24,"turns":4},{"damage":13,"enemies":"Masked Bandits","floor":27,"turns":4},{"damage":0,"enemies":"Chosen and Byrds","floor":29,"turns":5},{"damage":11,"enemies":"Centurion and Healer","floor":31,"turns":10},{"damage":0,"enemies":"Automaton","floor":33,"turns":11},{"damage":0,"enemies":"3 Shapes","floor":35,"turns":4},{"damage":0,"enemies":"Orb Walker","floor":36,"turns":4},{"damage":10,"enemies":"Sphere and 2 Shapes","floor":37,"turns":5},{"damage":0,"enemies":"4 Shapes","floor":38,"turns":7},{"damage":18,"enemies":"Writhing Mass","floor":39,"turns":7},{"damage":2,"enemies":"Jaw Worm Horde","floor":46,"turns":4},{"damage":21,"enemies":"Reptomancer","floor":47,"turns":8},{"damage":0,"enemies":"3 Darklings","floor":48,"turns":7},{"damage":11,"enemies":"Donu and Deca","floor":50,"turns":8}],"seed_played":"5318868849505172217","potions_obtained":[{"floor":5,"key":"EssenceOfSteel"},{"floor":7,"key":"PowerPotion"},{"floor":8,"key":"FearPotion"},{"floor":10,"key":"Poison Potion"},{"floor":16,"key":"GamblersBrew"},{"floor":18,"key":"Block Potion"},{"floor":24,"key":"Weak Potion"},{"floor":29,"key":"FearPotion"},{"floor":37,"key":"SkillPotion"},{"floor":39,"key":"PowerPotion"},{"floor":46,"key":"EssenceOfSteel"}],"is_trial":false,"path_per_floor":["M","?","?","M","M","R","E","M","T","E","M","$","R","$","R","B",null,"M","?","M","?","M","R","M","R","T","?","?","M","$","M","R","B",null,"M","M","M","M","M","R","?","R","T","?","$","M","E","M","R","B",null],"character_chosen":"DEFECT","items_purchased":["Ball Lightning","Defragment","DollysMirror","Heatsinks","Strawberry"],"campfire_rested":1,"item_purchase_floors":[12,14,30,30,45],"current_hp_per_floor":[68,56,56,56,56,56,31,30,30,30,30,30,30,30,52,30,75,69,69,66,66,66,66,66,66,66,58,58,63,63,57,57,62,75,75,75,70,75,62,62,67,67,72,72,79,82,66,73,73,64],"gold":197,"neow_bonus":"RANDOM_COMMON_RELIC","is_prod":false,"is_daily":false,"chose_seed":false,"campfire_upgraded":8,"win_rate":1,"timestamp":1548611076,"path_taken":["M","?","?","M","M","R","E","M","T","E","?","$","R","?","R","BOSS","M","?","M","?","M","R","?","R","T","?","?","?","$","M","R","BOSS","M","M","M","M","M","R","?","R","T","?","$","M","E","M","R","BOSS"],"build_version":"2019-01-23","purchased_purges":2,"victory":true,"max_hp_per_floor":[75,75,75,75,75,75,75,75,75,75,75,75,75,75,75,75,75,75,75,75,75,75,75,75,75,75,75,75,75,75,75,75,75,75,75,75,75,75,75,75,75,75,75,75,82,82,82,82,82,82],"card_choices":[{"not_picked":["Hologram","Chill"],"picked":"Auto Shields","floor":1},{"not_picked":["Streamline","Reinforced Body"],"picked":"Compile Driver","floor":4},{"not_picked":["Steam","Conserve Battery"],"picked":"Go for the Eyes","floor":5},{"not_picked":["Sweeping Beam","Go for the Eyes"],"picked":"Genetic Algorithm","floor":7},{"not_picked":["White Noise","Buffer"],"picked":"Coolheaded","floor":8},{"not_picked":["Steam","Hello World","Go for the Eyes"],"picked":"SKIP","floor":10},{"not_picked":["Hello World","Heatsinks"],"picked":"Ball Lightning","floor":11},{"not_picked":["Compile Driver","Go for the Eyes"],"picked":"Hologram+1","floor":18},{"not_picked":["Genetic Algorithm","Gash","Sweeping Beam"],"picked":"SKIP","floor":20},{"not_picked":["Ball Lightning","Force Field"],"picked":"Leap+1","floor":22},{"not_picked":["Steam","Rebound"],"picked":"Buffer","floor":24},{"not_picked":["Rebound","Streamline"],"picked":"Coolheaded+1","floor":27},{"not_picked":["Gash","Rebound","Rainbow"],"picked":"SKIP","floor":29},{"not_picked":["Coolheaded","Conserve Battery","Barrage+1"],"picked":"SKIP","floor":31},{"not_picked":["Conserve Battery","Barrage+1"],"picked":"Coolheaded","floor":31},{"not_picked":["All For One","Electrodynamics"],"picked":"Fission","floor":33},{"not_picked":["Aggregate+1","Auto Shields+1","Barrage"],"picked":"SKIP","floor":35},{"not_picked":["Auto Shields","FTL"],"picked":"Barrage+1","floor":36},{"not_picked":["Scrape","Compile Driver","Rebound"],"picked":"SKIP","floor":37},{"not_picked":["Conserve Battery","Sunder+1","Steam+1"],"picked":"SKIP","floor":38},{"not_picked":["Conserve Battery+1","Barrage+1","Leap+1"],"picked":"SKIP","floor":39},{"not_picked":["Leap+1","Steam"],"picked":"Tempest","floor":46},{"not_picked":["Beam Cell+1","Steam","Creative AI"],"picked":"SKIP","floor":47},{"not_picked":["Rebound","Redo+1"],"picked":"Chaos+1","floor":48}],"player_experience":35635,"relics_obtained":[{"floor":7,"key":"Oddly Smooth Stone"},{"floor":9,"key":"Bronze Scales"},{"floor":10,"key":"Ornamental Fan"},{"floor":26,"key":"Shuriken"},{"floor":27,"key":"Red Mask"},{"floor":43,"key":"Blood Vial"},{"floor":47,"key":"Happy Flower"}],"event_choices":[{"damage_healed":0,"gold_gain":0,"player_choice":"Success","damage_taken":12,"relics_obtained":["Ancient Tea Set"],"max_hp_gain":0,"max_hp_loss":0,"event_name":"Scrap Ooze","floor":2,"gold_loss":0},{"damage_healed":0,"gold_gain":0,"player_choice":"Take Wound","damage_taken":0,"relics_obtained":["Golden Idol"],"max_hp_gain":0,"max_hp_loss":0,"event_name":"Golden Idol","floor":3,"gold_loss":0,"cards_obtained":["Injury"]},{"damage_healed":0,"gold_gain":0,"player_choice":"Gave Idol","damage_taken":0,"relics_obtained":["Bloody Idol"],"max_hp_gain":0,"max_hp_loss":0,"event_name":"Forgotten Altar","floor":19,"relics_lost":["Golden Idol"],"gold_loss":0},{"damage_healed":0,"gold_gain":0,"player_choice":"Trade","damage_taken":0,"relics_obtained":["CultistMask"],"max_hp_gain":0,"max_hp_loss":0,"event_name":"FaceTrader","floor":21,"gold_loss":0},{"damage_healed":0,"gold_gain":0,"player_choice":"Fought Bandits","damage_taken":0,"max_hp_gain":0,"max_hp_loss":0,"event_name":"Masked Bandits","floor":27,"gold_loss":0},{"damage_healed":0,"gold_gain":0,"player_choice":"0 cards matched","damage_taken":0,"max_hp_gain":0,"max_hp_loss":0,"event_name":"Match and Keep!","floor":28,"gold_loss":0,"cards_obtained":[]},{"damage_healed":0,"gold_gain":222,"player_choice":"Wore Mask","damage_taken":0,"max_hp_gain":0,"max_hp_loss":0,"event_name":"Tomb of Lord Red Mask","floor":41,"gold_loss":0},{"cards_removed":["Strike_B"],"damage_healed":0,"gold_gain":0,"player_choice":"Upgrade and Remove","damage_taken":0,"max_hp_gain":0,"max_hp_loss":0,"event_name":"Designer","floor":44,"gold_loss":90,"cards_upgraded":["Auto Shields"]}],"is_beta":false,"boss_relics":[{"not_picked":["White Beast Statue","Ectoplasm"],"picked":"Inserter"},{"not_picked":["Cursed Key","Astrolabe"],"picked":"Coffee Dripper"}],"items_purged_floors":[12,45],"is_endless":false,"potions_floor_spawned":[5,7,8,10,16,18,24,29,37,39,46],"ascension_level":2}