{"gold_per_floor":[115,129,1,14,14,14,32,62,62,77,107,107,107,107,107,107],"floor_reached":16,"playtime":741,"items_purged":["Strike_B"],"score":105,"play_id":"7cfbd356-1038-4b82-9027-50b471453aad","local_time":"20181204175837","is_ascension_mode":true,"campfire_choices":[{"data":"Zap","floor":6,"key":"SMITH"},{"data":"Lockon","floor":12,"key":"SMITH"},{"floor":15,"key":"REST"}],"neow_cost":"NONE","seed_source_timestamp":1802441152755715,"circlet_count":0,"master_deck":["Strike_B","Strike_B","Strike_B","Defend_B","Defend_B","Defend_B","Defend_B","Zap+1","Dualcast+1","Consume+1","Lockon+1","Steam","Cold Snap+1","Coolheaded+1","Buffer"],"relics":["Cracked Core","Bottled Lightning","Odd Mushroom"],"potions_floor_usage":[8],"damage_taken":[{"damage":12,"enemies":"2 Louse","floor":1,"turns":2},{"damage":7,"enemies":"Small Slimes","floor":2,"turns":3},{"damage":0,"enemies":"Cultist","floor":4,"turns":3},{"damage":11,"enemies":"Large Slime","floor":7,"turns":4},{"damage":8,"enemies":"Gremlin Nob","floor":8,"turns":4},{"damage":7,"enemies":"Blue Slaver","floor":10,"turns":3},{"damage":13,"enemies":"The Mushroom Lair","floor":11,"turns":4},{"damage":37,"enemies":"The Guardian","floor":16,"turns":8}],"seed_played":"-163347560716871935","potions_obtained":[{"floor":4,"key":"PowerPotion"},{"floor":7,"key":"SpeedPotion"}],"is_trial":false,"path_per_floor":["M","M","$","M","?","R","M","E","T","M","?","R","?","?","R","B"],"character_chosen":"DEFECT","items_purchased":["Steam"],"campfire_rested":1,"item_purchase_floors":[3],"current_hp_per_floor":[70,63,63,63,63,63,52,44,44,37,24,24,8,8,32,0],"gold":107,"neow_bonus":"TEN_PERCENT_HP_BONUS","is_prod":false,"is_daily":false,"chose_seed":false,"campfire_upgraded":2,"win_rate":0,"timestamp":1543967917,"path_taken":["M","M","$","M","?","R","M","E","T","M","?","R","?","?","R","BOSS"],"build_version":"2018-11-15","purchased_purges":1,"victory":false,"max_hp_per_floor":[82,82,82,82,82,82,82,82,82,82,82,82,82,82,82,82],"card_choices":[{"not_picked":["Gash","Darkness"],"picked":"Consume","floor":1},{"not_picked":["Sweeping Beam","Streamline"],"picked":"Lockon","floor":2},{"not_picked":["Streamline","FTL"],"picked":"Cold Snap","floor":4},{"not_picked":["Self Repair","Streamline"],"picked":"Coolheaded","floor":7},{"not_picked":["Compile Driver","Sweeping Beam"],"picked":"Buffer","floor":8},{"not_picked":["Rebound","Aggregate","Scrape"],"picked":"SKIP","floor":10}],"player_experience":207166,"relics_obtained":[{"floor":8,"key":"Bottled Lightning"},{"floor":11,"key":"Odd Mushroom"}],"event_choices":[{"damage_healed":0,"gold_gain":0,"player_choice":"Grow","damage_taken":0,"max_hp_gain":0,"max_hp_loss":0,"event_name":"Living Wall","floor":5,"gold_loss":0,"cards_upgraded":["Consume"]},{"damage_healed":0,"gold_gain":0,"player_choice":"Fought Mushrooms","damage_taken":0,"max_hp_gain":0,"max_hp_loss":0,"event_name":"Mushrooms","floor":11,"gold_loss":0},{"damage_healed":0,"gold_gain":0,"player_choice":"Entered Light","damage_taken":16,"max_hp_gain":0,"max_hp_loss":0,"event_name":"Shining Light","floor":13,"gold_loss":0,"cards_upgraded":["Cold Snap","Dualcast"]},{"damage_healed":0,"gold_gain":0,"player_choice":"Forge","damage_taken":0,"max_hp_gain":0,"max_hp_loss":0,"event_name":"Accursed Blacksmith","floor":14,"gold_loss":0,"cards_upgraded":["Coolheaded"]}],"is_beta":false,"boss_relics":[],"items_purged_floors":[3],"is_endless":false,"potions_floor_spawned":[4,7],"killed_by":"The Guardian","ascension_level":1}