{"gold_per_floor":[117,134,134,59,75,75,25,25,49,62,93,93,126,146,146,243,243,254,254,281,301,313,68,93,93,163,192,67,67,67,84,84,188,188,208,221,239,309,332,332,347,381,404,404,423,423,440,455,455,455,455,455,115,143,143],"floor_reached":55,"playtime":3528,"items_purged":["Strike_B","Zap","Strike_B","Dualcast+1"],"score":838,"play_id":"64f0ca2b-fde7-49a3-bb80-3ba135bd0186","local_time":"20181208214339","is_ascension_mode":true,"campfire_choices":[{"data":"Rip and Tear","floor":6.0,"key":"SMITH"},{"data":"Dualcast","floor":8.0,"key":"SMITH"},{"floor":15.0,"key":"REST"},{"floor":25.0,"key":"REST"},{"data":"Go for the Eyes","floor":29,"key":"SMITH"},{"floor":32,"key":"REST"},{"data":"Hyperbeam","floor":40,"key":"SMITH"},{"floor":44,"key":"REST"},{"floor":46,"key":"RECALL"},{"data":"Beam Cell","floor":49,"key":"SMITH"},{"data":"Stack","floor":52,"key":"SMITH"}],"neow_cost":"NONE","seed_source_timestamp":2158086145951226,"circlet_count":0,"master_deck":["Strike_B","Defend_B","Defend_B","Defend_B","Defend_B","Rip and Tear+1","Gash","Steam","Go for the Eyes+1","Beam Cell+1","FTL","All For One","Stack+1","Genetic Algorithm","Gash","Leap","Hyperbeam+1","Hologram+1","Gash+1","Gash+1","Hologram+1"],"special_seed":0,"relics":["Cracked Core","Oddly Smooth Stone","Singing Bowl","WingedGreaves","Bronze Scales","Nuclear Battery","MutagenicStrength","Pen Nib","Ginger","Pear","Pantograph","Eternal Feather","Kunai","Centennial Puzzle","Regal Pillow","Orichalcum","DollysMirror","Lantern"],"potions_floor_usage":[55,55,55,55,55,55],"damage_taken":[{"damage":1.0,"enemies":"Jaw Worm","floor":1.0,"turns":4.0},{"damage":1.0,"enemies":"Cultist","floor":2.0,"turns":3.0},{"damage":7.0,"enemies":"Small Slimes","floor":5.0,"turns":2.0},{"damage":8.0,"enemies":"Exordium Thugs","floor":10.0,"turns":3.0},{"damage":18.0,"enemies":"Lagavulin","floor":11.0,"turns":8.0},{"damage":6.0,"enemies":"3 Sentries","floor":13.0,"turns":6.0},{"damage":0.0,"enemies":"Exordium Wildlife","floor":14.0,"turns":3.0},{"damage":20.0,"enemies":"Hexaghost","floor":16.0,"turns":9.0},{"damage":10.0,"enemies":"Spheric Guardian","floor":18.0,"turns":3.0},{"damage":0.0,"enemies":"3 Byrds","floor":21.0,"turns":2.0},{"damage":9.0,"enemies":"Snecko","floor":22.0,"turns":5.0},{"damage":33.0,"enemies":"Gremlin Leader","floor":24.0,"turns":8.0},{"damage":15.0,"enemies":"Slavers","floor":27.0,"turns":4.0},{"damage":5,"enemies":"Snake Plant","floor":31,"turns":4},{"damage":83,"enemies":"Champ","floor":33,"turns":14},{"damage":9,"enemies":"3 Darklings","floor":35,"turns":2},{"damage":0,"enemies":"Orb Walker","floor":36,"turns":2},{"damage":10,"enemies":"Spire Growth","floor":37,"turns":4},{"damage":14,"enemies":"4 Shapes","floor":41,"turns":3},{"damage":36,"enemies":"Giant Head","floor":42,"turns":10},{"damage":2,"enemies":"Transient","floor":45,"turns":5},{"damage":16,"enemies":"Spire Growth","floor":47,"turns":5},{"damage":20,"enemies":"Writhing Mass","floor":48,"turns":5},{"damage":59,"enemies":"Donu and Deca","floor":50,"turns":11},{"damage":29,"enemies":"Shield and Spear","floor":54,"turns":6},{"damage":111,"enemies":"The Heart","floor":55,"turns":8}],"seed_played":"5762013549414821979","potions_obtained":[{"floor":2.0,"key":"SkillPotion"},{"floor":11.0,"key":"Fire Potion"},{"floor":14.0,"key":"GamblersBrew"},{"floor":18.0,"key":"Block Potion"},{"floor":21.0,"key":"FearPotion"},{"floor":27.0,"key":"Strength Potion"},{"floor":31,"key":"SteroidPotion"},{"floor":41,"key":"SpeedPotion"},{"floor":48,"key":"PowerPotion"},{"floor":54,"key":"EntropicBrew"}],"is_trial":false,"path_per_floor":["M","M","?","$","M","R","?","R","T","M","E","?","E","M","R","B",null,"M","?","T","M","M","$","E","R","T","E","$","R","?","M","R","B",null,"M","M","M","T","T","R","M","E","T","R","M","R","M","M","R","B",null,"R","$","E","B"],"character_chosen":"DEFECT","items_purchased":["Pen Nib","DollysMirror"],"campfire_rested":4,"item_purchase_floors":[23,53],"current_hp_per_floor":[81,80,80,80,73,73,73,73,73,65,47,44,38,40,65,45,84,76,76,76,76,67,67,34,59,69,56,56,56,56,51,80,15,98,91,91,83,83,83,92,80,46,46,101,101,108,92,74,86,51,110,110,110,81,0],"gold":143,"neow_bonus":"TEN_PERCENT_HP_BONUS","is_prod":false,"is_daily":false,"chose_seed":false,"campfire_upgraded":6,"win_rate":0,"timestamp":1544327019,"path_taken":["M","M","?","$","?","R","?","R","T","M","E","?","E","M","R","BOSS","M","?","?","M","M","$","E","R","T","E","?","R","?","?","R","BOSS","M","M","M","?","?","R","M","E","T","R","M","R","M","M","R","BOSS","R","$","E","BOSS"],"build_version":"2018-12-06","purchased_purges":4,"victory":false,"max_hp_per_floor":[82,82,82,82,82,82,82,82,82,82,82,82,82,84,84,84,84,86,86,86,86,86,86,86,86,96,98,98,98,98,98,98,98,98,100,100,102,102,102,102,104,106,106,106,108,108,108,110,110,110,110,110,110,110,110],"card_choices":[{"not_picked":["Coolheaded","Fusion"],"picked":"Rip and Tear","floor":1.0},{"not_picked":["Streamline","White Noise"],"picked":"Gash","floor":2.0},{"not_picked":["Coolheaded","Undo"],"picked":"Steam","floor":5.0},{"not_picked":["Skim","Reboot"],"picked":"Go for the Eyes","floor":10.0},{"not_picked":["Tempest","Force Field"],"picked":"Beam Cell","floor":11.0},{"not_picked":["Fusion","Loop"],"picked":"FTL","floor":13.0},{"not_picked":["Sweeping Beam","Reprogram","Fusion"],"picked":"Singing Bowl","floor":14.0},{"not_picked":["Echo Form","Seek"],"picked":"All For One","floor":16.0},{"not_picked":["Redo","Fusion","Compile Driver"],"picked":"Singing Bowl","floor":18.0},{"not_picked":["Lockon","Consume"],"picked":"Stack","floor":21.0},{"not_picked":["Chill","Recycle"],"picked":"Genetic Algorithm","floor":22.0},{"not_picked":["Steam","Streamline"],"picked":"Gash","floor":24.0},{"not_picked":["Tempest","Beam Cell","Meteor Strike"],"picked":"Singing Bowl","floor":27.0},{"not_picked":["Cold Snap","Rebound"],"picked":"Leap","floor":31},{"not_picked":["Reboot","Amplify"],"picked":"Hyperbeam","floor":33},{"not_picked":["Tempest+1","Sweeping Beam","Reprogram"],"picked":"Singing Bowl","floor":35},{"not_picked":["Ball Lightning","Cold Snap"],"picked":"Hologram+1","floor":36},{"not_picked":["Lockon","Turbo+1","Cold Snap"],"picked":"Singing Bowl","floor":37},{"not_picked":["Sweeping Beam","Streamline","Rip and Tear"],"picked":"Singing Bowl","floor":41},{"not_picked":["Conserve Battery+1","Sunder+1","Barrage"],"picked":"Singing Bowl","floor":42},{"not_picked":["Rebound+1","Streamline","Buffer"],"picked":"Singing Bowl","floor":45},{"not_picked":["Hologram","Ball Lightning+1"],"picked":"Gash+1","floor":47},{"not_picked":["Streamline+1","Rebound+1","Blizzard+1"],"picked":"Singing Bowl","floor":48},{"not_picked":["Darkness+1","Hello World+1"],"picked":"Hologram+1","floor":54}],"player_experience":242184,"relics_obtained":[{"floor":9.0,"key":"Oddly Smooth Stone"},{"floor":11.0,"key":"Singing Bowl"},{"floor":13.0,"key":"Bronze Scales"},{"floor":24.0,"key":"Ginger"},{"floor":26.0,"key":"Pear"},{"floor":27.0,"key":"Pantograph"},{"floor":38,"key":"Kunai"},{"floor":39,"key":"Centennial Puzzle"},{"floor":42,"key":"Regal Pillow"},{"floor":43,"key":"Orichalcum"},{"floor":54,"key":"Lantern"}],"event_choices":[{"damage_healed":0.0,"max_hp_gain":0.0,"max_hp_loss":0.0,"gold_gain":0.0,"event_name":"The Woman in Blue","player_choice":"Bought 0 Potions","floor":3.0,"gold_loss":0.0,"damage_taken":0.0},{"cards_removed":["Strike_B"],"damage_healed":0.0,"max_hp_gain":0.0,"max_hp_loss":0.0,"gold_gain":0.0,"event_name":"The Cleric","player_choice":"Card Removal","floor":7.0,"gold_loss":50.0,"damage_taken":0.0},{"damage_healed":0.0,"max_hp_gain":0.0,"max_hp_loss":0.0,"gold_gain":0.0,"event_name":"Scrap Ooze","player_choice":"Success","floor":12.0,"gold_loss":0.0,"damage_taken":3.0,"relics_obtained":["WingedGreaves"]},{"damage_healed":0.0,"max_hp_gain":0.0,"max_hp_loss":0.0,"gold_gain":0.0,"event_name":"Drug Dealer","player_choice":"Inject Mutagens","floor":19.0,"gold_loss":0.0,"damage_taken":0.0,"relics_obtained":["MutagenicStrength"]},{"damage_healed":0,"gold_gain":0,"player_choice":"Ignored","damage_taken":0,"max_hp_gain":0,"max_hp_loss":0,"event_name":"Vampires","floor":30,"gold_loss":0}],"is_beta":false,"boss_relics":[{"not_picked":["Astrolabe","Busted Crown"],"picked":"Nuclear Battery"},{"not_picked":["Coffee Dripper","Cursed Key"],"picked":"Eternal Feather"}],"items_purged_floors":[4,23,28,53],"is_endless":false,"potions_floor_spawned":[2,11,14,18,21,27,31,41,42,45,47,48,54],"killed_by":"The Heart","ascension_level":1}