{"gold_per_floor":[109,128,139,154,229,229,78,92,92,92,109,136,136,154,154,255,255,267,284,10,10,10,39,39,39,64,94,46,46,46,62,62,167,167,181,181,195,71,71,71,83,8,8,8,18,18],"floor_reached":46,"playtime":2837,"items_purged":["Defend_P","Strike_P"],"score":711,"play_id":"43c4e4a6-e464-4f88-8d4b-90c6613daacc","local_time":"20190928155659","is_ascension_mode":true,"campfire_choices":[{"data":"Eruption","floor":6.0,"key":"SMITH"},{"data":"Conclude","floor":13.0,"key":"SMITH"},{"data":"Wireheading","floor":15.0,"key":"SMITH"},{"floor":24.0,"key":"REST"},{"floor":29.0,"key":"REST"},{"floor":32.0,"key":"REST"},{"data":"Nirvana","floor":40.0,"key":"SMITH"},{"floor":44.0,"key":"REST"}],"neow_cost":"NONE","seed_source_timestamp":0,"circlet_count":0,"master_deck":["Defend_P+1","Defend_P+1","Eruption+1","Vigilance","Protect","Conclude+1","CrushJoints","ThirdEye","Wireheading+1","EmptyBody","Weave","Tantrum","EmptyBody","BattleHymn","ClearTheMind","RitualDagger","Nirvana+1","CutThroughFate","Protect+1","Vault","Meditate+1","MasterReality+1","Ragnarok+1","ThirdEye+1","CutThroughFate","Weave","LessonLearned","Wallop","Parasite"],"special_seed":0,"relics":["Sozu","Bird Faced Urn","StrikeDummy","VioletLotus","Frozen Eye","MutagenicStrength","Lizard Tail","Smiling Mask","Art of War","Astrolabe","Akabeko","Letter Opener"],"potions_floor_usage":[],"damage_taken":[{"damage":0.0,"enemies":"Cultist","floor":1.0,"turns":3.0},{"damage":1.0,"enemies":"Jaw Worm","floor":2.0,"turns":4.0},{"damage":0.0,"enemies":"2 Louse","floor":3.0,"turns":2.0},{"damage":14.0,"enemies":"Exordium Thugs","floor":4.0,"turns":3.0},{"damage":0.0,"enemies":"Looter","floor":8.0,"turns":3.0},{"damage":0.0,"enemies":"Exordium Wildlife","floor":11.0,"turns":3.0},{"damage":9.0,"enemies":"3 Sentries","floor":12.0,"turns":7.0},{"damage":0.0,"enemies":"3 Louse","floor":14.0,"turns":2.0},{"damage":0.0,"enemies":"Slime Boss","floor":16.0,"turns":4.0},{"damage":15.0,"enemies":"Shell Parasite","floor":18.0,"turns":5.0},{"damage":0.0,"enemies":"Chosen","floor":19.0,"turns":4.0},{"damage":30.0,"enemies":"Gremlin Leader","floor":23.0,"turns":5.0},{"damage":38.0,"enemies":"Book of Stabbing","floor":27.0,"turns":4.0},{"damage":17.0,"enemies":"Centurion and Healer","floor":31.0,"turns":5.0},{"damage":102.0,"enemies":"Collector","floor":33.0,"turns":8.0},{"damage":34.0,"enemies":"3 Darklings","floor":35.0,"turns":4.0},{"damage":3.0,"enemies":"Orb Walker","floor":37.0,"turns":3.0},{"damage":0.0,"enemies":"Maw","floor":41.0,"turns":6.0},{"damage":21,"enemies":"Writhing Mass","floor":45,"turns":9},{"damage":127,"enemies":"Giant Head","floor":46,"turns":8}],"seed_played":"-2754818697379287032","potions_obtained":[],"is_trial":false,"path_per_floor":["M","M","M","M","?","R","$","M","T","?","M","E","R","M","R","B",null,"M","M","$","?","?","E","R","?","T","E","$","R","$","M","R","B",null,"M","?","M","$","?","R","M","$","T","R","M","E"],"character_chosen":"WATCHER","items_purchased":["Wireheading","BattleHymn","ClearTheMind","Frozen Eye","CutThroughFate","CutThroughFate","Weave","Wallop"],"campfire_rested":4,"item_purchase_floors":[7,20,20,20,28,38,38,42],"current_hp_per_floor":[65,64,64,50,39,39,39,39,39,25,25,18,18,18,18,20,59,46,48,48,48,48,20,41,35,35,1,1,22,22,11,32,36,63,33,33,34,34,34,34,42,42,42,63,48,0],"gold":18,"neow_bonus":"BOSS_RELIC","is_prod":false,"is_daily":false,"chose_seed":false,"campfire_upgraded":4,"win_rate":1,"timestamp":1569704219,"path_taken":["M","M","?","M","?","R","$","M","T","?","?","E","R","M","R","BOSS","M","M","$","?","?","E","R","?","T","E","?","R","$","M","R","BOSS","M","?","?","$","?","R","?","?","T","R","M","E"],"build_version":"2019-09-27","purchased_purges":2,"victory":false,"max_hp_per_floor":[72,72,72,72,72,72,72,72,72,72,72,72,72,72,72,72,72,72,72,72,72,72,72,72,72,72,72,72,72,72,72,72,72,72,72,72,72,72,72,72,72,72,72,72,72,72],"card_choices":[{"not_picked":["FollowUp","Halt"],"picked":"Protect","floor":1.0},{"not_picked":["Weave","CarveReality"],"picked":"Conclude","floor":2.0},{"not_picked":["Sanctity","Protect"],"picked":"CrushJoints","floor":3.0},{"not_picked":["Halt","JustLucky"],"picked":"ThirdEye","floor":4.0},{"not_picked":["FollowUp","Consecrate","EmptyBody"],"picked":"SKIP","floor":8.0},{"not_picked":["FollowUp","Consecrate"],"picked":"EmptyBody","floor":8.0},{"not_picked":["Scrawl","Evaluate"],"picked":"Weave","floor":11.0},{"not_picked":["Blasphemy","EmptyBody"],"picked":"Tantrum","floor":12.0},{"not_picked":["ThirdEye","Halt","Weave"],"picked":"SKIP","floor":14.0},{"not_picked":["Adaptation","Establishment"],"picked":"DeusExMachina","floor":16.0},{"not_picked":["PathToVictory+1","Evaluate+1","WaveOfTheHand"],"picked":"SKIP","floor":18.0},{"not_picked":["EmptyFist","DeceiveReality"],"picked":"EmptyBody","floor":19.0},{"not_picked":["Meditate","Brilliance","SashWhip"],"picked":"SKIP","floor":23.0},{"not_picked":["Tantrum","MasterReality"],"picked":"Nirvana","floor":27.0},{"not_picked":["Consecrate","Evaluate"],"picked":"Protect+1","floor":31.0},{"not_picked":["Omniscience","Blasphemy"],"picked":"Vault","floor":33.0},{"not_picked":["FlowState+1","Crescendo"],"picked":"ThirdEye","floor":35.0},{"not_picked":["BowlingBash+1","Evaluate","Sanctity+1"],"picked":"SKIP","floor":37.0},{"not_picked":["Prostrate","ClearTheMind+1","JustLucky+1"],"picked":"SKIP","floor":41.0},{"not_picked":["WreathOfFlame+1","CrushJoints","Worship+1"],"picked":"SKIP","floor":45}],"player_experience":161594,"relics_obtained":[{"floor":9.0,"key":"Bird Faced Urn"},{"floor":12.0,"key":"StrikeDummy"},{"floor":23.0,"key":"Lizard Tail"},{"floor":26.0,"key":"Smiling Mask"},{"floor":27.0,"key":"Art of War"},{"floor":43.0,"key":"Letter Opener"}],"event_choices":[{"damage_healed":0.0,"max_hp_gain":0.0,"max_hp_loss":0.0,"gold_gain":75.0,"event_name":"World of Goop","player_choice":"Gather Gold","floor":5.0,"gold_loss":0.0,"damage_taken":11.0},{"damage_healed":0.0,"max_hp_gain":0.0,"max_hp_loss":0.0,"gold_gain":0.0,"event_name":"Shining Light","player_choice":"Entered Light","floor":10.0,"gold_loss":0.0,"damage_taken":14.0,"cards_upgraded":["Defend_P","Defend_P"]},{"damage_healed":0.0,"max_hp_gain":0.0,"max_hp_loss":0.0,"gold_gain":0.0,"event_name":"Drug Dealer","player_choice":"Inject Mutagens","floor":21.0,"gold_loss":0.0,"damage_taken":0.0,"relics_obtained":["MutagenicStrength"]},{"damage_healed":0.0,"max_hp_gain":0.0,"max_hp_loss":0.0,"gold_gain":0.0,"event_name":"Nest","player_choice":"Joined the Cult","floor":25.0,"gold_loss":0.0,"damage_taken":6.0,"cards_obtained":["RitualDagger"]},{"cards_removed":["DeusExMachina"],"damage_healed":0.0,"max_hp_gain":0.0,"max_hp_loss":0.0,"gold_gain":0.0,"event_name":"WeMeetAgain","player_choice":"Gave Card","floor":36.0,"gold_loss":0.0,"damage_taken":0.0,"relics_obtained":["Akabeko"]},{"damage_healed":0.0,"max_hp_gain":0.0,"max_hp_loss":0.0,"gold_gain":0.0,"cards_transformed":["Strike_P"],"event_name":"Transmorgrifier","player_choice":"Transformed","floor":39.0,"gold_loss":0.0,"damage_taken":0.0,"cards_obtained":["LessonLearned"]}],"is_beta":true,"boss_relics":[{"not_picked":["SlaversCollar","Calling Bell"],"picked":"VioletLotus"},{"not_picked":["Busted Crown","Coffee Dripper"],"picked":"Astrolabe"}],"items_purged_floors":[7,38],"is_endless":false,"potions_floor_spawned":[2,11,12,16,27,31,41],"killed_by":"Giant Head","ascension_level":8}