{"gold_per_floor":[116,66,241,254,141,172,187,262,262,288,335,347,370,397,409,518,580,611,538,550,562,474,474,505,505,529,529,179,179,197,210,210,306,306,322,322,87,104,119,119,119],"floor_reached":41,"playtime":2166,"items_purged":["Doubt","Defend_G","Defend_G","Writhe"],"score":516,"play_id":"222b4971-6403-4eb5-9475-fc292d0333f3","local_time":"20191009104303","is_ascension_mode":true,"campfire_choices":[{"floor":12,"key":"REST"},{"floor":15,"key":"REST"},{"floor":23,"key":"RECALL"},{"floor":27,"key":"REST"},{"data":"Infinite Blades","floor":29,"key":"SMITH"},{"data":"Accuracy","floor":32,"key":"SMITH"},{"floor":40,"key":"REST"}],"neow_cost":"NONE","seed_source_timestamp":181448971708600,"circlet_count":0,"master_deck":["Defend_G","Defend_G","Defend_G","Survivor","Neutralize","Backflip+1","Infinite Blades+1","Cloak And Dagger","Footwork","Cloak And Dagger","Phantasmal Killer","Blade Dance","Bite","Bite","Bite","Bite","Bite","Accuracy+1","Infinite Blades","Storm of Steel","Dodge and Roll+1","Cloak And Dagger+1","Cloak And Dagger","Finesse","Acrobatics+1"],"relics":["Ring of the Snake","NeowsBlessing","Question Card","MawBank","Bronze Scales","Tiny House","Kunai","Bottled Flame","Bag of Preparation","Pen Nib","Orrery"],"potions_floor_usage":[11,11,11,16,24],"damage_taken":[{"damage":0,"enemies":"2 Louse","floor":1,"turns":1},{"damage":0,"enemies":"Small Slimes","floor":4,"turns":1},{"damage":0,"enemies":"Gremlin Nob","floor":6,"turns":1},{"damage":1,"enemies":"Cultist","floor":7,"turns":4},{"damage":0,"enemies":"Large Slime","floor":10,"turns":6},{"damage":57,"enemies":"Lagavulin","floor":11,"turns":12},{"damage":4,"enemies":"Exordium Wildlife","floor":13,"turns":5},{"damage":0,"enemies":"3 Louse","floor":14,"turns":5},{"damage":30,"enemies":"The Guardian","floor":16,"turns":20},{"damage":20,"enemies":"Spheric Guardian","floor":18,"turns":7},{"damage":39,"enemies":"Gremlin Leader","floor":24,"turns":9},{"damage":0,"enemies":"3 Byrds","floor":30,"turns":3},{"damage":0,"enemies":"Cultist and Chosen","floor":31,"turns":6},{"damage":37,"enemies":"Champ","floor":33,"turns":13},{"damage":8,"enemies":"Orb Walker","floor":35,"turns":3},{"damage":26,"enemies":"3 Darklings","floor":38,"turns":6},{"damage":42,"enemies":"Maw","floor":39,"turns":9},{"damage":21,"enemies":"Spire Growth","floor":41,"turns":3}],"seed_played":"-1779535761634279674","potions_obtained":[{"floor":1,"key":"Poison Potion"},{"floor":4,"key":"Explosive Potion"},{"floor":6,"key":"Energy Potion"},{"floor":10,"key":"EntropicBrew"},{"floor":16,"key":"GhostInAJar"},{"floor":17,"key":"LiquidBronze"},{"floor":18,"key":"Dexterity Potion"},{"floor":24,"key":"Ancient Potion"}],"is_trial":false,"path_per_floor":["M","?","?","M","$","E","M","?","T","M","E","R","M","M","R","B",null,"M","?","$","?","$","R","E","?","T","R","$","R","M","M","R","B",null,"M","?","$","M","M","R","M"],"character_chosen":"THE_SILENT","items_purchased":["Infinite Blades","Infinite Blades","Pen Nib","Finesse"],"campfire_rested":4,"item_purchase_floors":[5,28,28,37],"current_hp_per_floor":[70,70,70,70,70,70,69,62,62,62,5,26,22,22,43,13,75,55,55,55,52,52,52,27,27,27,42,42,42,44,52,52,33,52,46,52,52,32,6,21,0],"gold":119,"neow_bonus":"THREE_ENEMY_KILL","is_prod":false,"is_daily":false,"chose_seed":false,"campfire_upgraded":2,"win_rate":0,"timestamp":1570632183,"path_taken":["M","?","?","M","$","E","M","?","T","M","E","R","M","?","R","BOSS","M","?","$","?","$","R","E","?","T","R","$","R","M","M","R","BOSS","M","?","$","M","M","R","M"],"build_version":"2019-07-17","purchased_purges":4,"victory":false,"max_hp_per_floor":[70,70,70,70,70,70,70,70,70,70,70,70,70,70,70,70,75,75,75,75,52,52,52,52,52,52,52,52,52,52,52,52,52,52,52,52,52,52,52,52,52],"card_choices":[{"not_picked":["Finisher","Terror","Predator"],"picked":"SKIP","floor":1},{"not_picked":["Acrobatics","Underhanded Strike"],"picked":"Backflip","floor":4},{"not_picked":["Sucker Punch","Dash","Flying Knee"],"picked":"SKIP","floor":6},{"not_picked":["Masterful Stab","Dodge and Roll","Underhanded Strike"],"picked":"Cloak And Dagger","floor":7},{"not_picked":["Heel Hook","Flying Knee","Blur","Bane"],"picked":"SKIP","floor":10},{"not_picked":["Deflect","Expertise","Dagger Spray","Dagger Throw"],"picked":"SKIP","floor":11},{"not_picked":["Poisoned Stab","Wraith Form v2","Dagger Throw"],"picked":"Footwork","floor":13},{"not_picked":["Well Laid Plans","Prepared","Deflect"],"picked":"Cloak And Dagger","floor":14},{"not_picked":["Wraith Form v2","Malaise","Doppelganger"],"picked":"Phantasmal Killer","floor":16},{"not_picked":["PiercingWail","Terror","Deflect"],"picked":"Blade Dance","floor":17},{"not_picked":["Distraction","Reflex","Escape Plan","Flying Knee"],"picked":"SKIP","floor":18},{"not_picked":["After Image","Cloak And Dagger+1","Infinite Blades"],"picked":"Accuracy","floor":24},{"not_picked":["Dagger Spray","Underhanded Strike","Sucker Punch+1","Masterful Stab"],"picked":"SKIP","floor":30},{"not_picked":["PiercingWail+1","Dodge and Roll","Bane","Flying Knee"],"picked":"SKIP","floor":31},{"not_picked":["Phantasmal Killer","Malaise","Wraith Form v2"],"picked":"Storm of Steel","floor":33},{"not_picked":["Leg Sweep+1","Prepared","Acrobatics"],"picked":"Dodge and Roll+1","floor":34},{"not_picked":["Choke","Slice","Catalyst"],"picked":"Cloak And Dagger+1","floor":34},{"not_picked":["Quick Slash+1","Slice","Dodge and Roll"],"picked":"Cloak And Dagger","floor":34},{"not_picked":["Underhanded Strike","Night Terror","Flying Knee+1","PiercingWail+1"],"picked":"SKIP","floor":35},{"not_picked":["Slice+1","Masterful Stab","PiercingWail"],"picked":"Acrobatics+1","floor":38},{"not_picked":["Dagger Spray","Crippling Poison+1","Prepared","Dagger Throw+1"],"picked":"SKIP","floor":39}],"player_experience":111302,"relics_obtained":[{"floor":6,"key":"Question Card"},{"floor":9,"key":"MawBank"},{"floor":11,"key":"Bronze Scales"},{"floor":24,"key":"Bottled Flame"},{"floor":26,"key":"Bag of Preparation"}],"event_choices":[{"cards_removed":["Strike_G"],"damage_healed":0,"gold_gain":0,"player_choice":"Card Removal","damage_taken":0,"max_hp_gain":0,"max_hp_loss":0,"event_name":"The Cleric","floor":2,"gold_loss":50},{"damage_healed":0,"gold_gain":175,"player_choice":"AGREE","damage_taken":0,"max_hp_gain":0,"max_hp_loss":0,"event_name":"Liars Game","floor":3,"gold_loss":0,"cards_obtained":["Doubt"]},{"damage_healed":0,"gold_gain":75,"player_choice":"Touch","damage_taken":7,"max_hp_gain":0,"max_hp_loss":0,"event_name":"FaceTrader","floor":8,"gold_loss":0},{"damage_healed":0,"gold_gain":0,"player_choice":"Obtained Relic","damage_taken":0,"relics_obtained":["Kunai"],"max_hp_gain":0,"max_hp_loss":0,"event_name":"Addict","floor":19,"gold_loss":85},{"damage_healed":0,"gold_gain":0,"player_choice":"Became a vampire","damage_taken":0,"max_hp_gain":0,"max_hp_loss":23,"event_name":"Vampires","floor":21,"gold_loss":0,"cards_obtained":["Bite","Bite","Bite","Bite","Bite"]},{"damage_healed":0,"gold_gain":0,"player_choice":"Ignored","damage_taken":0,"max_hp_gain":0,"max_hp_loss":0,"event_name":"Cursed Tome","floor":25,"gold_loss":0},{"damage_healed":13,"gold_gain":0,"player_choice":"Writhe","damage_taken":0,"max_hp_gain":0,"max_hp_loss":0,"event_name":"Winding Halls","floor":36,"gold_loss":0,"cards_obtained":["Writhe"]}],"is_beta":false,"boss_relics":[{"not_picked":["Calling Bell","Cursed Key"],"picked":"Tiny House"},{"not_picked":["Empty Cage","Pandora\u0027s Box"],"picked":"Orrery"}],"items_purged_floors":[5,22,28,37],"is_endless":false,"potions_floor_spawned":[1,4,6,10,16,18,24,35,39],"killed_by":"Spire Growth","ascension_level":1}