{"gold_per_floor":[360,360,373,389,37,37,56,82,105,105,119,119,119,131,131,208,208,227,227],"floor_reached":19,"playtime":1087,"items_purged":[],"score":313,"play_id":"c6c539ab-2734-4b4a-83de-ffe44b9afe4b","local_time":"20190623095213","is_ascension_mode":true,"campfire_choices":[{"data":"Perfected Strike","floor":6,"key":"SMITH"},{"data":"Shockwave","floor":10,"key":"SMITH"},{"data":"Bash","floor":13,"key":"SMITH"},{"floor":15,"key":"REST"}],"neow_cost":"TEN_PERCENT_HP_LOSS","seed_source_timestamp":680211702065954,"circlet_count":0,"master_deck":["AscendersBane","Strike_R","Strike_R","Strike_R","Strike_R","Strike_R","Defend_R","Defend_R","Defend_R","Defend_R","Bash+1","Perfected Strike+1","Whirlwind","Shockwave+1","Combust","Headbutt","Rupture+1","Brutality"],"relics":["Burning Blood","Centennial Puzzle","Anchor","Red Skull","Snecko Eye"],"potions_floor_usage":[8,16],"damage_taken":[{"damage":14,"enemies":"Jaw Worm","floor":1,"turns":4},{"damage":1,"enemies":"Cultist","floor":3,"turns":3},{"damage":0,"enemies":"2 Louse","floor":4,"turns":2},{"damage":25,"enemies":"Large Slime","floor":7,"turns":6},{"damage":15,"enemies":"Gremlin Nob","floor":8,"turns":4},{"damage":9,"enemies":"Gremlin Gang","floor":11,"turns":4},{"damage":6,"enemies":"2 Fungi Beasts","floor":14,"turns":3},{"damage":14,"enemies":"The Guardian","floor":16,"turns":12},{"damage":54,"enemies":"Spheric Guardian","floor":18,"turns":6},{"damage":18,"enemies":"Shell Parasite","floor":19,"turns":2}],"seed_played":"-9160804439046260659","potions_obtained":[{"floor":1,"key":"SteroidPotion"},{"floor":3,"key":"PowerPotion"},{"floor":14,"key":"Dexterity Potion"},{"floor":18,"key":"Swift Potion"}],"is_trial":false,"path_per_floor":["M","$","M","M","$","R","M","E","T","R","M","?","R","M","R","B",null,"M","M"],"character_chosen":"IRONCLAD","items_purchased":["Shockwave","Combust","Centennial Puzzle","Headbutt"],"campfire_rested":1,"item_purchase_floors":[5,5,5,5],"current_hp_per_floor":[60,60,65,68,68,68,49,40,40,40,37,37,37,37,57,49,63,15,0],"gold":227,"neow_bonus":"TWO_FIFTY_GOLD","is_prod":false,"is_daily":false,"chose_seed":false,"campfire_upgraded":3,"win_rate":0,"timestamp":1561301533,"path_taken":["M","$","M","M","$","R","M","E","T","R","M","?","R","M","R","BOSS","M","M"],"build_version":"2019-01-23","purchased_purges":0,"victory":false,"max_hp_per_floor":[68,68,68,68,68,68,68,68,68,68,68,68,68,68,68,68,68,68,68],"card_choices":[{"not_picked":["Hemokinesis","Burning Pact"],"picked":"Perfected Strike","floor":1},{"not_picked":["Bloodletting","Hemokinesis"],"picked":"Whirlwind","floor":3},{"not_picked":["Searing Blow","Sever Soul","Wild Strike"],"picked":"SKIP","floor":4},{"not_picked":["Hemokinesis","Sword Boomerang","Iron Wave"],"picked":"SKIP","floor":7},{"not_picked":["Berserk","Heavy Blade"],"picked":"Rupture","floor":8},{"not_picked":["Searing Blow","Entrench","Shockwave"],"picked":"SKIP","floor":11},{"not_picked":["Searing Blow","Entrench","Shockwave"],"picked":"SKIP","floor":11},{"not_picked":["Entrench","Clash","Carnage"],"picked":"SKIP","floor":14},{"not_picked":["Impervious","Feed"],"picked":"Brutality","floor":16},{"not_picked":["Warcry+1","Feel No Pain","Twin Strike"],"picked":"SKIP","floor":18}],"player_experience":646199,"relics_obtained":[{"floor":8,"key":"Anchor"},{"floor":9,"key":"Red Skull"}],"event_choices":[{"damage_healed":0,"gold_gain":0,"player_choice":"Upgraded","damage_taken":0,"max_hp_gain":0,"max_hp_loss":0,"event_name":"Upgrade Shrine","floor":12,"gold_loss":0,"cards_upgraded":["Rupture"]}],"is_beta":false,"boss_relics":[{"not_picked":["Runic Dome","Pandora\u0027s Box"],"picked":"Snecko Eye"}],"items_purged_floors":[],"is_endless":false,"potions_floor_spawned":[1,3,7,14,18],"killed_by":"Shell Parasite","ascension_level":17}