{"gold_per_floor":[119,133,151,167,167,196,208,208,235,235,252,252,285,298,298,400,400,355,355,355,355,355,355,355,355,355,355,355,355],"floor_reached":29,"playtime":1599,"items_purged":[],"score":347,"play_id":"dce01e09-0c61-4fa6-96fe-36e533ee7e5c","local_time":"20190110175015","is_ascension_mode":true,"campfire_choices":[{"data":"Rage","floor":8,"key":"SMITH"},{"data":"Cleave","floor":10,"key":"SMITH"},{"data":"Pommel Strike","floor":12,"key":"SMITH"},{"data":"Carnage","floor":15,"key":"SMITH"},{"floor":24,"key":"REST"}],"neow_cost":"NONE","seed_source_timestamp":134178245673353,"circlet_count":0,"master_deck":["Strike_R","Strike_R","Strike_R","Strike_R","Strike_R","Defend_R+1","Defend_R+1","Defend_R","Defend_R","Bash","Rage+1","Spot Weakness","Headbutt","Pommel Strike+1","Anger","Cleave+1","Clothesline","Carnage+1","Demon Form","Uppercut+1","Shrug It Off","Burning Pact","J.A.X.","Rage","J.A.X.","True Grit+1","Battle Trance+1"],"relics":["Burning Blood","Kunai","War Paint","Regal Pillow","Ectoplasm","Old Coin","Blue Candle","Bag of Marbles","Shuriken"],"potions_floor_usage":[7,11,16,21,23,23,23,27],"damage_taken":[{"damage":1,"enemies":"Cultist","floor":1,"turns":3},{"damage":9,"enemies":"Jaw Worm","floor":2,"turns":5},{"damage":0,"enemies":"Small Slimes","floor":3,"turns":3},{"damage":3,"enemies":"Exordium Wildlife","floor":4,"turns":3},{"damage":25,"enemies":"Lagavulin","floor":6,"turns":7},{"damage":8,"enemies":"2 Fungi Beasts","floor":7,"turns":3},{"damage":1,"enemies":"Large Slime","floor":11,"turns":6},{"damage":16,"enemies":"Gremlin Nob","floor":13,"turns":3},{"damage":6,"enemies":"Red Slaver","floor":14,"turns":4},{"damage":13,"enemies":"Slime Boss","floor":16,"turns":6},{"damage":10,"enemies":"2 Thieves","floor":18,"turns":3},{"damage":14,"enemies":"3 Byrds","floor":19,"turns":5},{"damage":23,"enemies":"Colosseum Slavers","floor":21,"turns":4},{"damage":25,"enemies":"Colosseum Nobs","floor":21,"turns":5},{"damage":31,"enemies":"Book of Stabbing","floor":23,"turns":6},{"damage":3,"enemies":"Snake Plant","floor":27,"turns":4},{"damage":21,"enemies":"Snecko","floor":28,"turns":5},{"damage":41,"enemies":"Gremlin Leader","floor":29,"turns":3}],"seed_played":"3483712337576138612","potions_obtained":[{"floor":1,"key":"Fire Potion"},{"floor":5,"key":"Block Potion"},{"floor":5,"key":"EntropicBrew"},{"floor":7,"key":"Weak Potion"},{"floor":13,"key":"Ancient Potion"},{"floor":18,"key":"Weak Potion"},{"floor":23,"key":"Block Potion"}],"is_trial":false,"path_per_floor":["M","M","M","M","?","E","M","R","T","R","M","R","E","M","R","B",null,"M","M","?","?","?","E","R","?","T","M","M","E"],"character_chosen":"IRONCLAD","items_purchased":[],"campfire_rested":1,"item_purchase_floors":[],"current_hp_per_floor":[85,82,88,88,88,69,67,67,67,67,72,72,62,62,62,55,80,76,68,68,32,32,7,48,48,48,51,36,0],"gold":355,"neow_bonus":"TEN_PERCENT_HP_BONUS","is_prod":false,"is_daily":false,"chose_seed":false,"campfire_upgraded":4,"win_rate":0,"timestamp":1547164215,"path_taken":["M","?","M","M","?","E","M","R","T","R","M","R","E","M","R","BOSS","M","?","?","?","?","E","R","?","T","?","M","E"],"build_version":"2019-01-03v4","purchased_purges":0,"victory":false,"max_hp_per_floor":[88,88,88,88,88,88,88,88,88,88,88,88,88,88,88,88,88,88,88,88,88,88,88,88,88,88,88,88,88],"card_choices":[{"not_picked":["Corruption","Body Slam"],"picked":"Rage","floor":1},{"not_picked":["Shockwave","Anger"],"picked":"Spot Weakness","floor":2},{"not_picked":["Heavy Blade","Thunderclap"],"picked":"Headbutt","floor":3},{"not_picked":["Iron Wave","Sword Boomerang"],"picked":"Pommel Strike","floor":4},{"not_picked":["True Grit","Clothesline"],"picked":"Anger","floor":6},{"not_picked":["Clothesline","Anger"],"picked":"Cleave","floor":7},{"not_picked":["Sentinel","Dropkick"],"picked":"Clothesline","floor":11},{"not_picked":["Heavy Blade","Corruption","Anger"],"picked":"SKIP","floor":13},{"not_picked":["Berserk","Twin Strike"],"picked":"Carnage","floor":14},{"not_picked":["Fiend Fire","Reaper"],"picked":"Demon Form","floor":16},{"not_picked":["Sentinel","Perfected Strike","Seeing Red"],"picked":"SKIP","floor":18},{"not_picked":["Anger","Heavy Blade+1"],"picked":"Uppercut+1","floor":19},{"not_picked":["Uppercut","Clothesline+1"],"picked":"Burning Pact","floor":21},{"not_picked":["Perfected Strike","Searing Blow"],"picked":"Rage","floor":23},{"not_picked":["Body Slam","Anger"],"picked":"True Grit+1","floor":27},{"not_picked":["Cleave","Body Slam"],"picked":"Battle Trance+1","floor":28}],"player_experience":394139,"relics_obtained":[{"floor":6,"key":"Kunai"},{"floor":9,"key":"War Paint"},{"floor":13,"key":"Regal Pillow"},{"floor":21,"key":"Old Coin"},{"floor":21,"key":"Blue Candle"},{"floor":23,"key":"Bag of Marbles"},{"floor":26,"key":"Shuriken"}],"event_choices":[{"damage_healed":0,"gold_gain":0,"player_choice":"Got Potions","damage_taken":0,"max_hp_gain":0,"max_hp_loss":0,"event_name":"Lab","floor":5,"gold_loss":0},{"damage_healed":0,"gold_gain":0,"player_choice":"Read","damage_taken":0,"max_hp_gain":0,"max_hp_loss":0,"event_name":"The Library","floor":20,"gold_loss":0,"cards_obtained":["Shrug It Off"]},{"damage_healed":0,"gold_gain":0,"player_choice":"Fight","damage_taken":0,"max_hp_gain":0,"max_hp_loss":0,"event_name":"Colosseum","floor":21,"gold_loss":0},{"damage_healed":0,"gold_gain":0,"player_choice":"Fought Nobs","damage_taken":0,"max_hp_gain":0,"max_hp_loss":0,"event_name":"Colosseum","floor":21,"gold_loss":0},{"damage_healed":0,"gold_gain":0,"player_choice":"Obtain J.A.X.","damage_taken":0,"max_hp_gain":0,"max_hp_loss":0,"event_name":"Drug Dealer","floor":22,"gold_loss":0,"cards_obtained":["J.A.X."]},{"damage_healed":0,"gold_gain":0,"player_choice":"Copied","damage_taken":0,"max_hp_gain":0,"max_hp_loss":0,"event_name":"Duplicator","floor":25,"gold_loss":0,"cards_obtained":["J.A.X."]}],"is_beta":false,"boss_relics":[{"not_picked":["Cursed Key","Pandora\u0027s Box"],"picked":"Ectoplasm"}],"items_purged_floors":[],"is_endless":false,"potions_floor_spawned":[1,6,7,13,14,18,21,23],"killed_by":"Gremlin Leader","ascension_level":7}