{"gold_per_floor":[118,133,133,148,148,148,189,212,212,87,108,124,199,48,48,171,171,184,199,199,99,99,134,149,149],"floor_reached":25,"playtime":1522,"items_purged":["Dualcast","Strike_B"],"score":234,"play_id":"41c736de-a876-4aac-bf62-f50dd4666afa","local_time":"20181206180706","is_ascension_mode":true,"campfire_choices":[{"floor":6,"key":"REST"},{"floor":15,"key":"REST"}],"neow_cost":"NONE","seed_source_timestamp":1974963272970269,"circlet_count":0,"master_deck":["Strike_B","Strike_B","Strike_B","Defend_B","Defend_B+1","Defend_B","Defend_B","Zap+1","Gash","Sunder","Gash","Beam Cell","Core Surge","Gash","Echo Form"],"relics":["Fusion Hammer","Bloody Idol","Mercury Hourglass","Dodecahedron","Symbiotic Virus","Bag of Preparation","Busted Crown","War Paint"],"potions_floor_usage":[11,12],"damage_taken":[{"damage":0,"enemies":"Cultist","floor":1,"turns":4},{"damage":0,"enemies":"2 Louse","floor":2,"turns":3},{"damage":1,"enemies":"Jaw Worm","floor":4,"turns":2},{"damage":35,"enemies":"Lagavulin","floor":7,"turns":6},{"damage":12,"enemies":"Blue Slaver","floor":8,"turns":3},{"damage":1,"enemies":"Exordium Wildlife","floor":11,"turns":3},{"damage":4,"enemies":"2 Fungi Beasts","floor":12,"turns":2},{"damage":6,"enemies":"Gremlin Nob","floor":13,"turns":3},{"damage":41,"enemies":"Hexaghost","floor":16,"turns":8},{"damage":5,"enemies":"Chosen","floor":18,"turns":3},{"damage":3,"enemies":"3 Byrds","floor":19,"turns":4},{"damage":40,"enemies":"Slavers","floor":23,"turns":4},{"damage":3,"enemies":"Snake Plant","floor":24,"turns":4},{"damage":46,"enemies":"Book of Stabbing","floor":25,"turns":4}],"seed_played":"-3175988802610437347","potions_obtained":[{"floor":1,"key":"Explosive Potion"},{"floor":4,"key":"Regen Potion"},{"floor":16,"key":"FocusPotion"},{"floor":19,"key":"SteroidPotion"}],"is_trial":false,"path_per_floor":["M","M","?","M","?","R","E","M","T","$","M","M","?","$","R","B",null,"M","M","?","$","?","E","M","E"],"character_chosen":"DEFECT","items_purchased":["Gash","Bag of Preparation"],"campfire_rested":2,"item_purchase_floors":[10,14],"current_hp_per_floor":[75,75,80,79,59,80,45,33,33,33,41,37,31,31,55,14,80,75,72,72,72,72,37,39,0],"gold":149,"neow_bonus":"BOSS_RELIC","is_prod":false,"is_daily":false,"chose_seed":false,"campfire_upgraded":0,"win_rate":0,"timestamp":1544141226,"path_taken":["M","M","?","M","?","R","E","M","T","?","M","?","?","$","R","BOSS","M","M","?","$","?","E","M","E"],"build_version":"2018-11-15","purchased_purges":2,"victory":false,"max_hp_per_floor":[75,75,80,80,80,80,80,80,80,80,80,80,80,80,80,80,80,80,80,80,80,80,80,80,80],"card_choices":[{"not_picked":["Tempest","Ball Lightning"],"picked":"Gash","floor":1},{"not_picked":["Static Discharge","Lockon"],"picked":"Sunder","floor":2},{"not_picked":["Steam","Chaos","Loop"],"picked":"SKIP","floor":4},{"not_picked":["Conserve Battery","Ball Lightning","Turbo"],"picked":"SKIP","floor":7},{"not_picked":["Redo","Turbo","Defragment"],"picked":"SKIP","floor":8},{"not_picked":["Chill","Barrage"],"picked":"Beam Cell","floor":11},{"not_picked":["Turbo","Chaos"],"picked":"Core Surge","floor":12},{"not_picked":["Compile Driver","Ball Lightning"],"picked":"Gash","floor":13},{"not_picked":["All For One","Core Surge"],"picked":"Echo Form","floor":16},{"not_picked":["Conserve Battery"],"picked":"SKIP","floor":18},{"not_picked":["Rebound"],"picked":"SKIP","floor":19},{"not_picked":["Hologram"],"picked":"SKIP","floor":23},{"not_picked":["Beam Cell"],"picked":"SKIP","floor":24}],"player_experience":237441,"relics_obtained":[{"floor":7,"key":"Mercury Hourglass"},{"floor":9,"key":"Dodecahedron"},{"floor":13,"key":"Symbiotic Virus"},{"floor":23,"key":"War Paint"}],"event_choices":[{"damage_healed":0,"gold_gain":0,"player_choice":"Donut","damage_taken":0,"max_hp_gain":5,"max_hp_loss":0,"event_name":"Big Fish","floor":3,"gold_loss":0},{"damage_healed":0,"gold_gain":0,"player_choice":"Take Damage","damage_taken":20,"relics_obtained":["Golden Idol"],"max_hp_gain":0,"max_hp_loss":0,"event_name":"Golden Idol","floor":5,"gold_loss":0},{"damage_healed":0,"gold_gain":0,"player_choice":"Searched \u00271\u0027 times","damage_taken":0,"max_hp_gain":0,"max_hp_loss":0,"event_name":"Dead Adventurer","floor":13,"gold_loss":0},{"damage_healed":0,"gold_gain":0,"player_choice":"Ignored","damage_taken":0,"max_hp_gain":0,"max_hp_loss":0,"event_name":"Ghosts","floor":20,"gold_loss":0},{"damage_healed":0,"gold_gain":0,"player_choice":"Gave Idol","damage_taken":0,"relics_obtained":["Bloody Idol"],"max_hp_gain":0,"max_hp_loss":0,"event_name":"Forgotten Altar","floor":22,"relics_lost":["Golden Idol"],"gold_loss":0}],"is_beta":false,"boss_relics":[{"not_picked":["Tiny House","Lizard Tail"],"picked":"Busted Crown"}],"items_purged_floors":[10,21],"is_endless":false,"potions_floor_spawned":[1,4,16,19],"killed_by":"Book of Stabbing","ascension_level":1}