{"gold_per_floor":[213,223,234,251,176,176,195,195,218,253,253,253,278,453,453,553,553,566,582,509,525,26,59,74,104,127,2,2,12,26,43,43,138,138,155,0,0,14,114,125,225,238,238,238,263,277,294,311,311,311],"floor_reached":51,"playtime":3353,"items_purged":["Strike_B","Strike_B","Doubt"],"score":1031,"play_id":"5409bd19-4380-40dd-ac67-1f8eb76badfe","local_time":"20190924130433","is_ascension_mode":true,"campfire_choices":[{"data":"Zap","floor":6.0,"key":"SMITH"},{"data":"Dualcast","floor":8.0,"key":"SMITH"},{"floor":11.0,"key":"REST"},{"data":"Doom and Gloom","floor":15.0,"key":"SMITH"},{"floor":28.0,"key":"REST"},{"data":"Loop","floor":32.0,"key":"SMITH"},{"data":"Capacitor","floor":44,"key":"SMITH"},{"floor":49,"key":"REST"}],"neow_cost":"NONE","seed_source_timestamp":0,"circlet_count":0,"master_deck":["Strike_B+1","Defend_B","Defend_B+1","Defend_B+1","Defend_B","Zap+1","Dualcast+1","Cold Snap","Reinforced Body","Compile Driver+1","Leap","Doom and Gloom+1","Biased Cognition","Genetic Algorithm","Ball Lightning","Electrodynamics","Cold Snap","Capacitor+1","Capacitor+1","Loop+1","Meteor Strike","Undo+1","Storm+1","Lockon","Hologram+1","Chill+1"],"special_seed":0,"relics":["Cracked Core","Regal Pillow","War Paint","Bronze Scales","Velvet Choker","Singing Bowl","PreservedInsect","Centennial Puzzle","Anchor","Whetstone","Cursed Key","Red Mask","Mango","Meat on the Bone"],"potions_floor_usage":[47,48,50],"damage_taken":[{"damage":1.0,"enemies":"Cultist","floor":1.0,"turns":3.0},{"damage":4.0,"enemies":"Small Slimes","floor":2.0,"turns":2.0},{"damage":0.0,"enemies":"Jaw Worm","floor":3.0,"turns":4.0},{"damage":0.0,"enemies":"3 Louse","floor":4.0,"turns":5.0},{"damage":6.0,"enemies":"Exordium Thugs","floor":7.0,"turns":4.0},{"damage":6.0,"enemies":"Lagavulin","floor":10.0,"turns":9.0},{"damage":8.0,"enemies":"Gremlin Nob","floor":13.0,"turns":4.0},{"damage":28.0,"enemies":"The Guardian","floor":16.0,"turns":11.0},{"damage":7.0,"enemies":"3 Byrds","floor":18.0,"turns":2.0},{"damage":15.0,"enemies":"2 Thieves","floor":19.0,"turns":2.0},{"damage":5.0,"enemies":"Snecko","floor":21.0,"turns":5.0},{"damage":3.0,"enemies":"Gremlin Leader","floor":23.0,"turns":4.0},{"damage":7.0,"enemies":"Centurion and Healer","floor":24.0,"turns":6.0},{"damage":3.0,"enemies":"Book of Stabbing","floor":25.0,"turns":4.0},{"damage":3.0,"enemies":"Shelled Parasite and Fungi","floor":29.0,"turns":7.0},{"damage":0.0,"enemies":"Cultist and Chosen","floor":30.0,"turns":4.0},{"damage":5.0,"enemies":"Snecko","floor":31.0,"turns":5.0},{"damage":6.0,"enemies":"Collector","floor":33.0,"turns":10.0},{"damage":1.0,"enemies":"Orb Walker","floor":35.0,"turns":3.0},{"damage":8.0,"enemies":"3 Darklings","floor":38.0,"turns":4.0},{"damage":0.0,"enemies":"Mind Bloom Boss Battle","floor":39.0,"turns":7.0},{"damage":1.0,"enemies":"Transient","floor":40.0,"turns":5.0},{"damage":6.0,"enemies":"Jaw Worm Horde","floor":42.0,"turns":3.0},{"damage":13,"enemies":"Giant Head","floor":45,"turns":7},{"damage":6,"enemies":"4 Shapes","floor":46,"turns":2},{"damage":1,"enemies":"Transient","floor":47,"turns":5},{"damage":0,"enemies":"Spire Growth","floor":48,"turns":5},{"damage":24,"enemies":"Awakened One","floor":50,"turns":13}],"seed_played":"-1654906335547403318","potions_obtained":[{"floor":1.0,"key":"Fire Potion"},{"floor":3.0,"key":"Dexterity Potion"},{"floor":4.0,"key":"SteroidPotion"},{"floor":13.0,"key":"Poison Potion"},{"floor":18.0,"key":"Fire Potion"},{"floor":21.0,"key":"Fire Potion"},{"floor":25.0,"key":"Explosive Potion"},{"floor":30.0,"key":"SpeedPotion"},{"floor":33.0,"key":"Block Potion"},{"floor":35.0,"key":"GamblersBrew"},{"floor":40.0,"key":"Block Potion"},{"floor":47,"key":"FocusPotion"}],"is_trial":false,"path_per_floor":["M","M","M","M","$","R","M","R","T","E","R","?","E","?","R","B",null,"M","M","?","M","$","E","M","E","T","$","R","M","M","M","R","B",null,"M","?","?","M","?","M","?","M","T","R","E","M","M","M","R","B",null],"character_chosen":"DEFECT","items_purchased":["Electrodynamics","PreservedInsect","Cold Snap","Block Potion"],"campfire_rested":3,"item_purchase_floors":[22,22,22,22],"current_hp_per_floor":[67,63,63,63,63,63,57,57,57,51,75,75,67,67,67,39,66,59,44,44,39,39,36,29,28,28,28,66,65,65,62,62,56,75,76,76,83,75,91,90,90,86,86,86,73,67,68,68,103,79],"gold":311,"neow_bonus":"HUNDRED_GOLD","is_prod":false,"is_daily":false,"chose_seed":false,"campfire_upgraded":5,"win_rate":0,"timestamp":1569348273,"path_taken":["M","?","M","M","$","R","M","R","T","E","R","?","E","?","R","BOSS","M","M","?","M","$","E","M","E","T","$","R","M","?","M","R","BOSS","M","?","?","?","?","M","?","M","T","R","E","?","?","M","R","BOSS"],"build_version":"2019-07-17","purchased_purges":3,"victory":true,"max_hp_per_floor":[75,75,75,75,75,75,75,75,75,75,75,75,75,75,75,75,75,75,75,75,75,75,75,75,77,77,77,77,79,79,81,81,81,81,83,83,83,83,99,99,99,101,101,101,101,101,103,103,103,103],"card_choices":[{"not_picked":["Aggregate","Coolheaded"],"picked":"Cold Snap","floor":1.0},{"not_picked":["Steam Power","Stack"],"picked":"Reinforced Body","floor":2.0},{"not_picked":["Steam","Rip and Tear"],"picked":"Compile Driver","floor":3.0},{"not_picked":["Thunder Strike","Hologram"],"picked":"Leap","floor":4.0},{"not_picked":["Rip and Tear","Turbo","FTL"],"picked":"SKIP","floor":7.0},{"not_picked":["Recycle","Sunder"],"picked":"Doom and Gloom","floor":10.0},{"not_picked":["Reinforced Body","Steam","Storm"],"picked":"SKIP","floor":13.0},{"not_picked":["Thunder Strike","Multi-Cast"],"picked":"Biased Cognition","floor":16.0},{"not_picked":["Sweeping Beam+1","Redo+1"],"picked":"Genetic Algorithm","floor":18.0},{"not_picked":["Steam","Rebound+1","Chaos"],"picked":"SKIP","floor":19.0},{"not_picked":["Barrage+1","Storm+1"],"picked":"Ball Lightning","floor":21.0},{"not_picked":["Turbo","Static Discharge+1"],"picked":"Capacitor+1","floor":23.0},{"not_picked":["Barrage","White Noise"],"picked":"Capacitor","floor":24.0},{"not_picked":["Lockon","Capacitor","Reinforced Body"],"picked":"Singing Bowl","floor":25.0},{"not_picked":["Leap+1","Sweeping Beam","Meteor Strike"],"picked":"Singing Bowl","floor":29.0},{"not_picked":["Conserve Battery+1","Beam Cell"],"picked":"Loop","floor":30.0},{"not_picked":["Cold Snap","Turbo","Compile Driver"],"picked":"Singing Bowl","floor":31.0},{"not_picked":["Fission","Amplify"],"picked":"Meteor Strike","floor":33.0},{"not_picked":["Go for the Eyes","Skim","White Noise+1"],"picked":"Singing Bowl","floor":35.0},{"not_picked":["Ball Lightning+1","Steam"],"picked":"Undo+1","floor":38.0},{"not_picked":["Hologram","Stack+1","Blizzard"],"picked":"Singing Bowl","floor":39.0},{"not_picked":["Genetic Algorithm+1","Sweeping Beam+1"],"picked":"Storm+1","floor":40.0},{"not_picked":["Sweeping Beam","Streamline+1","Hyperbeam"],"picked":"Singing Bowl","floor":42.0},{"not_picked":["Self Repair+1","Genetic Algorithm+1"],"picked":"Lockon","floor":45},{"not_picked":["Go for the Eyes+1","Sunder+1"],"picked":"Hologram+1","floor":46},{"not_picked":["Rebound","Leap+1","Stack+1"],"picked":"Singing Bowl","floor":47},{"not_picked":["Scrape+1","Redo"],"picked":"Chill+1","floor":48}],"player_experience":124439,"relics_obtained":[{"floor":9.0,"key":"Regal Pillow"},{"floor":10.0,"key":"War Paint"},{"floor":13.0,"key":"Bronze Scales"},{"floor":23.0,"key":"Centennial Puzzle"},{"floor":25.0,"key":"Anchor"},{"floor":26.0,"key":"Whetstone"},{"floor":39.0,"key":"Mango"},{"floor":45,"key":"Meat on the Bone"}],"event_choices":[{"cards_removed":["Strike_B"],"damage_healed":0.0,"max_hp_gain":0.0,"max_hp_loss":0.0,"gold_gain":0.0,"event_name":"Living Wall","player_choice":"Forget","floor":12.0,"gold_loss":0.0,"damage_taken":0.0},{"damage_healed":0.0,"max_hp_gain":0.0,"max_hp_loss":0.0,"gold_gain":175.0,"event_name":"Liars Game","player_choice":"AGREE","floor":14.0,"gold_loss":0.0,"damage_taken":0.0,"cards_obtained":["Doubt"]},{"damage_healed":0.0,"max_hp_gain":0.0,"max_hp_loss":0.0,"gold_gain":0.0,"event_name":"WeMeetAgain","player_choice":"Paid Gold","floor":20.0,"gold_loss":73.0,"damage_taken":0.0,"relics_obtained":["Singing Bowl"]},{"damage_healed":0.0,"max_hp_gain":0.0,"max_hp_loss":0.0,"gold_gain":0.0,"event_name":"Tomb of Lord Red Mask","player_choice":"Paid","floor":36.0,"gold_loss":155.0,"damage_taken":0.0,"relics_obtained":["Red Mask"]},{"damage_healed":7.0,"max_hp_gain":0.0,"max_hp_loss":0.0,"gold_gain":0.0,"event_name":"Wheel of Change","player_choice":"Full Heal","floor":37.0,"gold_loss":0.0,"damage_taken":0.0},{"damage_healed":0.0,"max_hp_gain":0.0,"max_hp_loss":0.0,"gold_gain":0.0,"event_name":"MindBloom","player_choice":"Fight","floor":39.0,"gold_loss":0.0,"damage_taken":0.0},{"damage_healed":0.0,"max_hp_gain":0.0,"max_hp_loss":0.0,"gold_gain":100.0,"event_name":"Golden Shrine","player_choice":"Pray","floor":41.0,"gold_loss":0.0,"damage_taken":0.0}],"is_beta":false,"boss_relics":[{"not_picked":["Calling Bell","Nuclear Battery"],"picked":"Velvet Choker"},{"not_picked":["Black Star","Astrolabe"],"picked":"Cursed Key"}],"items_purged_floors":[5,22,27],"is_endless":false,"potions_floor_spawned":[1,3,4,13,18,21,25,30,31,33,35,38,40,45,47],"ascension_level":8}