{"gold_per_floor":[112,131,6,6,18,18,18,18,18,29,29,59,234,159,159,258,258,274,189,19,35,47,47,146,160,160,173,192,192,203,78,78,173,173,190,210,60,75,75,75,175,189,189,189,14,31,44,44,44,44],"floor_reached":51,"playtime":2563,"items_purged":["Doubt","Strike_B","Strike_B","Strike_B","Strike_B"],"score":689,"play_id":"9bd36ca0-7b5c-403b-98d8-ba61401caa75","local_time":"20191009085108","is_ascension_mode":false,"campfire_choices":[{"data":"Zap","floor":6,"key":"SMITH"},{"floor":8,"key":"REST"},{"data":"Turbo","floor":11,"key":"SMITH"},{"data":"Turbo","floor":15,"key":"SMITH"},{"floor":23,"key":"REST"},{"floor":29,"key":"REST"},{"floor":32,"key":"REST"},{"data":"Reboot","floor":40,"key":"SMITH"},{"floor":44,"key":"REST"},{"data":"Hologram","floor":49,"key":"SMITH"}],"neow_cost":"NONE","seed_source_timestamp":174309782368700,"circlet_count":0,"master_deck":["Defend_B","Defend_B","Defend_B","Defend_B","Zap+1","Dualcast+1","Steam","Turbo+1","Steam","Turbo+1","Gash","Beam Cell+1","All For One","Stack","Reboot+1","Hologram+1","Scrape","Double Energy","Leap","Gash","Beam Cell","Gash","Gash+1","Scrape","Gash+1","Seek"],"relics":["Orrery","Unceasing Top","Odd Mushroom","Nuclear Battery","Bag of Marbles","Mummified Hand","Runic Pyramid","Peace Pipe","Pear"],"potions_floor_usage":[50,50],"damage_taken":[{"damage":0,"enemies":"Small Slimes","floor":1,"turns":4},{"damage":1,"enemies":"Jaw Worm","floor":2,"turns":4},{"damage":3,"enemies":"2 Louse","floor":5,"turns":3},{"damage":5,"enemies":"2 Fungi Beasts","floor":10,"turns":5},{"damage":7,"enemies":"The Mushroom Lair","floor":12,"turns":5},{"damage":53,"enemies":"Hexaghost","floor":16,"turns":11},{"damage":11,"enemies":"3 Byrds","floor":18,"turns":6},{"damage":9,"enemies":"Shell Parasite","floor":21,"turns":5},{"damage":28,"enemies":"Centurion and Healer","floor":22,"turns":8},{"damage":0,"enemies":"3 Cultists","floor":25,"turns":4},{"damage":4,"enemies":"Shelled Parasite and Fungi","floor":27,"turns":2},{"damage":21,"enemies":"Cultist and Chosen","floor":28,"turns":8},{"damage":0,"enemies":"Chosen and Byrds","floor":30,"turns":6},{"damage":37,"enemies":"Champ","floor":33,"turns":8},{"damage":0,"enemies":"3 Darklings","floor":35,"turns":2},{"damage":0,"enemies":"3 Shapes","floor":36,"turns":1},{"damage":16,"enemies":"Writhing Mass","floor":38,"turns":4},{"damage":0,"enemies":"Mind Bloom Boss Battle","floor":41,"turns":2},{"damage":0,"enemies":"Jaw Worm Horde","floor":42,"turns":1},{"damage":0,"enemies":"4 Shapes","floor":46,"turns":1},{"damage":0,"enemies":"3 Darklings","floor":47,"turns":2},{"damage":17,"enemies":"Donu and Deca","floor":50,"turns":5}],"seed_played":"1332605624046712048","potions_obtained":[{"floor":5,"key":"Poison Potion"},{"floor":16,"key":"SteroidPotion"},{"floor":22,"key":"Dexterity Potion"},{"floor":25,"key":"Explosive Potion"},{"floor":27,"key":"SmokeBomb"},{"floor":38,"key":"Regen Potion"},{"floor":41,"key":"SteroidPotion"}],"is_trial":false,"path_per_floor":["M","M","$","?","M","R","?","R","T","M","R","?","?","$","R","B",null,"M","?","$","M","M","R","?","M","T","M","M","R","M","$","R","B",null,"M","M","$","M","$","R","?","M","T","R","$","M","M","?","R","B",null],"character_chosen":"DEFECT","items_purchased":["All For One","Stack","Scrape"],"campfire_rested":5,"item_purchase_floors":[3,3,20],"current_hp_per_floor":[75,74,74,74,71,71,56,75,75,70,70,63,63,63,63,10,75,64,64,64,55,27,49,49,49,49,45,24,46,46,46,68,31,75,75,75,75,59,59,59,59,59,69,85,85,85,85,85,85,72],"gold":44,"neow_bonus":"BOSS_RELIC","is_prod":false,"is_daily":false,"chose_seed":false,"campfire_upgraded":5,"win_rate":0.0,"timestamp":1570625468,"path_taken":["M","M","$","?","M","R","?","R","T","M","R","?","?","$","R","BOSS","M","?","$","M","M","R","?","M","T","M","M","R","M","?","R","BOSS","M","M","$","?","$","R","?","M","T","R","?","M","M","?","R","BOSS"],"build_version":"2019-07-17","purchased_purges":5,"victory":true,"max_hp_per_floor":[75,75,75,75,75,75,75,75,75,75,75,75,75,75,75,75,75,75,75,75,75,75,75,75,75,75,75,75,75,75,75,75,75,75,75,75,75,75,75,75,75,75,85,85,85,85,85,85,85,85],"card_choices":[{"not_picked":["Cold Snap","Beam Cell"],"picked":"Steam","floor":0},{"not_picked":["Hologram","Force Field"],"picked":"Turbo","floor":0},{"not_picked":["Rebound","Coolheaded"],"picked":"Steam","floor":0},{"not_picked":["Loop","Amplify"],"picked":"Turbo","floor":0},{"not_picked":["Glacier","Turbo"],"picked":"Gash","floor":1},{"not_picked":["White Noise","Glacier"],"picked":"Beam Cell","floor":2},{"not_picked":["Stack","Fusion","Undo"],"picked":"SKIP","floor":5},{"not_picked":["Fission","Conserve Battery","Hologram"],"picked":"SKIP","floor":10},{"not_picked":["Amplify","Electrodynamics"],"picked":"Reboot","floor":16},{"not_picked":["Ball Lightning+1","Sweeping Beam"],"picked":"Hologram","floor":18},{"not_picked":["Hello World","Go for the Eyes"],"picked":"Double Energy","floor":21},{"not_picked":["Melter+1","Aggregate+1"],"picked":"Leap","floor":22},{"not_picked":["Rebound","Go for the Eyes"],"picked":"Gash","floor":25},{"not_picked":["Skim","Compile Driver"],"picked":"Beam Cell","floor":27},{"not_picked":["Leap","Steam"],"picked":"Gash","floor":28},{"not_picked":["Biased Cognition","Conserve Battery+1","Go for the Eyes"],"picked":"SKIP","floor":30},{"not_picked":["Streamline","Barrage+1"],"picked":"Gash+1","floor":35},{"not_picked":["Go for the Eyes+1","Doom and Gloom"],"picked":"Scrape","floor":36},{"not_picked":["Sunder","Fusion"],"picked":"Gash+1","floor":38},{"not_picked":["Barrage","Conserve Battery+1","Blizzard"],"picked":"SKIP","floor":42},{"not_picked":["Ball Lightning+1","Double Energy"],"picked":"Seek","floor":46},{"not_picked":["Coolheaded","Beam Cell","Conserve Battery+1"],"picked":"SKIP","floor":47}],"player_experience":104456,"relics_obtained":[{"floor":9,"key":"Unceasing Top"},{"floor":12,"key":"Odd Mushroom"},{"floor":26,"key":"Mummified Hand"},{"floor":41,"key":"Peace Pipe"},{"floor":43,"key":"Pear"}],"event_choices":[{"damage_healed":0,"gold_gain":0,"player_choice":"Fled","damage_taken":0,"max_hp_gain":0,"max_hp_loss":0,"event_name":"Scrap Ooze","floor":4,"gold_loss":0},{"damage_healed":0,"gold_gain":0,"player_choice":"Entered Light","damage_taken":15,"max_hp_gain":0,"max_hp_loss":0,"event_name":"Shining Light","floor":7,"gold_loss":0,"cards_upgraded":["Dualcast","Beam Cell"]},{"damage_healed":0,"gold_gain":0,"player_choice":"Fought Mushrooms","damage_taken":0,"max_hp_gain":0,"max_hp_loss":0,"event_name":"Mushrooms","floor":12,"gold_loss":0},{"damage_healed":0,"gold_gain":175,"player_choice":"AGREE","damage_taken":0,"max_hp_gain":0,"max_hp_loss":0,"event_name":"Liars Game","floor":13,"gold_loss":0,"cards_obtained":["Doubt"]},{"damage_healed":0,"gold_gain":0,"player_choice":"Obtained Relic","damage_taken":0,"relics_obtained":["Bag of Marbles"],"max_hp_gain":0,"max_hp_loss":0,"event_name":"Addict","floor":19,"gold_loss":85},{"damage_healed":0,"gold_gain":99,"player_choice":"Stole From Cult","damage_taken":0,"max_hp_gain":0,"max_hp_loss":0,"event_name":"Nest","floor":24,"gold_loss":0},{"damage_healed":0,"gold_gain":0,"player_choice":"Fight","damage_taken":0,"max_hp_gain":0,"max_hp_loss":0,"event_name":"MindBloom","floor":41,"gold_loss":0},{"damage_healed":0,"gold_gain":0,"player_choice":"Ignored","damage_taken":0,"max_hp_gain":0,"max_hp_loss":0,"event_name":"Tomb of Lord Red Mask","floor":48,"gold_loss":0}],"is_beta":false,"boss_relics":[{"not_picked":["Coffee Dripper","Fusion Hammer"],"picked":"Nuclear Battery"},{"not_picked":["Black Star","Runic Dome"],"picked":"Runic Pyramid"}],"items_purged_floors":[14,20,31,37,45],"is_endless":false,"potions_floor_spawned":[5,16,22,25,27,38,41,46],"ascension_level":0}