{"gold_per_floor":[115,133,133,12,24,24,36,63,63,63,83,98,98,124,124,226,226,242,341,341,353,372,429,429,429],"floor_reached":25,"playtime":1739,"items_purged":["Regret"],"score":316,"play_id":"3ebe117d-27d5-4138-a30c-6abf3b213d72","local_time":"20190110152315","is_ascension_mode":true,"campfire_choices":[{"data":"Zap","floor":6,"key":"SMITH"},{"data":"Streamline","floor":13,"key":"SMITH"},{"data":"Echo Form","floor":15,"key":"SMITH"}],"neow_cost":"NONE","seed_source_timestamp":125217643395269,"circlet_count":0,"master_deck":["Defend_B","Defend_B","Defend_B","Defend_B","Zap+1","Dualcast","Streamline+1","Sweeping Beam","Conserve Battery","Glacier","Core Surge","Chaos","Chaos","Static Discharge","Stack","Echo Form+1","Seek","Self Repair","Leap","BootSequence","Bite","Bite","Bite","Bite","Bite"],"relics":["White Beast Statue","Letter Opener","Pocketwatch","Mango","Dodecahedron","Black Star","Tiny Chest","Singing Bowl"],"potions_floor_usage":[2,8,12,12,16,16,18,22,23,23,25],"damage_taken":[{"damage":2,"enemies":"Jaw Worm","floor":1,"turns":3},{"damage":0,"enemies":"2 Louse","floor":2,"turns":2},{"damage":1,"enemies":"Cultist","floor":5,"turns":3},{"damage":1,"enemies":"3 Louse","floor":7,"turns":2},{"damage":3,"enemies":"3 Sentries","floor":8,"turns":7},{"damage":6,"enemies":"Blue Slaver","floor":11,"turns":3},{"damage":0,"enemies":"Looter","floor":12,"turns":2},{"damage":23,"enemies":"Gremlin Nob","floor":14,"turns":4},{"damage":20,"enemies":"Hexaghost","floor":16,"turns":7},{"damage":41,"enemies":"2 Thieves","floor":18,"turns":4},{"damage":12,"enemies":"Chosen","floor":21,"turns":5},{"damage":4,"enemies":"Shelled Parasite and Fungi","floor":22,"turns":9},{"damage":45,"enemies":"Slavers","floor":23,"turns":4},{"damage":16,"enemies":"Book of Stabbing","floor":25,"turns":4}],"seed_played":"-2720426731971659947","potions_obtained":[{"floor":1,"key":"Poison Potion"},{"floor":2,"key":"Fire Potion"},{"floor":5,"key":"FearPotion"},{"floor":7,"key":"Poison Potion"},{"floor":8,"key":"EssenceOfSteel"},{"floor":11,"key":"Fire Potion"},{"floor":12,"key":"SkillPotion"},{"floor":14,"key":"FearPotion"},{"floor":16,"key":"LiquidBronze"},{"floor":18,"key":"FearPotion"},{"floor":21,"key":"EssenceOfSteel"},{"floor":22,"key":"Explosive Potion"},{"floor":23,"key":"Energy Potion"}],"is_trial":false,"path_per_floor":["M","M","?","$","M","R","M","E","T","?","M","M","R","E","R","B",null,"M","?","?","M","M","E","?","E"],"character_chosen":"DEFECT","items_purchased":["Conserve Battery"],"campfire_rested":0,"item_purchase_floors":[4],"current_hp_per_floor":[73,73,73,73,72,72,71,68,82,82,76,76,76,53,53,33,75,34,34,63,51,61,16,16,0],"gold":429,"neow_bonus":"BOSS_RELIC","is_prod":false,"is_daily":false,"chose_seed":false,"campfire_upgraded":3,"win_rate":0,"timestamp":1547155395,"path_taken":["M","M","?","$","M","R","M","E","T","?","?","M","R","E","R","BOSS","M","?","?","M","M","E","?","E"],"build_version":"2019-01-03v4","purchased_purges":1,"victory":false,"max_hp_per_floor":[75,75,75,75,75,75,75,75,89,89,89,89,89,89,89,89,89,89,89,89,89,89,89,62,62],"card_choices":[{"not_picked":["Capacitor","Steam"],"picked":"Streamline","floor":1},{"not_picked":["Rebound","Blizzard"],"picked":"Sweeping Beam","floor":2},{"not_picked":["Steam","Steam Power"],"picked":"Glacier","floor":5},{"not_picked":["Go for the Eyes","Turbo"],"picked":"Core Surge","floor":7},{"not_picked":["Cold Snap","All For One"],"picked":"Chaos","floor":8},{"not_picked":["Redo","Lockon"],"picked":"Static Discharge","floor":11},{"not_picked":["Streamline","Storm"],"picked":"Stack","floor":12},{"not_picked":["Sweeping Beam","Steam"],"picked":"Echo Form","floor":14},{"not_picked":["Core Surge","Biased Cognition"],"picked":"Seek","floor":16},{"not_picked":["Genetic Algorithm","Heatsinks","Redo"],"picked":"SKIP","floor":18},{"not_picked":["Coolheaded","FTL"],"picked":"Self Repair","floor":21},{"not_picked":["Go for the Eyes","Coolheaded"],"picked":"Leap","floor":22},{"not_picked":["Turbo","Redo+1"],"picked":"BootSequence","floor":23}],"player_experience":385723,"relics_obtained":[{"floor":8,"key":"Pocketwatch"},{"floor":9,"key":"Mango"},{"floor":14,"key":"Dodecahedron"},{"floor":23,"key":"Tiny Chest"},{"floor":23,"key":"Singing Bowl"}],"event_choices":[{"damage_healed":0,"gold_gain":0,"player_choice":"Box","damage_taken":0,"relics_obtained":["Letter Opener"],"max_hp_gain":0,"max_hp_loss":0,"event_name":"Big Fish","floor":3,"gold_loss":0,"cards_obtained":["Regret"]},{"damage_healed":0,"gold_gain":0,"cards_transformed":["Strike_B"],"player_choice":"Transformed","damage_taken":0,"max_hp_gain":0,"max_hp_loss":0,"event_name":"Transmorgrifier","floor":10,"gold_loss":0,"cards_obtained":["Chaos"]},{"damage_healed":0,"gold_gain":99,"player_choice":"Stole From Cult","damage_taken":0,"max_hp_gain":0,"max_hp_loss":0,"event_name":"Nest","floor":19,"gold_loss":0},{"damage_healed":29,"gold_gain":0,"player_choice":"Heal","damage_taken":0,"max_hp_gain":0,"max_hp_loss":0,"event_name":"The Library","floor":20,"gold_loss":0},{"damage_healed":0,"gold_gain":0,"player_choice":"Became a vampire","damage_taken":0,"max_hp_gain":0,"max_hp_loss":27,"event_name":"Vampires","floor":24,"gold_loss":0,"cards_obtained":["Bite","Bite","Bite","Bite","Bite"]}],"is_beta":false,"boss_relics":[{"not_picked":["Calling Bell","Ectoplasm"],"picked":"Black Star"}],"items_purged_floors":[4],"is_endless":false,"potions_floor_spawned":[1,2,5,7,8,11,12,14,16,18,21,22,23],"killed_by":"Book of Stabbing","ascension_level":5}