{"gold_per_floor":[116,136,136,136,149,179,179,212,212,226,242,242,242,242,242,338,338,349,31,41,41,57,90,116,116,116,116,147,161,179,196,196,300,300,312,312,95,105,205,205,205,218,218,250,260,0,13,13,13,13],"floor_reached":51,"playtime":3457,"items_purged":["Strike_P"],"score":812,"play_id":"0c60235f-2b0c-41bb-b5d6-5a991fcff9e0","local_time":"20190925180020","is_ascension_mode":true,"campfire_choices":[{"data":"Eruption","floor":7.0,"key":"SMITH"},{"data":"Vigilance","floor":12.0,"key":"SMITH"},{"data":"SashWhip","floor":15.0,"key":"SMITH"},{"floor":27.0,"key":"REST"},{"floor":32.0,"key":"REST"},{"floor":40.0,"key":"RECALL"},{"floor":49.0,"key":"REST"}],"neow_cost":"NONE","seed_source_timestamp":0,"circlet_count":0,"master_deck":["Strike_P+1","Strike_P+1","Strike_P+1","Defend_P+1","Defend_P","Defend_P","Eruption+1","Vigilance+1","ThirdEye","SashWhip+1","EmptyFist","EmptyBody","Vault","ThirdEye+1","Blasphemy","FlyingSleeves","Wallop","BowlingBash+1","Perseverance+1","CrushJoints","CrushJoints","CutThroughFate+1","Vault","CurseOfTheBell","Tantrum","FlyingSleeves+1","Crescendo+1","CutThroughFate","Tantrum+1","FlowState+1","BattleHymn"],"special_seed":0,"relics":["Philosopher\u0027s Stone","White Beast Statue","Letter Opener","Regal Pillow","Pear","Fusion Hammer","HornCleat","Matryoshka","Whetstone","InkBottle","Ancient Tea Set","Lizard Tail","Blood Vial","Calling Bell","Oddly Smooth Stone","Singing Bowl","Torii","Bag of Preparation","Calipers","Molten Egg 2","Bag of Marbles","Red Mask"],"potions_floor_usage":[50,50,50],"damage_taken":[{"damage":0.0,"enemies":"2 Louse","floor":1.0,"turns":1.0},{"damage":0.0,"enemies":"Small Slimes","floor":2.0,"turns":3.0},{"damage":0.0,"enemies":"Cultist","floor":5.0,"turns":3.0},{"damage":0.0,"enemies":"Gremlin Nob","floor":6.0,"turns":4.0},{"damage":10.0,"enemies":"3 Sentries","floor":8.0,"turns":5.0},{"damage":2.0,"enemies":"Exordium Thugs","floor":10.0,"turns":3.0},{"damage":1.0,"enemies":"Looter","floor":11.0,"turns":3.0},{"damage":22.0,"enemies":"Hexaghost","floor":16.0,"turns":11.0},{"damage":7.0,"enemies":"2 Thieves","floor":18.0,"turns":3.0},{"damage":0.0,"enemies":"Shell Parasite","floor":20.0,"turns":2.0},{"damage":0.0,"enemies":"Cultist and Chosen","floor":22.0,"turns":6.0},{"damage":26.0,"enemies":"Slavers","floor":23.0,"turns":6.0},{"damage":7.0,"enemies":"Gremlin Leader","floor":28.0,"turns":8.0},{"damage":3.0,"enemies":"Snake Plant","floor":29.0,"turns":5.0},{"damage":6.0,"enemies":"Shelled Parasite and Fungi","floor":30.0,"turns":3.0},{"damage":0.0,"enemies":"Snecko","floor":31.0,"turns":1.0},{"damage":51.0,"enemies":"Champ","floor":33.0,"turns":12.0},{"damage":1.0,"enemies":"3 Darklings","floor":35.0,"turns":7.0},{"damage":0.0,"enemies":"Orb Walker","floor":38.0,"turns":3.0},{"damage":0.0,"enemies":"Mind Bloom Boss Battle","floor":39.0,"turns":2.0},{"damage":1.0,"enemies":"Jaw Worm Horde","floor":42.0,"turns":2.0},{"damage":1.0,"enemies":"Nemesis","floor":44.0,"turns":5.0},{"damage":0.0,"enemies":"3 Darklings","floor":45.0,"turns":2.0},{"damage":6.0,"enemies":"Maw","floor":47.0,"turns":7.0},{"damage":29,"enemies":"Time Eater","floor":50,"turns":9}],"seed_played":"-1370050023186519362","potions_obtained":[{"floor":2.0,"key":"Block Potion"},{"floor":5.0,"key":"Regen Potion"},{"floor":6.0,"key":"Dexterity Potion"},{"floor":8.0,"key":"PowerPotion"},{"floor":10.0,"key":"EssenceOfSteel"},{"floor":11.0,"key":"AttackPotion"},{"floor":14.0,"key":"StancePotion"},{"floor":16.0,"key":"AttackPotion"},{"floor":18.0,"key":"SteroidPotion"},{"floor":20.0,"key":"SmokeBomb"},{"floor":22.0,"key":"BottledMiracle"},{"floor":23.0,"key":"Dexterity Potion"},{"floor":28.0,"key":"DuplicationPotion"},{"floor":29.0,"key":"Fruit Juice"},{"floor":30.0,"key":"PowerPotion"},{"floor":31.0,"key":"Weak Potion"},{"floor":33.0,"key":"Weak Potion"},{"floor":35.0,"key":"Ancient Potion"},{"floor":38.0,"key":"SteroidPotion"},{"floor":42.0,"key":"SpeedPotion"},{"floor":44.0,"key":"Ancient Potion"},{"floor":45.0,"key":"Fire Potion"},{"floor":47.0,"key":"BottledMiracle"}],"is_trial":false,"path_per_floor":["M","M","?","?","M","E","R","E","T","M","M","R","?","?","R","B",null,"M","$","M","?","M","E","T","?","T","R","E","M","M","M","R","B",null,"M","?","$","M","?","R","?","M","T","E","M","?","M","$","R","B",null],"character_chosen":"WATCHER","items_purchased":["HornCleat","Tantrum","Bag of Preparation"],"campfire_rested":3,"item_purchase_floors":[19,37,37],"current_hp_per_floor":[65,65,52,40,40,52,52,42,52,50,49,49,49,49,49,27,75,68,68,68,68,68,42,42,42,42,75,68,67,68,70,80,29,80,81,81,81,82,82,82,82,81,81,81,82,82,76,76,82,53],"gold":13,"neow_bonus":"BOSS_RELIC","is_prod":false,"is_daily":false,"chose_seed":false,"campfire_upgraded":3,"win_rate":1,"timestamp":1569452420,"path_taken":["M","M","?","?","M","E","R","E","T","M","M","R","?","?","R","BOSS","M","$","M","?","M","E","?","?","T","R","E","?","M","M","R","BOSS","M","?","?","?","?","R","?","M","T","E","M","?","M","?","R","BOSS"],"build_version":"2019-09-25","purchased_purges":1,"victory":true,"max_hp_per_floor":[65,65,65,65,65,65,65,65,75,75,75,75,75,75,75,75,75,75,75,75,75,75,75,75,75,75,75,75,75,80,80,80,80,80,82,82,82,82,82,82,82,82,82,82,82,82,82,82,82,82],"card_choices":[{"not_picked":["CleanseEvil","Sanctity"],"picked":"ThirdEye","floor":1.0},{"not_picked":["Meditate","CleanseEvil"],"picked":"SashWhip","floor":2.0},{"not_picked":["ThirdEye","Devotion"],"picked":"EmptyFist","floor":5.0},{"not_picked":["DevaForm","WreathOfFlame"],"picked":"EmptyBody","floor":6.0},{"not_picked":["EmptyBody","CarveReality"],"picked":"Vault","floor":8.0},{"not_picked":["SashWhip","WheelKick"],"picked":"ThirdEye","floor":10.0},{"not_picked":["EmptyBody","WaveOfTheHand","Sanctity"],"picked":"SKIP","floor":11.0},{"not_picked":["MasterReality","Ragnarok"],"picked":"Blasphemy","floor":16.0},{"not_picked":["Sanctity+1","JustLucky"],"picked":"FlyingSleeves","floor":18.0},{"not_picked":["SandsOfTime","CarveReality+1"],"picked":"Wallop","floor":20.0},{"not_picked":["Prostrate","FlowState"],"picked":"BowlingBash+1","floor":22.0},{"not_picked":["DeusExMachina","CleanseEvil"],"picked":"Perseverance+1","floor":23.0},{"not_picked":["Protect","Fasting+1"],"picked":"CrushJoints","floor":28.0},{"not_picked":["CarveReality","InnerPeace"],"picked":"CrushJoints","floor":29.0},{"not_picked":["FlurryOfBlows","Prostrate"],"picked":"CutThroughFate+1","floor":30.0},{"not_picked":["CleanseEvil","JustLucky","ForeignInfluence"],"picked":"SKIP","floor":31.0},{"not_picked":["Ragnarok","Unraveling"],"picked":"Vault","floor":33.0},{"not_picked":["Halt","Sanctity+1","FollowUp+1"],"picked":"Singing Bowl","floor":35.0},{"not_picked":["TalkToTheHand","Crescendo"],"picked":"FlyingSleeves+1","floor":38.0},{"not_picked":["JustLucky+1","FlurryOfBlows+1"],"picked":"Crescendo+1","floor":39.0},{"not_picked":["WheelKick+1","Consecrate+1"],"picked":"CutThroughFate","floor":42.0},{"not_picked":["FollowUp+1","Sanctity"],"picked":"Tantrum+1","floor":44.0},{"not_picked":["WreathOfFlame+1","Vengeance"],"picked":"FlowState+1","floor":45.0},{"not_picked":["JustLucky+1","WindmillStrike+1"],"picked":"BattleHymn","floor":47.0}],"player_experience":137134,"relics_obtained":[{"floor":6.0,"key":"Letter Opener"},{"floor":8.0,"key":"Regal Pillow"},{"floor":9.0,"key":"Pear"},{"floor":23.0,"key":"Matryoshka"},{"floor":24.0,"key":"Whetstone"},{"floor":24.0,"key":"InkBottle"},{"floor":26.0,"key":"Ancient Tea Set"},{"floor":26.0,"key":"Lizard Tail"},{"floor":28.0,"key":"Blood Vial"},{"floor":34.0,"key":"Oddly Smooth Stone"},{"floor":34.0,"key":"Singing Bowl"},{"floor":34.0,"key":"Torii"},{"floor":39.0,"key":"Calipers"},{"floor":43.0,"key":"Molten Egg 2"},{"floor":44.0,"key":"Bag of Marbles"}],"event_choices":[{"damage_healed":0.0,"max_hp_gain":0.0,"max_hp_loss":0.0,"gold_gain":0.0,"event_name":"Shining Light","player_choice":"Entered Light","floor":3.0,"gold_loss":0.0,"damage_taken":13.0,"cards_upgraded":["Defend_P","Strike_P"]},{"damage_healed":0.0,"max_hp_gain":0.0,"max_hp_loss":0.0,"gold_gain":0.0,"event_name":"Scrap Ooze","player_choice":"Success","floor":4.0,"gold_loss":0.0,"damage_taken":12.0,"relics_obtained":["White Beast Statue"]},{"damage_healed":0.0,"max_hp_gain":0.0,"max_hp_loss":0.0,"gold_gain":0.0,"event_name":"Liars Game","player_choice":"Ignored","floor":13.0,"gold_loss":0.0,"damage_taken":0.0},{"damage_healed":0.0,"max_hp_gain":0.0,"max_hp_loss":0.0,"gold_gain":0.0,"event_name":"Lab","player_choice":"Got Potions","floor":14.0,"gold_loss":0.0,"damage_taken":0.0},{"damage_healed":0.0,"max_hp_gain":0.0,"max_hp_loss":0.0,"gold_gain":0.0,"event_name":"Upgrade Shrine","player_choice":"Upgraded","floor":25.0,"gold_loss":0.0,"damage_taken":0.0,"cards_upgraded":["ThirdEye"]},{"damage_healed":0.0,"max_hp_gain":0.0,"max_hp_loss":0.0,"gold_gain":0.0,"event_name":"The Woman in Blue","player_choice":"Bought 0 Potions","floor":36.0,"gold_loss":0.0,"damage_taken":0.0},{"damage_healed":0.0,"max_hp_gain":0.0,"max_hp_loss":0.0,"gold_gain":0.0,"event_name":"MindBloom","player_choice":"Fight","floor":39.0,"gold_loss":0.0,"damage_taken":0.0},{"cards_removed":["Defend_P"],"damage_healed":0.0,"max_hp_gain":0.0,"max_hp_loss":0.0,"gold_gain":0.0,"event_name":"Falling","player_choice":"Removed Skill","floor":41.0,"gold_loss":0.0,"damage_taken":0.0},{"damage_healed":0.0,"max_hp_gain":0.0,"max_hp_loss":0.0,"gold_gain":0.0,"event_name":"Tomb of Lord Red Mask","player_choice":"Paid","floor":46.0,"gold_loss":260.0,"damage_taken":0.0,"relics_obtained":["Red Mask"]}],"is_beta":true,"boss_relics":[{"not_picked":["SlaversCollar","Velvet Choker"],"picked":"Fusion Hammer"},{"not_picked":["SacredBark","Coffee Dripper"],"picked":"Calling Bell"}],"items_purged_floors":[19],"is_endless":false,"potions_floor_spawned":[2,5,6,8,10,11,16,18,20,22,23,28,29,30,31,33,35,38,39,42,44,45,47],"ascension_level":1}