{"gold_per_floor":[112,187,207,39,57,89,108,108,108,29,60,60,79,79,79,202,202,222,222,217,236,249,249,284,305,383,383,402,402,416,416],"floor_reached":31,"playtime":2156,"items_purged":["Strike_G"],"score":269,"play_id":"37663a42-7107-4a0d-8eab-29d1eae9125a","local_time":"20181126223542","is_ascension_mode":false,"campfire_choices":[{"data":"Footwork","floor":8,"key":"SMITH"},{"floor":15,"key":"REST"},{"floor":23,"key":"REST"},{"floor":27,"key":"REST"}],"neow_cost":"NONE","seed_source_timestamp":1126447848949246,"circlet_count":0,"master_deck":["Defend_G","Defend_G","Defend_G","Defend_G+1","Defend_G","Strike_G","Strike_G","Strike_G","Strike_G","Survivor","Neutralize","Dramatic Entrance","Dagger Throw","Deadly Poison","Footwork+1","Deflect","Endless Agony","Poisoned Stab+1","Catalyst","Noxious Fumes","Noxious Fumes+1","Infinite Blades","Die Die Die+1","Leg Sweep","Deflect","Deflect","Backflip","Footwork","Cloak And Dagger+1","Deadly Poison+1"],"relics":["Ring of the Snake","Molten Egg 2","Pear","Question Card","Golden Idol","WristBlade","Anchor","Toxic Egg 2","SsserpentHead"],"potions_floor_usage":[16,22,30,30,30],"damage_taken":[{"damage":0,"enemies":"2 Louse","floor":1,"turns":2},{"damage":0,"enemies":"Cultist","floor":3,"turns":4},{"damage":0,"enemies":"Small Slimes","floor":5,"turns":3},{"damage":14,"enemies":"3 Sentries","floor":6,"turns":10},{"damage":0,"enemies":"2 Fungi Beasts","floor":7,"turns":3},{"damage":13,"enemies":"Lagavulin","floor":11,"turns":7},{"damage":0,"enemies":"Blue Slaver","floor":13,"turns":3},{"damage":15,"enemies":"Hexaghost","floor":16,"turns":8},{"damage":23,"enemies":"Spheric Guardian","floor":18,"turns":4},{"damage":10,"enemies":"2 Thieves","floor":20,"turns":4},{"damage":20,"enemies":"Sentry and Sphere","floor":21,"turns":5},{"damage":1,"enemies":"Centurion and Healer","floor":22,"turns":5},{"damage":31,"enemies":"Gremlin Leader","floor":24,"turns":7},{"damage":12,"enemies":"Shelled Parasite and Fungi","floor":25,"turns":5},{"damage":6,"enemies":"Snecko","floor":28,"turns":7},{"damage":14,"enemies":"Sentry and Sphere","floor":30,"turns":8},{"damage":10,"enemies":"Shelled Parasite and Fungi","floor":31,"turns":3}],"seed_played":"-6357505722690165219","potions_obtained":[{"floor":1,"key":"SmokeBomb"},{"floor":5,"key":"SkillPotion"},{"floor":13,"key":"Dexterity Potion"},{"floor":16,"key":"EntropicBrew"},{"floor":18,"key":"FairyPotion"},{"floor":22,"key":"LiquidBronze"},{"floor":30,"key":"Ancient Potion"}],"is_trial":false,"path_per_floor":["M","?","M","$","M","E","M","R","T","$","E","?","M","?","R","B",null,"M","?","M","M","M","R","E","M","T","R","M","?","M","M"],"character_chosen":"THE_SILENT","items_purchased":["Footwork","Deflect","Noxious Fumes"],"campfire_rested":3,"item_purchase_floors":[4,4,10],"current_hp_per_floor":[70,59,59,59,59,45,45,45,55,55,42,26,26,26,48,33,74,51,51,41,21,20,42,11,7,7,29,23,23,9,0],"gold":416,"neow_bonus":"RANDOM_COLORLESS","is_prod":false,"is_daily":false,"chose_seed":false,"campfire_upgraded":1,"win_rate":0,"timestamp":1543293342,"path_taken":["M","?","M","$","M","E","M","R","T","$","E","?","M","?","R","BOSS","M","?","M","?","M","R","E","M","T","R","M","?","M","M"],"build_version":"2018-11-15","purchased_purges":1,"victory":false,"max_hp_per_floor":[70,70,70,70,70,70,70,70,80,80,80,80,80,74,74,74,74,74,74,74,74,74,74,74,74,74,74,74,74,74,74],"card_choices":[{"not_picked":["Quick Slash","Slice"],"picked":"Dagger Throw","floor":1},{"not_picked":["Blade Dance","PiercingWail"],"picked":"Deadly Poison","floor":3},{"not_picked":["Calculated Gamble","Well Laid Plans"],"picked":"Endless Agony","floor":5},{"not_picked":["Eviscerate","Riddle With Holes"],"picked":"Poisoned Stab","floor":6},{"not_picked":["Deadly Poison","Tools of the Trade"],"picked":"Catalyst","floor":7},{"not_picked":["Skewer+1","PiercingWail"],"picked":"Noxious Fumes","floor":11},{"not_picked":["Choke+1","Quick Slash+1","Accuracy"],"picked":"Infinite Blades","floor":13},{"not_picked":["Phantasmal Killer","Glass Knife+1","Venomology"],"picked":"Die Die Die+1","floor":16},{"not_picked":["Deadly Poison","Sucker Punch+1","Dash+1"],"picked":"Leg Sweep","floor":18},{"not_picked":["Cloak And Dagger","Outmaneuver","Skewer+1","Masterful Stab+1"],"picked":"SKIP","floor":20},{"not_picked":["Bane+1","Phantasmal Killer","Eviscerate+1"],"picked":"Deflect","floor":21},{"not_picked":["Masterful Stab+1","Sucker Punch+1","Choke+1"],"picked":"Deflect","floor":22},{"not_picked":["Masterful Stab+1","Escape Plan+1","Predator+1"],"picked":"Backflip","floor":24},{"not_picked":["Dodge and Roll+1","Tools of the Trade","Cloak And Dagger"],"picked":"Footwork","floor":25},{"not_picked":["Bane+1","Skewer+1","All Out Attack+1"],"picked":"Cloak And Dagger+1","floor":28},{"not_picked":["Heel Hook+1","Distraction+1","Dagger Throw+1"],"picked":"Deadly Poison+1","floor":30}],"player_experience":126903,"relics_obtained":[{"floor":6,"key":"Molten Egg 2"},{"floor":9,"key":"Pear"},{"floor":11,"key":"Question Card"},{"floor":24,"key":"Anchor"},{"floor":26,"key":"Toxic Egg 2"}],"event_choices":[{"damage_healed":0,"gold_gain":75,"player_choice":"Gather Gold","damage_taken":11,"max_hp_gain":0,"max_hp_loss":0,"event_name":"World of Goop","floor":2,"gold_loss":0},{"damage_healed":0,"gold_gain":0,"player_choice":"Entered Light","damage_taken":16,"max_hp_gain":0,"max_hp_loss":0,"event_name":"Shining Light","floor":12,"gold_loss":0,"cards_upgraded":["Defend_G","Noxious Fumes"]},{"damage_healed":0,"gold_gain":0,"player_choice":"Lose Max HP","damage_taken":0,"relics_obtained":["Golden Idol"],"max_hp_gain":0,"max_hp_loss":6,"event_name":"Golden Idol","floor":14,"gold_loss":0},{"damage_healed":0,"gold_gain":0,"player_choice":"Ignored","damage_taken":0,"max_hp_gain":0,"max_hp_loss":0,"event_name":"Transmorgrifier","floor":19,"gold_loss":0},{"damage_healed":0,"gold_gain":0,"player_choice":"Trade","damage_taken":0,"relics_obtained":["SsserpentHead"],"max_hp_gain":0,"max_hp_loss":0,"event_name":"FaceTrader","floor":29,"gold_loss":0}],"is_beta":false,"boss_relics":[{"not_picked":["Ring of the Serpent","Snecko Eye"],"picked":"WristBlade"}],"items_purged_floors":[4],"is_endless":false,"potions_floor_spawned":[1,5,13,16,18,20,22,30],"killed_by":"Shelled Parasite and Fungi","ascension_level":0}