{"gold_per_floor":[114,39,39,39,50,83,103,117,141,174,193],"floor_reached":11,"playtime":481,"items_purged":["Strike_R"],"score":89,"play_id":"a1457462-fecb-4fac-aeca-64fd799a3bfc","local_time":"20181202005242","is_ascension_mode":true,"campfire_choices":[],"neow_cost":"NONE","seed_source_timestamp":1568345402875395,"circlet_count":0,"master_deck":["Strike_R","Strike_R","Strike_R","Strike_R","Defend_R","Defend_R","Defend_R","Defend_R","Bash","Pummel","Carnage","Reaper","Twin Strike","Berserk"],"relics":["Burning Blood","Potion Belt","Smiling Mask","Omamori"],"potions_floor_usage":[10],"damage_taken":[{"damage":7,"enemies":"2 Louse","floor":1,"turns":2},{"damage":3,"enemies":"Small Slimes","floor":5,"turns":3},{"damage":36,"enemies":"Lagavulin","floor":6,"turns":5},{"damage":6,"enemies":"Cultist","floor":7,"turns":3},{"damage":0,"enemies":"Large Slime","floor":8,"turns":4},{"damage":52,"enemies":"3 Sentries","floor":10,"turns":13},{"damage":15,"enemies":"Exordium Wildlife","floor":11,"turns":5}],"seed_played":"-7480214556340283070","potions_obtained":[{"floor":6,"key":"GamblersBrew"},{"floor":7,"key":"BloodPotion"}],"is_trial":false,"path_per_floor":["M","$","?","?","M","E","M","M","T","E","M"],"character_chosen":"IRONCLAD","items_purchased":[],"campfire_rested":0,"item_purchase_floors":[],"current_hp_per_floor":[79,79,79,79,80,50,50,64,64,38,36],"gold":193,"neow_bonus":"THREE_CARDS","is_prod":false,"is_daily":false,"chose_seed":false,"campfire_upgraded":0,"win_rate":0,"timestamp":1543733562,"path_taken":["M","$","?","?","M","E","M","?","T","E","M"],"build_version":"2018-11-15","purchased_purges":1,"victory":false,"max_hp_per_floor":[80,80,80,80,80,80,80,80,80,80,80],"card_choices":[{"not_picked":["Evolve","Dropkick"],"picked":"Pummel","floor":0},{"not_picked":["Clash","Clothesline"],"picked":"Carnage","floor":1},{"not_picked":["Clash","Warcry","Infernal Blade"],"picked":"SKIP","floor":5},{"not_picked":["Heavy Blade","Uppercut","Wild Strike"],"picked":"SKIP","floor":6},{"not_picked":["Clothesline","Evolve"],"picked":"Reaper","floor":7},{"not_picked":["Headbutt","Disarm"],"picked":"Twin Strike","floor":8},{"not_picked":["Body Slam","Sword Boomerang","Rage"],"picked":"SKIP","floor":10},{"not_picked":["Clash","Perfected Strike"],"picked":"Berserk","floor":11}],"player_experience":158948,"relics_obtained":[{"floor":6,"key":"Potion Belt"},{"floor":9,"key":"Smiling Mask"},{"floor":10,"key":"Omamori"}],"event_choices":[{"damage_healed":0,"gold_gain":0,"player_choice":"Leave","damage_taken":0,"max_hp_gain":0,"max_hp_loss":0,"event_name":"The Cleric","floor":3,"gold_loss":0},{"damage_healed":0,"gold_gain":0,"player_choice":"Ignored","damage_taken":0,"max_hp_gain":0,"max_hp_loss":0,"event_name":"WeMeetAgain","floor":4,"gold_loss":0}],"is_beta":false,"boss_relics":[],"items_purged_floors":[2],"is_endless":false,"potions_floor_spawned":[6,7],"killed_by":"Exordium Wildlife","ascension_level":1}