{"gold_per_floor":[212,224,224,224,242,270,280,280,280,299,299,299,323,323,323,453,453,453,298,268,268,268,268,268,268,268,268,268,268,268,168,168,168],"floor_reached":33,"playtime":1664,"items_purged":["Strike_R","True Grit"],"score":251,"play_id":"2cbc2a4b-75f1-461c-a8c5-ffee2bba0193","local_time":"20181127181408","is_ascension_mode":false,"campfire_choices":[{"data":"Bash","floor":8.0,"key":"SMITH"},{"data":"Anger","floor":11.0,"key":"SMITH"},{"data":"Flame Barrier","floor":15.0,"key":"SMITH"},{"floor":23.0,"key":"REST"},{"floor":30,"key":"REST"},{"floor":32,"key":"REST"}],"neow_cost":"NONE","seed_source_timestamp":1197554681729192,"circlet_count":0,"master_deck":["Strike_R+1","Strike_R+1","Defend_R","Defend_R","Defend_R","Defend_R","Bash+1","Twin Strike","Pommel Strike","Sword Boomerang","Flame Barrier+1","Anger+1","Demon Form","Spot Weakness+1","Limit Break","Flame Barrier+1","Seeing Red","Battle Trance","Armaments"],"special_seed":0,"relics":["Burning Blood","Bag of Preparation","Lantern","Golden Idol","Ectoplasm"],"potions_floor_usage":[33],"damage_taken":[{"damage":6.0,"enemies":"Cultist","floor":1.0,"turns":3.0},{"damage":1.0,"enemies":"Jaw Worm","floor":2.0,"turns":4.0},{"damage":5.0,"enemies":"Small Slimes","floor":5.0,"turns":4.0},{"damage":14.0,"enemies":"Gremlin Nob","floor":6.0,"turns":3.0},{"damage":5.0,"enemies":"Exordium Thugs","floor":7.0,"turns":3.0},{"damage":6.0,"enemies":"3 Louse","floor":10.0,"turns":2.0},{"damage":5.0,"enemies":"Large Slime","floor":13.0,"turns":5.0},{"damage":30.0,"enemies":"The Guardian","floor":16.0,"turns":6.0},{"damage":7.0,"enemies":"Spheric Guardian","floor":18.0,"turns":5.0},{"damage":20.0,"enemies":"2 Thieves","floor":20.0,"turns":2.0},{"damage":26.0,"enemies":"Centurion and Healer","floor":21.0,"turns":7.0},{"damage":10.0,"enemies":"Snake Plant","floor":25.0,"turns":5.0},{"damage":24,"enemies":"3 Cultists","floor":27,"turns":6},{"damage":15,"enemies":"Centurion and Healer","floor":28,"turns":6},{"damage":21,"enemies":"Snake Plant","floor":29,"turns":5},{"damage":62,"enemies":"Collector","floor":33,"turns":6}],"seed_played":"6913554534690011830","potions_obtained":[{"floor":5.0,"key":"Energy Potion"},{"floor":6.0,"key":"Strength Potion"},{"floor":10.0,"key":"SteroidPotion"},{"floor":13.0,"key":"Weak Potion"},{"floor":20.0,"key":"Weak Potion"},{"floor":21.0,"key":"Dexterity Potion"},{"floor":28,"key":"Explosive Potion"},{"floor":29,"key":"Weak Potion"}],"is_trial":false,"path_per_floor":["M","M","?","?","M","E","M","R","T","M","R","?","M","?","R","B",null,"M","$","M","M","?","R","?","M","T","M","M","M","R","$","R","B"],"character_chosen":"IRONCLAD","items_purchased":["Limit Break"],"campfire_rested":3,"item_purchase_floors":[19],"current_hp_per_floor":[80,80,64,64,65,57,58,58,58,58,58,58,59,59,59,35,74,73,73,59,39,39,61,61,57,57,39,30,15,37,37,59,0],"gold":168,"neow_bonus":"HUNDRED_GOLD","is_prod":false,"is_daily":false,"chose_seed":false,"campfire_upgraded":3,"win_rate":0,"timestamp":1543364048,"path_taken":["M","?","?","?","?","E","M","R","T","M","R","?","M","?","R","BOSS","M","$","?","?","?","R","?","M","T","?","M","M","R","?","R","BOSS"],"build_version":"2018-11-15","purchased_purges":2,"victory":false,"max_hp_per_floor":[80,80,80,80,80,80,80,80,80,80,80,74,74,74,74,74,74,74,74,74,74,74,74,74,74,74,74,74,74,74,74,74,74],"card_choices":[{"not_picked":["Sword Boomerang","Entrench"],"picked":"Twin Strike","floor":1.0},{"not_picked":["Burning Pact","Rupture"],"picked":"Pommel Strike","floor":2.0},{"not_picked":["Perfected Strike","Infernal Blade"],"picked":"Sword Boomerang","floor":5.0},{"not_picked":["Fiend Fire","Entrench"],"picked":"Flame Barrier","floor":6.0},{"not_picked":["Wild Strike","Corruption","Rupture"],"picked":"SKIP","floor":7.0},{"not_picked":["Wild Strike","Rupture"],"picked":"Anger","floor":10.0},{"not_picked":["Blood for Blood","Feel No Pain"],"picked":"True Grit","floor":13.0},{"not_picked":["Limit Break","Barricade"],"picked":"Demon Form","floor":16.0},{"not_picked":["Pommel Strike","Sentinel+1"],"picked":"Spot Weakness+1","floor":18.0},{"not_picked":["Thunderclap+1","Pommel Strike+1"],"picked":"Flame Barrier+1","floor":20.0},{"not_picked":["Warcry","True Grit","Berserk"],"picked":"SKIP","floor":21.0},{"not_picked":["Flex","Thunderclap","Spot Weakness"],"picked":"SKIP","floor":25.0},{"not_picked":["Headbutt","Rupture+1"],"picked":"Seeing Red","floor":27},{"not_picked":["Flame Barrier","Wild Strike"],"picked":"Battle Trance","floor":28},{"not_picked":["Evolve","Clash+1"],"picked":"Armaments","floor":29}],"player_experience":137717,"relics_obtained":[{"floor":6.0,"key":"Bag of Preparation"},{"floor":9.0,"key":"Lantern"}],"event_choices":[{"damage_healed":0.0,"max_hp_gain":0.0,"max_hp_loss":0.0,"gold_gain":0.0,"event_name":"Shining Light","player_choice":"Entered Light","floor":3.0,"gold_loss":0.0,"damage_taken":16.0,"cards_upgraded":["Strike_R","Strike_R"]},{"cards_removed":["Strike_R"],"damage_healed":0.0,"max_hp_gain":0.0,"max_hp_loss":0.0,"gold_gain":0.0,"event_name":"Purifier","player_choice":"Purged","floor":4.0,"gold_loss":0.0,"damage_taken":0.0},{"damage_healed":0.0,"max_hp_gain":0.0,"max_hp_loss":6.0,"gold_gain":0.0,"event_name":"Golden Idol","player_choice":"Lose Max HP","floor":12.0,"gold_loss":0.0,"damage_taken":0.0,"relics_obtained":["Golden Idol"]},{"damage_healed":0.0,"max_hp_gain":0.0,"max_hp_loss":0.0,"gold_gain":0.0,"event_name":"Match and Keep!","player_choice":"0 cards matched","floor":14.0,"gold_loss":0.0,"damage_taken":0.0,"cards_obtained":[]},{"damage_healed":0.0,"max_hp_gain":0.0,"max_hp_loss":0.0,"gold_gain":0.0,"event_name":"Ghosts","player_choice":"Ignored","floor":22.0,"gold_loss":0.0,"damage_taken":0.0},{"cards_removed":["Strike_R"],"damage_healed":0.0,"max_hp_gain":0.0,"max_hp_loss":0.0,"gold_gain":0.0,"event_name":"Purifier","player_choice":"Purged","floor":24.0,"gold_loss":0.0,"damage_taken":0.0}],"is_beta":false,"boss_relics":[{"not_picked":["Astrolabe","Philosopher\u0027s Stone"],"picked":"Ectoplasm"}],"items_purged_floors":[19,31],"is_endless":false,"potions_floor_spawned":[5,6,10,13,20,21,28,29],"killed_by":"Collector","ascension_level":0}