{"gold_per_floor":[364,439,38,48,48,76,76,93,117,117,130,149,149,49,49,154,154,168,108,123,35,51,51,75,75,75,103,103,103,103,128,128,225,225,235,235,253,273,495,495,521,534,534,534,265,265,265,276,276,276],"floor_reached":51,"playtime":1820,"items_purged":["Strike_R","Carnage","Strike_R"],"score":773,"play_id":"49c66b8f-e3d9-4ae5-b916-726bc7da5c2b","local_time":"20181202104811","is_ascension_mode":true,"campfire_choices":[{"data":"Whirlwind","floor":7,"key":"SMITH"},{"data":"True Grit","floor":10,"key":"SMITH"},{"data":"Pommel Strike","floor":13,"key":"SMITH"},{"floor":15,"key":"REST"},{"data":"Shrug It Off","floor":23,"key":"SMITH"},{"data":"Impatience","floor":25,"key":"SMITH"},{"floor":30,"key":"REST"},{"floor":32,"key":"REST"},{"floor":40,"key":"REST"},{"floor":47,"key":"REST"},{"floor":49,"key":"REST"}],"neow_cost":"TEN_PERCENT_HP_LOSS","seed_source_timestamp":1602714997661117,"circlet_count":0,"master_deck":["Strike_R","Strike_R","Defend_R","Defend_R","Defend_R","Defend_R","Bash","Whirlwind+1","True Grit+1","Pommel Strike+1","Offering","Shrug It Off+1","Flex+1","Impatience+1","Necronomicurse","Fiend Fire","Parasite","Offering","Shrug It Off","Whirlwind+1"],"relics":["Burning Blood","Frozen Egg 2","Lantern","Sozu","Art of War","Paper Frog","Kunai","Necronomicon","MutagenicStrength","Red Mask","Runic Dome","Strawberry","Question Card","FossilizedHelix","Anchor"],"potions_floor_usage":[16,31],"damage_taken":[{"damage":0,"enemies":"2 Louse","floor":1,"turns":4},{"damage":0,"enemies":"Cultist","floor":4,"turns":3},{"damage":38,"enemies":"Lagavulin","floor":6,"turns":7},{"damage":0,"enemies":"Small Slimes","floor":8,"turns":1},{"damage":10,"enemies":"Exordium Thugs","floor":11,"turns":6},{"damage":2,"enemies":"Blue Slaver","floor":12,"turns":3},{"damage":62,"enemies":"Slime Boss","floor":16,"turns":10},{"damage":18,"enemies":"Shell Parasite","floor":18,"turns":5},{"damage":6,"enemies":"Spheric Guardian","floor":20,"turns":3},{"damage":12,"enemies":"Centurion and Healer","floor":22,"turns":3},{"damage":28,"enemies":"Slavers","floor":27,"turns":5},{"damage":0,"enemies":"Masked Bandits","floor":31,"turns":2},{"damage":37,"enemies":"Collector","floor":33,"turns":5},{"damage":18,"enemies":"3 Darklings","floor":35,"turns":2},{"damage":27,"enemies":"3 Shapes","floor":37,"turns":1},{"damage":19,"enemies":"Writhing Mass","floor":38,"turns":4},{"damage":31,"enemies":"Giant Head","floor":41,"turns":6},{"damage":23,"enemies":"4 Shapes","floor":42,"turns":1},{"damage":6,"enemies":"Maw","floor":48,"turns":3},{"damage":16,"enemies":"Donu and Deca","floor":50,"turns":2}],"seed_played":"8928390446808796884","potions_obtained":[{"floor":6,"key":"SneckoOil"},{"floor":12,"key":"Block Potion"}],"is_trial":false,"path_per_floor":["M","?","$","M","?","E","R","M","T","R","M","M","R","$","R","B",null,"M","?","M","$","M","R","T","R","T","E","?","?","R","?","R","B",null,"M","?","M","M","?","R","E","M","T","T","$","?","R","M","R","B",null],"character_chosen":"IRONCLAD","items_purchased":["Frozen Egg 2","Whirlwind","Impatience","Anchor"],"campfire_rested":6,"item_purchase_floors":[3,3,21,45],"current_hp_per_floor":[72,65,65,71,71,39,39,45,45,45,41,45,45,45,66,10,72,60,60,60,60,54,54,54,54,54,32,16,16,37,43,64,33,72,60,60,39,26,26,46,28,11,11,11,11,11,33,33,55,45],"gold":276,"neow_bonus":"TWO_FIFTY_GOLD","is_prod":false,"is_daily":false,"chose_seed":false,"campfire_upgraded":5,"win_rate":0,"timestamp":1543769291,"path_taken":["M","?","$","?","?","E","R","M","T","R","M","M","R","?","R","BOSS","M","?","M","?","M","R","?","R","T","E","?","?","R","?","R","BOSS","M","?","M","M","?","R","E","M","T","?","$","?","R","?","R","BOSS"],"build_version":"2018-11-15","purchased_purges":3,"victory":true,"max_hp_per_floor":[72,72,72,72,72,72,72,72,72,72,72,72,72,72,72,72,72,72,72,72,72,72,72,72,72,72,72,72,72,72,72,72,72,72,72,68,68,68,68,68,75,75,75,75,75,75,75,75,75,75],"card_choices":[{"not_picked":["Armaments","Rage"],"picked":"Carnage","floor":1},{"not_picked":["Second Wind","Fire Breathing+1"],"picked":"True Grit","floor":4},{"not_picked":["Exhume","Second Wind"],"picked":"Pommel Strike","floor":6},{"not_picked":["Havoc","Sever Soul","Infernal Blade"],"picked":"SKIP","floor":8},{"not_picked":["Body Slam","Dropkick","Reckless Charge"],"picked":"SKIP","floor":11},{"not_picked":["Dual Wield","True Grit"],"picked":"Offering","floor":12},{"not_picked":["Sword Boomerang","Pommel Strike"],"picked":"Shrug It Off","floor":18},{"not_picked":["Cleave","Sentinel+1"],"picked":"Flex+1","floor":20},{"not_picked":["Body Slam","Clothesline","Pummel"],"picked":"SKIP","floor":22},{"not_picked":["Iron Wave","Warcry","Combust+1"],"picked":"SKIP","floor":27},{"not_picked":["Juggernaut+1","Barricade+1"],"picked":"Fiend Fire","floor":33},{"not_picked":["Cleave+1","Wild Strike","Dual Wield"],"picked":"SKIP","floor":35},{"not_picked":["Rupture+1","True Grit","Flex"],"picked":"SKIP","floor":37},{"not_picked":["Combust+1","Headbutt+1"],"picked":"Offering","floor":38},{"not_picked":["Thunderclap","Reckless Charge","Combust+1"],"picked":"SKIP","floor":41},{"not_picked":["Thunderclap+1","Headbutt+1"],"picked":"Shrug It Off","floor":42},{"not_picked":["Rage","Thunderclap+1","Sword Boomerang+1","Ghostly Armor"],"picked":"SKIP","floor":48}],"player_experience":165271,"relics_obtained":[{"floor":6,"key":"Lantern"},{"floor":24,"key":"Art of War"},{"floor":26,"key":"Paper Frog"},{"floor":27,"key":"Kunai"},{"floor":28,"key":"Necronomicon"},{"floor":31,"key":"Red Mask"},{"floor":41,"key":"Strawberry"},{"floor":43,"key":"Question Card"},{"floor":44,"key":"FossilizedHelix"}],"event_choices":[{"damage_healed":0,"gold_gain":75,"player_choice":"Touch","damage_taken":7,"max_hp_gain":0,"max_hp_loss":0,"event_name":"FaceTrader","floor":2,"gold_loss":0},{"damage_healed":0,"gold_gain":0,"player_choice":"Leave","damage_taken":0,"max_hp_gain":0,"max_hp_loss":0,"event_name":"The Cleric","floor":5,"gold_loss":0},{"cards_removed":["Strike_R"],"damage_healed":0,"gold_gain":0,"player_choice":"Single Remove","damage_taken":0,"max_hp_gain":0,"max_hp_loss":0,"event_name":"Designer","floor":19,"gold_loss":60},{"damage_healed":0,"gold_gain":0,"player_choice":"Obtained Book","damage_taken":16,"max_hp_gain":0,"max_hp_loss":0,"event_name":"Cursed Tome","floor":28,"gold_loss":0},{"damage_healed":0,"gold_gain":0,"player_choice":"Inject Mutagens","damage_taken":0,"relics_obtained":["MutagenicStrength"],"max_hp_gain":0,"max_hp_loss":0,"event_name":"Drug Dealer","floor":29,"gold_loss":0},{"damage_healed":0,"gold_gain":0,"player_choice":"Fought Bandits","damage_taken":0,"max_hp_gain":0,"max_hp_loss":0,"event_name":"Masked Bandits","floor":31,"gold_loss":0},{"damage_healed":0,"gold_gain":0,"player_choice":"Max HP","damage_taken":0,"max_hp_gain":0,"max_hp_loss":4,"event_name":"Winding Halls","floor":36,"gold_loss":0},{"damage_healed":0,"gold_gain":222,"player_choice":"Wore Mask","damage_taken":0,"max_hp_gain":0,"max_hp_loss":0,"event_name":"Tomb of Lord Red Mask","floor":39,"gold_loss":0},{"damage_healed":0,"gold_gain":0,"player_choice":"Copied","damage_taken":0,"max_hp_gain":0,"max_hp_loss":0,"event_name":"Duplicator","floor":46,"gold_loss":0,"cards_obtained":["Whirlwind"]}],"is_beta":false,"boss_relics":[{"not_picked":["Fusion Hammer","Eternal Feather"],"picked":"Sozu"},{"not_picked":["Mark of Pain","White Beast Statue"],"picked":"Runic Dome"}],"items_purged_floors":[3,14,45],"is_endless":false,"potions_floor_spawned":[6,12,18,20,33,38,42,48],"ascension_level":1}