{"gold_per_floor":[115,134,134,134,309,339,339,358,358,320,320,266,294,313,313,410,410,391,405,405,405,424,424,456,456,539,539,557,569,600,610,610,715,715,735,735,389,402,402],"floor_reached":39,"playtime":2076,"items_purged":[],"score":529,"play_id":"64bab8cd-a97e-4dea-be3b-65cd50e512f7","local_time":"20190215202502","is_ascension_mode":false,"campfire_choices":[{"data":"Machine Learning","floor":7,"key":"SMITH"},{"data":"Dualcast","floor":11,"key":"SMITH"},{"data":"Gash","floor":15,"key":"SMITH"},{"data":"Machine Learning","floor":23,"key":"SMITH"},{"data":"Scrape","floor":25,"key":"SMITH"},{"floor":27,"key":"REST"},{"data":"Go for the Eyes","floor":32,"key":"SMITH"}],"neow_cost":"NONE","seed_source_timestamp":58291288716076,"circlet_count":0,"master_deck":["Defend_B","Defend_B+1","Defend_B+1","Defend_B","Dualcast+1","Steam","Sweeping Beam","Doubt","Machine Learning+1","Scrape+1","Auto Shields","Cold Snap","Ball Lightning","Gash+1","Machine Learning+1","Go for the Eyes+1","Barrage","Bite","Bite","Bite","Bite","Bite","Redo+1","Hologram","Static Discharge+1","Lockon+1","Conserve Battery","Biased Cognition","Beam Cell+1","Madness","Madness","Apotheosis","Multi-Cast","Double Energy+1"],"relics":["Cracked Core","NeowsBlessing","Matryoshka","Kunai","PreservedInsect","Ancient Tea Set","Velvet Choker","Mummified Hand","Tiny Chest","Strawberry","FossilizedHelix","Sozu"],"potions_floor_usage":[],"damage_taken":[{"damage":0,"enemies":"Jaw Worm","floor":1,"turns":1},{"damage":0,"enemies":"2 Louse","floor":2,"turns":1},{"damage":0,"enemies":"Gremlin Nob","floor":6,"turns":1},{"damage":0,"enemies":"Cultist","floor":8,"turns":3},{"damage":0,"enemies":"3 Sentries","floor":13,"turns":6},{"damage":2,"enemies":"3 Louse","floor":14,"turns":3},{"damage":54,"enemies":"Slime Boss","floor":16,"turns":10},{"damage":14,"enemies":"2 Thieves","floor":18,"turns":4},{"damage":8,"enemies":"Shell Parasite","floor":19,"turns":5},{"damage":32,"enemies":"3 Cultists","floor":22,"turns":5},{"damage":29,"enemies":"Book of Stabbing","floor":24,"turns":6},{"damage":4,"enemies":"Cultist and Chosen","floor":28,"turns":5},{"damage":13,"enemies":"Shelled Parasite and Fungi","floor":29,"turns":5},{"damage":0,"enemies":"Gremlin Leader","floor":30,"turns":5},{"damage":17,"enemies":"Snake Plant","floor":31,"turns":4},{"damage":51,"enemies":"Automaton","floor":33,"turns":11},{"damage":0,"enemies":"3 Shapes","floor":35,"turns":4},{"damage":37,"enemies":"3 Darklings","floor":38,"turns":5},{"damage":52,"enemies":"Transient","floor":39,"turns":5}],"seed_played":"7366865687681739878","potions_obtained":[{"floor":6,"key":"FearPotion"},{"floor":14,"key":"Dexterity Potion"},{"floor":16,"key":"Dexterity Potion"},{"floor":18,"key":"AttackPotion"}],"is_trial":false,"path_per_floor":["M","M","?","?","?","E","R","M","T","$","R","$","E","M","R","B",null,"M","M","?","?","M","R","E","R","T","R","M","M","E","M","R","B",null,"M","?","$","M","M"],"character_chosen":"DEFECT","items_purchased":["Auto Shields","Cold Snap","Apotheosis","Multi-Cast"],"campfire_rested":1,"item_purchase_floors":[10,12,37,37],"current_hp_per_floor":[75,75,80,64,64,64,64,64,64,64,64,64,64,62,62,8,80,66,58,56,56,34,34,19,19,26,44,54,53,61,50,50,29,63,63,55,55,29,0],"gold":402,"neow_bonus":"THREE_ENEMY_KILL","is_prod":false,"is_daily":false,"chose_seed":false,"campfire_upgraded":6,"win_rate":0.0,"timestamp":1550280302,"path_taken":["M","M","?","?","?","E","R","M","T","?","R","$","E","M","R","BOSS","M","M","?","?","M","R","E","R","T","R","M","M","E","M","R","BOSS","M","?","$","M","M"],"build_version":"2019-01-23","purchased_purges":0,"victory":false,"max_hp_per_floor":[75,75,80,80,80,80,80,80,80,80,80,80,80,80,80,80,80,80,80,56,56,56,56,56,56,63,63,63,63,63,63,63,63,63,63,63,63,63,63],"card_choices":[{"not_picked":["Gash","Leap"],"picked":"Steam","floor":1},{"not_picked":["Cold Snap","Static Discharge"],"picked":"Sweeping Beam","floor":2},{"not_picked":["Hello World","Reprogram"],"picked":"Machine Learning","floor":6},{"not_picked":["Barrage","Coolheaded"],"picked":"Scrape","floor":8},{"not_picked":["Stack","Coolheaded"],"picked":"Ball Lightning","floor":13},{"not_picked":["Heatsinks","Ball Lightning"],"picked":"Gash","floor":14},{"not_picked":["Amplify","Rainbow"],"picked":"Machine Learning","floor":16},{"not_picked":["Stack","Steam Power+1"],"picked":"Go for the Eyes","floor":18},{"not_picked":["Cold Snap+1","White Noise+1"],"picked":"Barrage","floor":19},{"not_picked":["Compile Driver","Streamline"],"picked":"Redo+1","floor":22},{"not_picked":["Chaos","Leap+1"],"picked":"Hologram","floor":24},{"not_picked":["Streamline","Storm+1"],"picked":"Static Discharge+1","floor":28},{"not_picked":["Go for the Eyes+1","Sweeping Beam","Barrage"],"picked":"SKIP","floor":29},{"not_picked":["Coolheaded","Steam Power"],"picked":"Lockon+1","floor":30},{"not_picked":["Stack","Lockon"],"picked":"Conserve Battery","floor":31},{"not_picked":["Fission","Creative AI"],"picked":"Biased Cognition","floor":33},{"not_picked":["Double Energy+1","Conserve Battery"],"picked":"Beam Cell+1","floor":35},{"not_picked":["Barrage+1","Streamline"],"picked":"Double Energy+1","floor":38}],"player_experience":86276,"relics_obtained":[{"floor":6,"key":"Matryoshka"},{"floor":9,"key":"Kunai"},{"floor":9,"key":"PreservedInsect"},{"floor":13,"key":"Ancient Tea Set"},{"floor":24,"key":"Mummified Hand"},{"floor":26,"key":"Tiny Chest"},{"floor":26,"key":"Strawberry"},{"floor":30,"key":"FossilizedHelix"}],"event_choices":[{"damage_healed":0,"gold_gain":0,"player_choice":"Donut","damage_taken":0,"max_hp_gain":5,"max_hp_loss":0,"event_name":"Big Fish","floor":3,"gold_loss":0},{"damage_healed":0,"gold_gain":0,"player_choice":"Entered Light","damage_taken":16,"max_hp_gain":0,"max_hp_loss":0,"event_name":"Shining Light","floor":4,"gold_loss":0,"cards_upgraded":["Defend_B","Defend_B"]},{"damage_healed":0,"gold_gain":175,"player_choice":"AGREE","damage_taken":0,"max_hp_gain":0,"max_hp_loss":0,"event_name":"Liars Game","floor":5,"gold_loss":0,"cards_obtained":["Doubt"]},{"damage_healed":0,"gold_gain":0,"player_choice":"Became a vampire","damage_taken":0,"max_hp_gain":0,"max_hp_loss":24,"event_name":"Vampires","floor":20,"gold_loss":0,"cards_obtained":["Bite","Bite","Bite","Bite","Bite"]},{"cards_removed":["Zap"],"damage_healed":0,"gold_gain":0,"player_choice":"Elegance","damage_taken":0,"max_hp_gain":0,"max_hp_loss":0,"event_name":"Back to Basics","floor":21,"gold_loss":0},{"damage_healed":0,"gold_gain":0,"player_choice":"Embrace Madness","damage_taken":8,"max_hp_gain":0,"max_hp_loss":0,"event_name":"Winding Halls","floor":36,"gold_loss":0,"cards_obtained":["Madness","Madness"]}],"is_beta":false,"boss_relics":[{"not_picked":["Coffee Dripper","Lizard Tail"],"picked":"Velvet Choker"},{"not_picked":["Cursed Key","Pandora\u0027s Box"],"picked":"Sozu"}],"items_purged_floors":[],"is_endless":false,"potions_floor_spawned":[6,14,16,18,28,29,30,35],"killed_by":"Transient","ascension_level":0}