{"gold_per_floor":[115,129,129,129,57,88,88,113,113,132,132,57,78,99,99,99],"floor_reached":16,"playtime":714,"items_purged":["Strike_B"],"score":127,"play_id":"37ec19b5-3a09-4458-a2fb-5f9a0f8083d8","local_time":"20181126171701","is_ascension_mode":false,"campfire_choices":[{"data":"Lockon","floor":7,"key":"SMITH"},{"floor":15,"key":"REST"}],"neow_cost":"NONE","seed_source_timestamp":1108768157040841,"circlet_count":0,"master_deck":["Strike_B","Strike_B+1","Strike_B","Defend_B","Defend_B","Defend_B","Zap","Dualcast","Coolheaded","Tempest","Defend_R","Defragment","Lockon+1","Coolheaded","Sweeping Beam+1","Consume"],"relics":["Cracked Core","NeowsBlessing","Golden Idol","Bag of Preparation","Kunai"],"potions_floor_usage":[13],"damage_taken":[{"damage":0,"enemies":"Cultist","floor":1,"turns":1},{"damage":0,"enemies":"Small Slimes","floor":2,"turns":1},{"damage":0,"enemies":"Gremlin Nob","floor":6,"turns":1},{"damage":0,"enemies":"2 Louse","floor":8,"turns":2},{"damage":0,"enemies":"Exordium Wildlife","floor":10,"turns":3},{"damage":9,"enemies":"Gremlin Gang","floor":13,"turns":4},{"damage":6,"enemies":"Large Slime","floor":14,"turns":5},{"damage":52,"enemies":"Hexaghost","floor":16,"turns":10}],"seed_played":"-8719907969744360266","potions_obtained":[{"floor":1,"key":"Energy Potion"},{"floor":6,"key":"PowerPotion"},{"floor":8,"key":"Fire Potion"},{"floor":14,"key":"SkillPotion"}],"is_trial":false,"path_per_floor":["M","M","?","?","$","E","R","M","T","M","?","$","M","M","R","B"],"character_chosen":"DEFECT","items_purchased":["Defragment"],"campfire_rested":1,"item_purchase_floors":[5],"current_hp_per_floor":[75,75,57,57,57,57,57,57,57,57,42,42,33,27,49,0],"gold":99,"neow_bonus":"THREE_ENEMY_KILL","is_prod":false,"is_daily":false,"chose_seed":false,"campfire_upgraded":1,"win_rate":0,"timestamp":1543274221,"path_taken":["M","M","?","?","$","E","R","?","T","M","?","?","M","?","R","BOSS"],"build_version":"2018-11-15","purchased_purges":1,"victory":false,"max_hp_per_floor":[75,75,75,75,75,75,75,75,75,75,75,75,75,75,75,75],"card_choices":[{"not_picked":["Sunder","Steam"],"picked":"Coolheaded","floor":1},{"not_picked":["Stack","Scrape"],"picked":"Tempest","floor":2},{"not_picked":["Force Field","Hologram"],"picked":"Lockon","floor":6},{"not_picked":["Conserve Battery","Fusion"],"picked":"Coolheaded","floor":8},{"not_picked":["Steam","Redo"],"picked":"Sweeping Beam","floor":10},{"not_picked":["Sunder","Force Field"],"picked":"Consume","floor":13},{"not_picked":["Genetic Algorithm","Compile Driver","Sunder"],"picked":"SKIP","floor":14}],"player_experience":119740,"relics_obtained":[{"floor":6,"key":"Bag of Preparation"},{"floor":9,"key":"Kunai"}],"event_choices":[{"damage_healed":0,"gold_gain":0,"player_choice":"Take Damage","damage_taken":18,"relics_obtained":["Golden Idol"],"max_hp_gain":0,"max_hp_loss":0,"event_name":"Golden Idol","floor":3,"gold_loss":0},{"cards_removed":["Defend_B"],"damage_healed":0,"gold_gain":0,"player_choice":"Took Card","damage_taken":0,"max_hp_gain":0,"max_hp_loss":0,"event_name":"NoteForYourself","floor":4,"gold_loss":0,"cards_obtained":["Defend_R"]},{"damage_healed":0,"gold_gain":0,"player_choice":"Entered Light","damage_taken":15,"max_hp_gain":0,"max_hp_loss":0,"event_name":"Shining Light","floor":11,"gold_loss":0,"cards_upgraded":["Sweeping Beam","Strike_B"]}],"is_beta":false,"boss_relics":[],"items_purged_floors":[12],"is_endless":false,"potions_floor_spawned":[1,6,8,14],"killed_by":"Hexaghost","ascension_level":0}