{"gold_per_floor":[111,125,141,158,172,203,213,224,524,524,524,524,542,561,561,657,657,673,687,703,703,663,688,688],"floor_reached":24,"playtime":2025,"items_purged":[],"score":224,"play_id":"08ea146e-2f60-4671-876c-2c846010d03a","local_time":"20181122105207","is_ascension_mode":false,"campfire_choices":[{"floor":10,"key":"REST"},{"floor":12,"key":"REST"},{"data":"Zap","floor":15,"key":"SMITH"}],"neow_cost":"NONE","seed_source_timestamp":738761533186282,"circlet_count":0,"master_deck":["Strike_B","Strike_B+1","Strike_B","Strike_B","Defend_B","Defend_B","Defend_B","Defend_B","Zap+1","Dualcast","Ball Lightning","Ball Lightning","Barrage","FTL","Double Energy","BootSequence+1","Redo","Defragment","Thunder Strike","Ball Lightning","Reinforced Body","Conserve Battery"],"relics":["Cracked Core","Vajra","Old Coin","Black Star","Pantograph","Kunai"],"potions_floor_usage":[6,19,23,23],"damage_taken":[{"damage":3,"enemies":"2 Louse","floor":1,"turns":2},{"damage":1,"enemies":"Cultist","floor":2,"turns":3},{"damage":2,"enemies":"Jaw Worm","floor":3,"turns":3},{"damage":18,"enemies":"Lots of Slimes","floor":4,"turns":3},{"damage":13,"enemies":"2 Fungi Beasts","floor":5,"turns":3},{"damage":22,"enemies":"3 Sentries","floor":6,"turns":5},{"damage":3,"enemies":"Red Slaver","floor":7,"turns":2},{"damage":2,"enemies":"Blue Slaver","floor":8,"turns":2},{"damage":0,"enemies":"Large Slime","floor":13,"turns":2},{"damage":3,"enemies":"Lots of Slimes","floor":14,"turns":3},{"damage":16,"enemies":"Slime Boss","floor":16,"turns":6},{"damage":0,"enemies":"Chosen","floor":18,"turns":4},{"damage":39,"enemies":"2 Thieves","floor":19,"turns":4},{"damage":21,"enemies":"Snake Plant","floor":20,"turns":3},{"damage":44,"enemies":"Slavers","floor":23,"turns":7},{"damage":25,"enemies":"Snecko","floor":24,"turns":3}],"seed_played":"5497540324338019933","potions_obtained":[{"floor":5,"key":"Fire Potion"},{"floor":6,"key":"EssenceOfSteel"},{"floor":7,"key":"Dexterity Potion"},{"floor":13,"key":"Weak Potion"}],"is_trial":false,"path_per_floor":["M","M","M","M","M","E","M","M","T","R","?","R","M","M","R","B",null,"M","M","M","?","?","E","M"],"character_chosen":"DEFECT","items_purchased":[],"campfire_rested":2,"item_purchase_floors":[],"current_hp_per_floor":[79,78,76,58,45,23,20,18,18,42,42,66,66,63,63,47,82,82,43,22,49,49,5,0],"gold":688,"neow_bonus":"TEN_PERCENT_HP_BONUS","is_prod":false,"is_daily":false,"chose_seed":false,"campfire_upgraded":1,"win_rate":0.0,"timestamp":1542905527,"path_taken":["M","M","M","M","M","E","M","M","T","R","?","R","M","M","R","BOSS","M","M","M","?","?","E","?"],"build_version":"2018-11-15","purchased_purges":0,"victory":false,"max_hp_per_floor":[82,82,82,82,82,82,82,82,82,82,82,82,82,82,82,82,82,82,82,82,82,82,82,82],"card_choices":[{"not_picked":["Conserve Battery","Skim"],"picked":"Ball Lightning","floor":1},{"not_picked":["Stack","Coolheaded"],"picked":"Ball Lightning","floor":2},{"not_picked":["Hologram","Go for the Eyes"],"picked":"Barrage","floor":3},{"not_picked":["Hologram","Gash"],"picked":"FTL","floor":4},{"not_picked":["Storm","Heatsinks"],"picked":"Double Energy","floor":5},{"not_picked":["Coolheaded","Static Discharge"],"picked":"BootSequence","floor":6},{"not_picked":["Cold Snap","Compile Driver"],"picked":"Redo","floor":7},{"not_picked":["Glacier","Force Field","Reboot"],"picked":"SKIP","floor":8},{"not_picked":["Steam Power","Storm","Skim"],"picked":"SKIP","floor":13},{"not_picked":["Sweeping Beam","Redo"],"picked":"Defragment","floor":14},{"not_picked":["All For One","Rainbow"],"picked":"Thunder Strike","floor":16},{"not_picked":["Rip and Tear","Go for the Eyes+1"],"picked":"Ball Lightning","floor":18},{"not_picked":["Coolheaded","Beam Cell","Ball Lightning"],"picked":"SKIP","floor":19},{"not_picked":["Leap","Sweeping Beam+1"],"picked":"Reinforced Body","floor":20},{"not_picked":["Steam","Sweeping Beam"],"picked":"Conserve Battery","floor":23}],"player_experience":6446,"relics_obtained":[{"floor":6,"key":"Vajra"},{"floor":9,"key":"Old Coin"},{"floor":23,"key":"Pantograph"},{"floor":23,"key":"Kunai"}],"event_choices":[{"damage_healed":0,"gold_gain":0,"player_choice":"Bought 0 Potions","damage_taken":0,"max_hp_gain":0,"max_hp_loss":0,"event_name":"The Woman in Blue","floor":11,"gold_loss":0},{"damage_healed":27,"gold_gain":0,"player_choice":"Heal","damage_taken":0,"max_hp_gain":0,"max_hp_loss":0,"event_name":"The Library","floor":21,"gold_loss":0},{"damage_healed":0,"gold_gain":0,"player_choice":"Upgraded Two","damage_taken":0,"max_hp_gain":0,"max_hp_loss":0,"event_name":"Designer","floor":22,"gold_loss":40,"cards_upgraded":["Strike_B","BootSequence"]}],"is_beta":false,"boss_relics":[{"not_picked":["Orrery","Coffee Dripper"],"picked":"Black Star"}],"items_purged_floors":[],"is_endless":false,"potions_floor_spawned":[5,6,7,13,16],"killed_by":"Snecko","ascension_level":0}