{"gold_per_floor":[110,121,196,196,206,237,237,269,269,269,23,38,48,68,68,68],"floor_reached":16,"playtime":1014,"items_purged":["Parasite"],"score":207,"play_id":"b210fa55-77e4-4d20-b143-81e5b52b3462","local_time":"20190622200629","is_ascension_mode":true,"campfire_choices":[{"floor":7,"key":"REST"},{"data":"Corruption","floor":15,"key":"SMITH"}],"neow_cost":"NONE","seed_source_timestamp":630741623180438,"circlet_count":0,"master_deck":["AscendersBane","Strike_R","Strike_R","Strike_R","Strike_R","Strike_R","Defend_R","Defend_R","Defend_R","Defend_R","Bash","Iron Wave","Thunderclap","Corruption+1","Feel No Pain","Iron Wave","Shockwave","Dark Embrace","Headbutt","Sentinel"],"relics":["Burning Blood","Lantern","Paper Frog","Question Card","Happy Flower"],"potions_floor_usage":[8,16,16],"damage_taken":[{"damage":7,"enemies":"Small Slimes","floor":1,"turns":4},{"damage":7,"enemies":"2 Louse","floor":2,"turns":4},{"damage":9,"enemies":"Jaw Worm","floor":5,"turns":5},{"damage":41,"enemies":"Gremlin Nob","floor":6,"turns":6},{"damage":17,"enemies":"3 Sentries","floor":8,"turns":10},{"damage":1,"enemies":"Lots of Slimes","floor":12,"turns":4},{"damage":14,"enemies":"Exordium Wildlife","floor":13,"turns":6},{"damage":13,"enemies":"Red Slaver","floor":14,"turns":5},{"damage":39,"enemies":"The Guardian","floor":16,"turns":6}],"seed_played":"6820071247384727614","potions_obtained":[{"floor":6,"key":"SteroidPotion"},{"floor":13,"key":"Ancient Potion"},{"floor":14,"key":"Energy Potion"}],"is_trial":false,"path_per_floor":["M","M","?","?","M","E","R","E","T","?","$","M","M","M","R","B"],"character_chosen":"IRONCLAD","items_purchased":["Happy Flower"],"campfire_rested":1,"item_purchase_floors":[11],"current_hp_per_floor":[67,66,55,55,52,17,39,28,28,46,46,51,43,36,36,0],"gold":68,"neow_bonus":"THREE_CARDS","is_prod":false,"is_daily":false,"chose_seed":false,"campfire_upgraded":1,"win_rate":0,"timestamp":1561251989,"path_taken":["M","M","?","?","M","E","R","E","T","?","$","M","M","?","R","BOSS"],"build_version":"2019-01-23","purchased_purges":1,"victory":false,"max_hp_per_floor":[75,75,75,75,75,75,75,75,75,75,72,72,72,72,72,72],"card_choices":[{"not_picked":["Wild Strike","Metallicize"],"picked":"Iron Wave","floor":0},{"not_picked":["Armaments","Wild Strike"],"picked":"Thunderclap","floor":1},{"not_picked":["Metallicize","Blood for Blood"],"picked":"Corruption","floor":2},{"not_picked":["Heavy Blade","Thunderclap"],"picked":"Feel No Pain","floor":5},{"not_picked":["Second Wind","Searing Blow"],"picked":"Iron Wave","floor":6},{"not_picked":["Body Slam","Headbutt"],"picked":"Shockwave","floor":8},{"not_picked":["Iron Wave","Clothesline","Reckless Charge"],"picked":"Dark Embrace","floor":12},{"not_picked":["True Grit","Sword Boomerang","Shockwave"],"picked":"Headbutt","floor":13},{"not_picked":["Battle Trance","Intimidate","Warcry"],"picked":"Sentinel","floor":14}],"player_experience":633307,"relics_obtained":[{"floor":6,"key":"Lantern"},{"floor":8,"key":"Paper Frog"},{"floor":9,"key":"Question Card"}],"event_choices":[{"damage_healed":0,"gold_gain":75,"player_choice":"Gather Gold","damage_taken":11,"max_hp_gain":0,"max_hp_loss":0,"event_name":"World of Goop","floor":3,"gold_loss":0},{"damage_healed":0,"gold_gain":0,"player_choice":"Ignored","damage_taken":0,"max_hp_gain":0,"max_hp_loss":0,"event_name":"Liars Game","floor":4,"gold_loss":0},{"damage_healed":18,"gold_gain":0,"player_choice":"Healed and dodged fight","damage_taken":0,"max_hp_gain":0,"max_hp_loss":0,"event_name":"Mushrooms","floor":10,"gold_loss":0,"cards_obtained":["Parasite"]}],"is_beta":false,"boss_relics":[],"items_purged_floors":[11],"is_endless":false,"potions_floor_spawned":[6,13,14],"killed_by":"The Guardian","ascension_level":17}