{"gold_per_floor":[163,163,182,257,337,366,366,388,388,414,414,430,463,473,473,568,568,588,588,237,162,185,213,213,239,292,320,338,349,329,339,339,443,443,453,467,261,279,279,305,305,317,370,381,381,381,413,430,430,430,430,430,10,40,40],"floor_reached":55,"playtime":5420,"items_purged":["Defend_G","Defend_G"],"score":900,"play_id":"3179b141-fffa-4852-9b3e-2e6a1c4b798c","local_time":"20181210181911","is_ascension_mode":true,"campfire_choices":[{"floor":7,"key":"REST"},{"data":"Leg Sweep","floor":11,"key":"SMITH"},{"data":"Cloak And Dagger","floor":15,"key":"SMITH"},{"data":"Caltrops","floor":24,"key":"SMITH"},{"floor":32,"key":"REST"},{"data":"Choke","floor":41,"key":"SMITH"},{"floor":45,"key":"RECALL"},{"floor":49,"key":"REST"},{"data":"Blade Dance","floor":52,"key":"SMITH"}],"neow_cost":"NONE","seed_source_timestamp":0,"circlet_count":0,"master_deck":["Defend_G","Strike_G","Strike_G+1","Strike_G","Strike_G+1","Survivor","Neutralize","All Out Attack","Cloak And Dagger+1","Leg Sweep+1","Cloak And Dagger+1","Caltrops+1","Blade Dance+1","Noxious Fumes+1","Finisher","Bullet Time","Dark Shackles+1","Flechettes+1","Envenom+1","Bullet Time+1","Slice","Cloak And Dagger+1","After Image+1","Phantasmal Killer+1","Blade Dance+1","Deadly Poison+1","Leg Sweep+1","Choke+1","Infinite Blades+1","Blade Dance+1","Outmaneuver","Bullet Time","Footwork+1","Infinite Blades+1"],"special_seed":0,"relics":["Tiny House","Tiny Chest","Thread and Needle","Odd Mushroom","Frozen Egg 2","Turnip","Letter Opener","Runic Pyramid","Anchor","Bottled Lightning","Smiling Mask","StoneCalendar","Question Card","FossilizedHelix","Astrolabe","Bag of Preparation","Happy Flower","Art of War","NlothsMask","War Paint","Medical Kit","Centennial Puzzle"],"potions_floor_usage":[6,8,13,27,27,31,36,55,55,55],"damage_taken":[{"damage":0,"enemies":"Jaw Worm","floor":1,"turns":4},{"damage":0,"enemies":"Small Slimes","floor":3,"turns":2},{"damage":14,"enemies":"Gremlin Nob","floor":6,"turns":5},{"damage":15,"enemies":"The Mushroom Lair","floor":8,"turns":5},{"damage":1,"enemies":"Lagavulin","floor":10,"turns":8},{"damage":0,"enemies":"2 Louse","floor":12,"turns":2},{"damage":2,"enemies":"3 Sentries","floor":13,"turns":7},{"damage":2,"enemies":"Blue Slaver","floor":14,"turns":4},{"damage":17,"enemies":"The Guardian","floor":16,"turns":12},{"damage":0,"enemies":"Chosen","floor":18,"turns":5},{"damage":26,"enemies":"Gremlin Leader","floor":23,"turns":8},{"damage":0,"enemies":"Book of Stabbing","floor":25,"turns":4},{"damage":19,"enemies":"Slavers","floor":27,"turns":6},{"damage":0,"enemies":"Shell Parasite","floor":28,"turns":5},{"damage":0,"enemies":"3 Cultists","floor":29,"turns":5},{"damage":0,"enemies":"Snecko","floor":31,"turns":4},{"damage":11,"enemies":"Automaton","floor":33,"turns":9},{"damage":0,"enemies":"3 Darklings","floor":35,"turns":5},{"damage":0,"enemies":"Orb Walker","floor":36,"turns":3},{"damage":0,"enemies":"Jaw Worm Horde","floor":38,"turns":3},{"damage":0,"enemies":"Giant Head","floor":40,"turns":7},{"damage":17,"enemies":"3 Darklings","floor":42,"turns":6},{"damage":0,"enemies":"Writhing Mass","floor":44,"turns":4},{"damage":5,"enemies":"Nemesis","floor":47,"turns":6},{"damage":0,"enemies":"Transient","floor":48,"turns":5},{"damage":50,"enemies":"Time Eater","floor":50,"turns":11},{"damage":20,"enemies":"Shield and Spear","floor":54,"turns":7},{"damage":86,"enemies":"The Heart","floor":55,"turns":9}],"seed_played":"9204981698502786666","potions_obtained":[{"floor":0,"key":"Poison Potion"},{"floor":1,"key":"FearPotion"},{"floor":12,"key":"Fruit Juice"},{"floor":14,"key":"FearPotion"},{"floor":16,"key":"SmokeBomb"},{"floor":23,"key":"LiquidBronze"},{"floor":28,"key":"Poison Potion"},{"floor":29,"key":"EssenceOfSteel"},{"floor":30,"key":"SteroidPotion"},{"floor":31,"key":"Weak Potion"},{"floor":35,"key":"Swift Potion"},{"floor":40,"key":"EssenceOfSteel"},{"floor":44,"key":"GhostInAJar"},{"floor":47,"key":"Regen Potion"}],"is_trial":false,"path_per_floor":["M","?","M","?","T","E","R","?","T","E","R","M","E","M","R","B",null,"M","?","$","$","T","E","R","E","T","E","M","M","?","M","R","B",null,"M","M","$","M","?","E","R","M","T","M","R","?","E","M","R","B",null,"R","$","E","B"],"character_chosen":"THE_SILENT","items_purchased":["Bottled Lightning","Dark Shackles","Bag of Preparation","Medical Kit","Bullet Time","Footwork+1"],"campfire_rested":3,"item_purchase_floors":[20,20,37,53,53,53],"current_hp_per_floor":[75,60,60,49,49,35,57,42,42,41,41,41,44,42,42,25,80,80,80,80,80,80,54,54,54,54,35,35,35,35,35,59,48,80,80,80,80,80,80,80,80,63,63,63,63,63,58,58,80,30,80,80,80,60,0],"gold":40,"neow_bonus":"BOSS_RELIC","is_prod":false,"is_daily":false,"chose_seed":false,"campfire_upgraded":5,"win_rate":0,"timestamp":1544487551,"path_taken":["M","?","M","?","?","E","R","?","T","E","R","?","E","M","R","BOSS","M","?","?","$","?","E","R","E","T","E","M","M","?","?","R","BOSS","M","M","$","?","?","E","R","M","T","M","R","?","E","?","R","BOSS","R","$","E","BOSS"],"build_version":"2018-12-06","purchased_purges":2,"victory":false,"max_hp_per_floor":[75,75,75,75,75,75,75,75,75,75,75,75,80,80,80,80,80,80,80,80,80,80,80,80,80,80,80,80,80,80,80,80,80,80,80,80,80,80,80,80,80,80,80,80,80,80,80,80,80,80,80,80,80,80,80],"card_choices":[{"not_picked":["Deflect","Underhanded Strike"],"picked":"All Out Attack","floor":0},{"not_picked":["Slice","Outmaneuver"],"picked":"Cloak And Dagger","floor":1},{"not_picked":["Infinite Blades","Skewer"],"picked":"Leg Sweep","floor":3},{"not_picked":["Bouncing Flask","Calculated Gamble"],"picked":"Cloak And Dagger","floor":6},{"not_picked":["Riddle With Holes","Eviscerate"],"picked":"Caltrops","floor":8},{"not_picked":["Concentrate","Deadly Poison","Underhanded Strike"],"picked":"SKIP","floor":10},{"not_picked":["Dagger Throw","Unload"],"picked":"Blade Dance","floor":12},{"not_picked":["Eviscerate","Masterful Stab"],"picked":"Noxious Fumes+1","floor":13},{"not_picked":["Quick Slash","Choke"],"picked":"Finisher","floor":14},{"not_picked":["Venomology","Night Terror"],"picked":"Bullet Time","floor":16},{"not_picked":["Choke","Bane+1","Caltrops+1"],"picked":"SKIP","floor":18},{"not_picked":["Escape Plan+1","PiercingWail"],"picked":"Flechettes+1","floor":23},{"not_picked":["Well Laid Plans+1","Choke"],"picked":"Envenom+1","floor":25},{"not_picked":["Blade Dance","Cloak And Dagger+1","Deadly Poison"],"picked":"Bullet Time","floor":27},{"not_picked":["Tactician","Backstab","Acrobatics","Sucker Punch"],"picked":"SKIP","floor":28},{"not_picked":["Choke","Expertise","Concentrate"],"picked":"Slice","floor":29},{"not_picked":["Deadly Poison","Expertise+1","Noxious Fumes+1"],"picked":"Cloak And Dagger+1","floor":31},{"not_picked":["Malaise","Tools of the Trade+1","Unload"],"picked":"After Image+1","floor":33},{"not_picked":["Bouncing Flask","Flying Knee","Setup+1"],"picked":"Leg Sweep+1","floor":35},{"not_picked":["Eviscerate+1","Tactician","Heel Hook+1"],"picked":"Choke","floor":36},{"not_picked":["Cloak And Dagger+1","Skewer","Dodge and Roll+1"],"picked":"Infinite Blades+1","floor":38},{"not_picked":["Outmaneuver","Sucker Punch","Cloak And Dagger"],"picked":"Blade Dance+1","floor":40},{"not_picked":["Dodge and Roll+1","Quick Slash+1","Bouncing Flask+1","Deflect"],"picked":"SKIP","floor":42},{"not_picked":["Poisoned Stab","Slice+1","Flechettes+1","Wraith Form v2+1"],"picked":"SKIP","floor":44},{"not_picked":["Underhanded Strike+1","Dodge and Roll","Dagger Spray","Bane"],"picked":"SKIP","floor":47},{"not_picked":["Poisoned Stab+1","Underhanded Strike","Blade Dance+1"],"picked":"Outmaneuver","floor":48},{"not_picked":["Dash+1","Dodge and Roll","Deadly Poison+1"],"picked":"Infinite Blades+1","floor":54}],"player_experience":245712,"relics_obtained":[{"floor":5,"key":"Tiny Chest"},{"floor":6,"key":"Thread and Needle"},{"floor":8,"key":"Odd Mushroom"},{"floor":9,"key":"Frozen Egg 2"},{"floor":10,"key":"Turnip"},{"floor":13,"key":"Letter Opener"},{"floor":22,"key":"Smiling Mask"},{"floor":23,"key":"StoneCalendar"},{"floor":25,"key":"Question Card"},{"floor":27,"key":"FossilizedHelix"},{"floor":40,"key":"Happy Flower"},{"floor":43,"key":"Art of War"},{"floor":47,"key":"War Paint"},{"floor":54,"key":"Centennial Puzzle"}],"event_choices":[{"damage_healed":0,"gold_gain":0,"player_choice":"Entered Light","damage_taken":15,"max_hp_gain":0,"max_hp_loss":0,"event_name":"Shining Light","floor":2,"gold_loss":0,"cards_upgraded":["Cloak And Dagger","Strike_G"]},{"damage_healed":0,"gold_gain":75,"player_choice":"Gather Gold","damage_taken":11,"max_hp_gain":0,"max_hp_loss":0,"event_name":"World of Goop","floor":4,"gold_loss":0},{"damage_healed":0,"gold_gain":0,"player_choice":"Fought Mushrooms","damage_taken":0,"max_hp_gain":0,"max_hp_loss":0,"event_name":"Mushrooms","floor":8,"gold_loss":0},{"damage_healed":0,"gold_gain":0,"player_choice":"Gave Potion","damage_taken":0,"relics_obtained":["Anchor"],"max_hp_gain":0,"max_hp_loss":0,"event_name":"WeMeetAgain","floor":19,"gold_loss":0},{"damage_healed":0,"gold_gain":0,"player_choice":"Bought 1 Potion","damage_taken":0,"max_hp_gain":0,"max_hp_loss":0,"event_name":"The Woman in Blue","floor":30,"gold_loss":0},{"damage_healed":0,"gold_gain":0,"player_choice":"Ignored","damage_taken":0,"max_hp_gain":0,"max_hp_loss":0,"event_name":"Tomb of Lord Red Mask","floor":39,"gold_loss":0},{"damage_healed":0,"gold_gain":0,"player_choice":"Trade","damage_taken":0,"relics_obtained":["NlothsMask"],"max_hp_gain":0,"max_hp_loss":0,"event_name":"FaceTrader","floor":46,"gold_loss":0}],"is_beta":false,"boss_relics":[{"not_picked":["White Beast Statue","Fusion Hammer"],"picked":"Runic Pyramid"},{"not_picked":["Sozu","Busted Crown"],"picked":"Astrolabe"}],"items_purged_floors":[21,37],"is_endless":false,"potions_floor_spawned":[1,12,14,16,23,28,29,31,35,40,44,47,54],"killed_by":"The Heart","ascension_level":1}