{"gold_per_floor":[109,124,140,140,186,229,244,259,311],"floor_reached":9,"playtime":418,"items_purged":[],"score":68,"play_id":"3644d319-3aad-4961-91ed-da4d9d7dd884","local_time":"20181205105738","is_ascension_mode":true,"campfire_choices":[],"neow_cost":"NONE","seed_source_timestamp":1863903153147716,"circlet_count":0,"master_deck":["Strike_B","Strike_B","Strike_B","Strike_B","Defend_B","Defend_B","Defend_B","Defend_B","Zap","Dualcast","Impatience","Sweeping Beam","Sunder","All For One"],"relics":["Cracked Core","Golden Idol","The Courier","Boot"],"potions_floor_usage":[7,8],"damage_taken":[{"damage":5,"enemies":"Small Slimes","floor":1,"turns":3},{"damage":5,"enemies":"Jaw Worm","floor":2,"turns":4},{"damage":5,"enemies":"2 Louse","floor":3,"turns":2},{"damage":24,"enemies":"Gremlin Nob","floor":6,"turns":4},{"damage":15,"enemies":"Exordium Thugs","floor":7,"turns":3},{"damage":0,"enemies":"Lots of Slimes","floor":8,"turns":4}],"seed_played":"-7927960955880844650","potions_obtained":[{"floor":2,"key":"Poison Potion"},{"floor":7,"key":"SkillPotion"},{"floor":8,"key":"Ancient Potion"}],"is_trial":false,"path_per_floor":["M","M","M","?","T","E","M","M","T"],"character_chosen":"DEFECT","items_purchased":[],"campfire_rested":0,"item_purchase_floors":[],"current_hp_per_floor":[70,65,60,60,60,36,21,21,21],"gold":311,"neow_bonus":"RANDOM_COLORLESS","is_prod":false,"is_daily":false,"chose_seed":false,"campfire_upgraded":0,"win_rate":0,"timestamp":1544029058,"path_taken":["M","M","M","?","?","E","M","M","T"],"build_version":"2018-11-15","purchased_purges":0,"victory":false,"max_hp_per_floor":[75,75,75,69,69,69,69,69,69],"card_choices":[{"not_picked":["Melter","Stack"],"picked":"Sweeping Beam","floor":1},{"not_picked":["Steam Power","Steam","Rebound"],"picked":"SKIP","floor":2},{"not_picked":["Sweeping Beam","Gash"],"picked":"Sunder","floor":3},{"not_picked":["Steam","Recycle"],"picked":"All For One","floor":6},{"not_picked":["Fusion","Hello World","Redo"],"picked":"SKIP","floor":7},{"not_picked":["Consume","Streamline","Turbo"],"picked":"SKIP","floor":8}],"player_experience":224553,"relics_obtained":[{"floor":6,"key":"The Courier"},{"floor":9,"key":"Boot"}],"event_choices":[{"damage_healed":0,"gold_gain":0,"player_choice":"Lose Max HP","damage_taken":0,"relics_obtained":["Golden Idol"],"max_hp_gain":0,"max_hp_loss":6,"event_name":"Golden Idol","floor":4,"gold_loss":0}],"is_beta":false,"boss_relics":[],"items_purged_floors":[],"is_endless":false,"potions_floor_spawned":[2,7,8],"ascension_level":1}