{"gold_per_floor":[113,177,177,177,35,68,68,112,112,131,155,87,52,73,73,199,199,222,140,239,154,167,211,211,236,236,270,270,48,64,88,88,216,216,229,250,350,365,383,421,421,331,331,408,533,866,866,574,574,574,574,574,72,72],"floor_reached":54,"playtime":4897,"items_purged":["Strike_G","Cloak And Dagger"],"score":803,"play_id":"36702c0e-6046-42fa-b6a2-faf99379feec","local_time":"20191011111532","is_ascension_mode":true,"campfire_choices":[{"floor":7,"key":"REST"},{"floor":15,"key":"REST"},{"data":"Catalyst","floor":24,"key":"SMITH"},{"floor":32,"key":"REST"},{"floor":41,"key":"RECALL"},{"data":"Adrenaline","floor":47,"key":"SMITH"},{"data":"Terror","floor":49,"key":"SMITH"},{"data":"Setup","floor":52,"key":"SMITH"}],"neow_cost":"NONE","seed_source_timestamp":132503767264500,"circlet_count":0,"master_deck":["Survivor","Neutralize+1","Backstab","Noxious Fumes","Backflip","Well Laid Plans+1","Bouncing Flask","Catalyst+1","A Thousand Cuts+1","Calculated Gamble","Malaise","Footwork+1","Finisher","Terror+1","Quick Slash","Caltrops+1","PiercingWail+1","Noxious Fumes+1","Sucker Punch+1","Malaise","Catalyst+1","Backflip+1","Caltrops+1","Wraith Form v2+1","Infinite Blades+1","Acrobatics","PiercingWail+1","Setup+1","Cloak And Dagger+1","Footwork+1","Adrenaline+1"],"relics":["Ring of the Snake","Golden Idol","Frozen Egg 2","Blood Vial","Ninja Scroll","Pandora\u0027s Box","Meat on the Bone","Pantograph","Anchor","Snake Skull","Philosopher\u0027s Stone","Juzu Bracelet","Gremlin Horn","Dodecahedron","The Specimen","Old Coin","Bottled Lightning","Oddly Smooth Stone","Kunai"],"potions_floor_usage":[22,27,27,31,39],"damage_taken":[{"damage":0,"enemies":"2 Louse","floor":1,"turns":2},{"damage":35,"enemies":"3 Sentries","floor":6,"turns":11},{"damage":32,"enemies":"Gremlin Nob","floor":8,"turns":6},{"damage":0,"enemies":"Jaw Worm","floor":10,"turns":3},{"damage":0,"enemies":"Cultist","floor":11,"turns":2},{"damage":0,"enemies":"2 Fungi Beasts","floor":14,"turns":2},{"damage":2,"enemies":"The Guardian","floor":16,"turns":9},{"damage":10,"enemies":"Chosen","floor":18,"turns":3},{"damage":6,"enemies":"3 Byrds","floor":22,"turns":3},{"damage":36,"enemies":"Book of Stabbing","floor":23,"turns":6},{"damage":25,"enemies":"Centurion and Healer","floor":25,"turns":9},{"damage":9,"enemies":"Slavers","floor":27,"turns":5},{"damage":0,"enemies":"Snecko","floor":30,"turns":5},{"damage":13,"enemies":"Shelled Parasite and Fungi","floor":31,"turns":5},{"damage":23,"enemies":"Champ","floor":33,"turns":8},{"damage":3,"enemies":"3 Darklings","floor":35,"turns":4},{"damage":0,"enemies":"3 Shapes","floor":36,"turns":3},{"damage":5,"enemies":"Transient","floor":38,"turns":5},{"damage":12,"enemies":"3 Darklings","floor":39,"turns":5},{"damage":14,"enemies":"Giant Head","floor":40,"turns":8},{"damage":5,"enemies":"Mind Bloom Boss Battle","floor":45,"turns":5},{"damage":8,"enemies":"Nemesis","floor":46,"turns":5},{"damage":34,"enemies":"Donu and Deca","floor":50,"turns":6},{"damage":71,"enemies":"Shield and Spear","floor":54,"turns":5}],"seed_played":"-8838649338553890193","potions_obtained":[{"floor":1,"key":"Strength Potion"},{"floor":8,"key":"GhostInAJar"},{"floor":16,"key":"Ancient Potion"},{"floor":22,"key":"SteroidPotion"},{"floor":27,"key":"Fire Potion"},{"floor":38,"key":"Ancient Potion"},{"floor":39,"key":"Strength Potion"},{"floor":46,"key":"SteroidPotion"}],"is_trial":false,"path_per_floor":["M","?","?","?","$","E","R","E","T","M","M","$","?","M","R","B",null,"M","$","?","?","M","E","R","M","T","E","?","$","M","M","R","B",null,"M","M","?","M","M","E","R","?","T","T","?","E","R","$","R","B",null,"R","$","E"],"character_chosen":"THE_SILENT","items_purchased":["Noxious Fumes","Catalyst","Noxious Fumes+1","Snake Skull","Catalyst","SteroidPotion","Bottled Lightning","Oddly Smooth Stone","Kunai"],"campfire_rested":3,"item_purchase_floors":[5,12,19,29,29,48,48,53,53],"current_hp_per_floor":[70,70,53,53,53,18,39,7,7,9,11,11,28,30,51,51,70,60,60,60,60,56,34,34,23,23,28,28,28,42,43,64,47,70,67,69,69,65,55,43,43,43,43,43,65,59,59,59,59,36,70,70,70,0],"gold":72,"neow_bonus":"UPGRADE_CARD","is_prod":false,"is_daily":false,"chose_seed":false,"campfire_upgraded":4,"win_rate":0,"timestamp":1570806932,"path_taken":["M","?","?","?","?","E","R","E","T","?","M","$","?","M","R","BOSS","M","$","?","?","M","E","R","M","T","E","?","$","M","?","R","BOSS","M","M","?","M","M","E","R","?","T","?","?","E","R","$","R","BOSS","R","$","E"],"build_version":"2019-07-17","purchased_purges":2,"victory":false,"max_hp_per_floor":[70,70,70,70,70,70,70,70,70,70,70,70,70,70,70,70,70,70,70,70,70,70,70,70,70,70,70,70,70,70,70,70,70,70,70,70,70,70,70,70,70,70,70,70,70,70,70,70,70,70,70,70,70,70],"card_choices":[{"not_picked":["Calculated Gamble","Cloak And Dagger"],"picked":"Backstab","floor":1},{"not_picked":["Dagger Throw","Dagger Spray"],"picked":"Backflip","floor":6},{"not_picked":["Storm of Steel","Flechettes"],"picked":"Well Laid Plans+1","floor":8},{"not_picked":["Cloak And Dagger","Accuracy+1"],"picked":"Bouncing Flask","floor":10},{"not_picked":["Expertise","Infinite Blades+1","Bouncing Flask"],"picked":"SKIP","floor":11},{"not_picked":["Cloak And Dagger","Deflect","Skewer"],"picked":"SKIP","floor":14},{"not_picked":["Unload","Night Terror"],"picked":"A Thousand Cuts+1","floor":16},{"not_picked":["Quick Slash+1","Flechettes"],"picked":"PiercingWail+1","floor":18},{"not_picked":["Tactician","Dagger Spray"],"picked":"Sucker Punch+1","floor":22},{"not_picked":["Dagger Spray","Leg Sweep"],"picked":"Malaise","floor":23},{"not_picked":["Masterful Stab","Deflect+1","Well Laid Plans+1"],"picked":"SKIP","floor":25},{"not_picked":["Deflect+1","Glass Knife"],"picked":"Cloak And Dagger","floor":27},{"not_picked":["Concentrate+1","Infinite Blades+1"],"picked":"Backflip+1","floor":30},{"not_picked":["Underhanded Strike","Deadly Poison"],"picked":"Caltrops+1","floor":31},{"not_picked":["Corpse Explosion","After Image+1"],"picked":"Wraith Form v2+1","floor":33},{"not_picked":["Backstab","Choke+1"],"picked":"Infinite Blades+1","floor":35},{"not_picked":["Underhanded Strike","Backstab"],"picked":"Acrobatics","floor":36},{"not_picked":["Slice","Sucker Punch"],"picked":"PiercingWail+1","floor":38},{"not_picked":["Noxious Fumes+1","PiercingWail"],"picked":"Setup","floor":39},{"not_picked":["Grand Finale","Bouncing Flask+1"],"picked":"Cloak And Dagger+1","floor":40},{"not_picked":["Well Laid Plans+1","Blade Dance"],"picked":"Footwork+1","floor":45},{"not_picked":["Flying Knee+1","Eviscerate+1"],"picked":"Adrenaline","floor":46}],"player_experience":119750,"relics_obtained":[{"floor":6,"key":"Frozen Egg 2"},{"floor":8,"key":"Blood Vial"},{"floor":9,"key":"Ninja Scroll"},{"floor":23,"key":"Pantograph"},{"floor":27,"key":"Anchor"},{"floor":40,"key":"Juzu Bracelet"},{"floor":43,"key":"Gremlin Horn"},{"floor":44,"key":"Dodecahedron"},{"floor":45,"key":"The Specimen"},{"floor":46,"key":"Old Coin"}],"event_choices":[{"damage_healed":0,"gold_gain":64,"player_choice":"Gained Gold","damage_taken":0,"max_hp_gain":0,"max_hp_loss":0,"event_name":"Golden Wing","floor":2,"gold_loss":0},{"damage_healed":0,"gold_gain":0,"player_choice":"Take Damage","damage_taken":17,"relics_obtained":["Golden Idol"],"max_hp_gain":0,"max_hp_loss":0,"event_name":"Golden Idol","floor":3,"gold_loss":0},{"cards_removed":["Strike_G"],"damage_healed":0,"gold_gain":0,"player_choice":"Forget","damage_taken":0,"max_hp_gain":0,"max_hp_loss":0,"event_name":"Living Wall","floor":4,"gold_loss":0},{"damage_healed":17,"gold_gain":0,"player_choice":"Healed","damage_taken":0,"max_hp_gain":0,"max_hp_loss":0,"event_name":"The Cleric","floor":13,"gold_loss":35},{"damage_healed":0,"gold_gain":99,"player_choice":"Stole From Cult","damage_taken":0,"max_hp_gain":0,"max_hp_loss":0,"event_name":"Nest","floor":20,"gold_loss":0},{"damage_healed":0,"gold_gain":0,"player_choice":"Obtained Relic","damage_taken":0,"relics_obtained":["Meat on the Bone"],"max_hp_gain":0,"max_hp_loss":0,"event_name":"Addict","floor":21,"gold_loss":85},{"damage_healed":0,"gold_gain":0,"player_choice":"Ignored","damage_taken":0,"max_hp_gain":0,"max_hp_loss":0,"event_name":"Vampires","floor":28,"gold_loss":0},{"damage_healed":0,"gold_gain":100,"player_choice":"Pray","damage_taken":0,"max_hp_gain":0,"max_hp_loss":0,"event_name":"Golden Shrine","floor":37,"gold_loss":0},{"cards_removed":["Dagger Throw"],"damage_healed":0,"gold_gain":0,"player_choice":"Upgrade and Remove","damage_taken":0,"max_hp_gain":0,"max_hp_loss":0,"event_name":"Designer","floor":42,"gold_loss":90,"cards_upgraded":["Catalyst"]},{"damage_healed":0,"gold_gain":0,"player_choice":"Fight","damage_taken":0,"max_hp_gain":0,"max_hp_loss":0,"event_name":"MindBloom","floor":45,"gold_loss":0}],"is_beta":false,"boss_relics":[{"not_picked":["Velvet Choker","Busted Crown"],"picked":"Pandora\u0027s Box"},{"not_picked":["Lizard Tail","White Beast Statue"],"picked":"Philosopher\u0027s Stone"}],"items_purged_floors":[5,53],"is_endless":false,"potions_floor_spawned":[1,8,16,22,25,27,38,39,46],"killed_by":"Shield and Spear","ascension_level":1}