{"gold_per_floor":[110,127,127,140,154,154,165,199,211,238,277,289,314,326,338,424,436,461,452,464],"floor_reached":20,"playtime":1154,"items_purged":[],"score":394,"play_id":"8cad2ac0-ffb0-4aea-900b-7a09d39c835e","local_time":"20190622214930","is_ascension_mode":true,"campfire_choices":[{"data":"Poisoned Stab","floor":6.0,"key":"SMITH"},{"floor":12.0,"key":"REST"},{"floor":15.0,"key":"REST"}],"neow_cost":"NONE","seed_source_timestamp":636509568925986,"circlet_count":0,"master_deck":["AscendersBane","Defend_G","Defend_G","Defend_G","Defend_G","Defend_G","Strike_G","Strike_G","Strike_G","Strike_G","Strike_G","Survivor","Neutralize+1","Poisoned Stab+1","All Out Attack","Deadly Poison","Bane","Catalyst","Noxious Fumes","Leg Sweep","Burst","Backflip"],"special_seed":0,"relics":["Ring of the Snake","MawBank","Boot","Ancient Tea Set","Busted Crown"],"potions_floor_usage":[18,18],"damage_taken":[{"damage":4.0,"enemies":"Small Slimes","floor":1.0,"turns":5.0},{"damage":7.0,"enemies":"2 Louse","floor":2.0,"turns":4.0},{"damage":0.0,"enemies":"Jaw Worm","floor":4.0,"turns":5.0},{"damage":6.0,"enemies":"Exordium Wildlife","floor":5.0,"turns":4.0},{"damage":11.0,"enemies":"2 Fungi Beasts","floor":7.0,"turns":3.0},{"damage":0.0,"enemies":"Gremlin Nob","floor":8.0,"turns":3.0},{"damage":3.0,"enemies":"Looter","floor":10.0,"turns":3.0},{"damage":27.0,"enemies":"3 Sentries","floor":11.0,"turns":8.0},{"damage":7.0,"enemies":"Large Slime","floor":13.0,"turns":4.0},{"damage":29,"enemies":"The Guardian","floor":16,"turns":9},{"damage":6,"enemies":"3 Byrds","floor":18,"turns":4},{"damage":21,"enemies":"2 Thieves","floor":19,"turns":4},{"damage":36,"enemies":"Shelled Parasite and Fungi","floor":20,"turns":5}],"seed_played":"-3857148422620571624","potions_obtained":[{"floor":1.0,"key":"SteroidPotion"},{"floor":4.0,"key":"Energy Potion"},{"floor":8.0,"key":"Swift Potion"},{"floor":13.0,"key":"Weak Potion"},{"floor":16,"key":"SkillPotion"}],"is_trial":false,"path_per_floor":["M","M","?","M","M","R","M","E","T","M","E","R","M","?","R","B",null,"M","M","M"],"character_chosen":"THE_SILENT","items_purchased":[],"campfire_rested":2,"item_purchase_floors":[],"current_hp_per_floor":[55,48,48,48,42,42,31,31,31,28,1,20,13,13,32,3,50,44,23,0],"gold":464,"neow_bonus":"UPGRADE_CARD","is_prod":false,"is_daily":false,"chose_seed":false,"campfire_upgraded":1,"win_rate":0,"timestamp":1561258170,"path_taken":["M","M","?","M","M","R","M","E","T","M","E","R","M","?","R","BOSS","M","M","M"],"build_version":"2019-01-23","purchased_purges":0,"victory":false,"max_hp_per_floor":[66,66,66,66,66,66,66,66,66,66,66,66,66,66,66,66,66,66,66,66],"card_choices":[{"not_picked":["Dodge and Roll","Sucker Punch"],"picked":"Poisoned Stab","floor":1.0},{"not_picked":["Sucker Punch","Reflex","Deflect"],"picked":"SKIP","floor":2.0},{"not_picked":["Slice","Dodge and Roll"],"picked":"All Out Attack","floor":4.0},{"not_picked":["Blade Dance","Bullet Time"],"picked":"Deadly Poison","floor":5.0},{"not_picked":["Masterful Stab","Setup"],"picked":"Bane","floor":7.0},{"not_picked":["Flying Knee","Prepared","Doppelganger"],"picked":"SKIP","floor":8.0},{"not_picked":["Outmaneuver","Dodge and Roll"],"picked":"Catalyst","floor":10.0},{"not_picked":["Prepared","Terror"],"picked":"Noxious Fumes","floor":11.0},{"not_picked":["Backflip","Deflect"],"picked":"Leg Sweep","floor":13.0},{"not_picked":["Glass Knife","Grand Finale"],"picked":"Burst","floor":16},{"not_picked":["Infinite Blades"],"picked":"SKIP","floor":18},{"not_picked":[],"picked":"Backflip","floor":19}],"player_experience":639016,"relics_obtained":[{"floor":8.0,"key":"MawBank"},{"floor":9.0,"key":"Boot"},{"floor":11.0,"key":"Ancient Tea Set"}],"event_choices":[{"damage_healed":0.0,"max_hp_gain":0.0,"max_hp_loss":0.0,"gold_gain":0.0,"event_name":"Liars Game","player_choice":"Ignored","floor":3.0,"gold_loss":0.0,"damage_taken":0.0},{"damage_healed":0.0,"max_hp_gain":0.0,"max_hp_loss":0.0,"gold_gain":0.0,"event_name":"Dead Adventurer","player_choice":"Searched \u00270\u0027 times","floor":14.0,"gold_loss":0.0,"damage_taken":0.0}],"is_beta":false,"boss_relics":[{"not_picked":["WristBlade","Calling Bell"],"picked":"Busted Crown"}],"items_purged_floors":[],"is_endless":false,"potions_floor_spawned":[1,4,8,13,16],"killed_by":"Shelled Parasite and Fungi","ascension_level":17}