{"gold_per_floor":[116,116,126,139,155,184,184,213,237,253,278,70,86,100,100,195,195,214,139,139,152,3,36,52,52,104,135,147,10,45,119,119,222,222,241,9,22,22,39,64,75,75,102,102,136,40,51,0,0,0,0,0,0,31,31],"floor_reached":55,"playtime":4061,"items_purged":["Defend_B","Zap"],"score":826,"play_id":"c63ad2a8-558c-4763-9933-4fce7f117774","local_time":"20181204191425","is_ascension_mode":true,"campfire_choices":[{"data":"Conserve Battery","floor":7,"key":"SMITH"},{"data":"Intimidate","floor":15,"key":"SMITH"},{"floor":32,"key":"REST"},{"floor":44,"key":"REST"},{"floor":49,"key":"RECALL"},{"data":"Heavy Blade","floor":52,"key":"SMITH"}],"neow_cost":"NONE","seed_source_timestamp":1803270000621760,"circlet_count":0,"master_deck":["Strike_B","Strike_B","Strike_B","Strike_B","Defend_B+1","Dualcast","Glacier","Cold Snap","Ball Lightning","Conserve Battery+1","Go for the Eyes","Beam Cell","Sweeping Beam","Caltrops","Intimidate+1","Offering","Chill+1","Backstab","Inflame+1","Blizzard+1","Rupture","Heavy Blade+1","Leap","Glacier+1","Leap"],"relics":["Cracked Core","Potion Belt","Bag of Preparation","Art of War","PrismaticShard","Velvet Choker","DataDisk","Bag of Marbles","Ancient Tea Set","The Courier","Shuriken","Ornamental Fan","Black Star","Toy Ornithopter","Nunchaku","Unceasing Top","Orichalcum","Omamori","War Paint","Red Mask","Letter Opener","Meat on the Bone"],"potions_floor_usage":[6,8,13,16,23,27,27,30,33,39,40,41,50,50,50,50,50,55],"damage_taken":[{"damage":0,"enemies":"Cultist","floor":1,"turns":3},{"damage":5,"enemies":"2 Louse","floor":3,"turns":2},{"damage":0,"enemies":"Jaw Worm","floor":4,"turns":3},{"damage":3,"enemies":"Blue Slaver","floor":5,"turns":4},{"damage":12,"enemies":"Gremlin Nob","floor":6,"turns":3},{"damage":1,"enemies":"Lagavulin","floor":8,"turns":9},{"damage":0,"enemies":"Exordium Wildlife","floor":10,"turns":5},{"damage":7,"enemies":"Gremlin Nob","floor":11,"turns":4},{"damage":0,"enemies":"Lots of Slimes","floor":13,"turns":1},{"damage":2,"enemies":"Exordium Thugs","floor":14,"turns":5},{"damage":10,"enemies":"Slime Boss","floor":16,"turns":11},{"damage":18,"enemies":"2 Thieves","floor":18,"turns":4},{"damage":0,"enemies":"3 Byrds","floor":21,"turns":5},{"damage":2,"enemies":"Book of Stabbing","floor":23,"turns":6},{"damage":11,"enemies":"Sentry and Sphere","floor":24,"turns":7},{"damage":8,"enemies":"Gremlin Leader","floor":27,"turns":10},{"damage":6,"enemies":"Cultist and Chosen","floor":28,"turns":6},{"damage":12,"enemies":"Book of Stabbing","floor":30,"turns":5},{"damage":24,"enemies":"Champ","floor":33,"turns":10},{"damage":0,"enemies":"3 Darklings","floor":35,"turns":4},{"damage":13,"enemies":"Orb Walker","floor":37,"turns":3},{"damage":0,"enemies":"4 Shapes","floor":39,"turns":1},{"damage":35,"enemies":"Giant Head","floor":40,"turns":9},{"damage":6,"enemies":"Sphere and 2 Shapes","floor":41,"turns":4},{"damage":10,"enemies":"Reptomancer","floor":45,"turns":6},{"damage":6,"enemies":"Maw","floor":47,"turns":7},{"damage":33,"enemies":"Donu and Deca","floor":50,"turns":12},{"damage":43,"enemies":"Shield and Spear","floor":54,"turns":8},{"damage":67,"enemies":"The Heart","floor":55,"turns":3}],"seed_played":"1874253326230381606","potions_obtained":[{"floor":1,"key":"SkillPotion"},{"floor":2,"key":"GamblersBrew"},{"floor":2,"key":"Fire Potion"},{"floor":8,"key":"Weak Potion"},{"floor":11,"key":"SteroidPotion"},{"floor":13,"key":"AttackPotion"},{"floor":16,"key":"LiquidBronze"},{"floor":24,"key":"Fire Potion"},{"floor":28,"key":"SneckoOil"},{"floor":33,"key":"SteroidPotion"},{"floor":37,"key":"Energy Potion"},{"floor":40,"key":"Block Potion"},{"floor":45,"key":"Strength Potion"},{"floor":47,"key":"Block Potion"},{"floor":54,"key":"Ancient Potion"}],"is_trial":false,"path_per_floor":["M","?","M","M","M","E","R","E","T","M","E","$","M","M","R","B",null,"M","?","?","M","$","E","M","$","T","E","M","$","E","T","R","B",null,"M","$","M","?","M","E","M","?","T","R","E","$","M","?","R","B",null,"R","$","E","B"],"character_chosen":"DEFECT","items_purchased":["PrismaticShard","DataDisk","SpeedPotion","Strength Potion","Toy Ornithopter","FocusPotion","SkillPotion"],"campfire_rested":2,"item_purchase_floors":[12,22,29,29,36,46,46],"current_hp_per_floor":[82,82,77,77,74,62,62,61,61,61,54,54,54,52,52,42,82,64,64,48,48,48,46,35,35,35,27,21,21,9,9,35,11,87,87,87,74,74,79,49,48,48,48,74,64,64,58,58,58,50,87,87,87,44,0],"gold":31,"neow_bonus":"TEN_PERCENT_HP_BONUS","is_prod":false,"is_daily":false,"chose_seed":false,"campfire_upgraded":3,"win_rate":0,"timestamp":1543972465,"path_taken":["M","?","M","M","M","E","R","E","T","M","E","$","?","M","R","BOSS","M","?","?","M","?","E","M","$","T","E","M","$","E","?","R","BOSS","M","$","M","?","M","E","?","?","T","R","E","$","M","?","R","BOSS","R","$","E","BOSS"],"build_version":"2018-11-15","purchased_purges":2,"victory":false,"max_hp_per_floor":[82,82,82,82,82,82,82,82,82,82,82,82,82,82,82,82,82,82,82,87,87,87,87,87,87,87,87,87,87,87,87,87,87,87,87,87,87,87,87,87,87,87,87,87,87,87,87,87,87,87,87,87,87,87,87],"card_choices":[{"not_picked":["FTL","Steam"],"picked":"Glacier","floor":1},{"not_picked":["Leap","Rebound"],"picked":"Cold Snap","floor":3},{"not_picked":["Chaos","Steam Power"],"picked":"Ball Lightning","floor":4},{"not_picked":["Rebound","Darkness","Static Discharge"],"picked":"SKIP","floor":5},{"not_picked":["Storm","Glacier"],"picked":"Conserve Battery","floor":6},{"not_picked":["Hologram","Buffer"],"picked":"Go for the Eyes","floor":8},{"not_picked":["Genetic Algorithm","Streamline"],"picked":"Beam Cell","floor":10},{"not_picked":["Conserve Battery","Hologram"],"picked":"Sweeping Beam","floor":11},{"not_picked":["Turbo","Dark Shackles"],"picked":"Caltrops","floor":13},{"not_picked":["Blade Dance","Sword Boomerang"],"picked":"Intimidate","floor":14},{"not_picked":["Storm of Steel","After Image"],"picked":"Offering","floor":16},{"not_picked":["Steam+1","Sword Boomerang+1","Twin Strike+1"],"picked":"SKIP","floor":18},{"not_picked":["Hologram","Barrage"],"picked":"Chill","floor":21},{"not_picked":["Anger","Sword Boomerang+1","Sever Soul"],"picked":"SKIP","floor":23},{"not_picked":["Blade Dance","Deflect"],"picked":"Backstab","floor":24},{"not_picked":["Impatience+1","Ghostly Armor"],"picked":"Inflame+1","floor":27},{"not_picked":["Sucker Punch","Steam Power","Corpse Explosion"],"picked":"SKIP","floor":28},{"not_picked":["Tools of the Trade","Reckless Charge"],"picked":"Blizzard+1","floor":30},{"not_picked":["Sentinel+1","Outmaneuver"],"picked":"Rupture","floor":35},{"not_picked":["Genetic Algorithm+1","Headbutt"],"picked":"Heavy Blade","floor":37},{"not_picked":["Cleave+1","Flechettes+1","Hologram+1"],"picked":"SKIP","floor":39},{"not_picked":["Compile Driver","Coolheaded+1"],"picked":"Leap","floor":40},{"not_picked":["Outmaneuver","Poisoned Stab+1","Poisoned Stab"],"picked":"SKIP","floor":41},{"not_picked":["Dual Wield","Go for the Eyes+1","Streamline+1"],"picked":"SKIP","floor":45},{"not_picked":["Fusion","Redo+1"],"picked":"Glacier+1","floor":47},{"not_picked":["Bandage Up","Steam+1"],"picked":"Leap","floor":54}],"player_experience":207919,"relics_obtained":[{"floor":6,"key":"Potion Belt"},{"floor":8,"key":"Bag of Preparation"},{"floor":11,"key":"Art of War"},{"floor":23,"key":"Bag of Marbles"},{"floor":26,"key":"Ancient Tea Set"},{"floor":27,"key":"The Courier"},{"floor":30,"key":"Shuriken"},{"floor":31,"key":"Ornamental Fan"},{"floor":40,"key":"Nunchaku"},{"floor":40,"key":"Unceasing Top"},{"floor":43,"key":"Orichalcum"},{"floor":45,"key":"Omamori"},{"floor":45,"key":"War Paint"},{"floor":54,"key":"Letter Opener"},{"floor":54,"key":"Meat on the Bone"}],"event_choices":[{"damage_healed":0,"gold_gain":0,"player_choice":"Got Potions","damage_taken":0,"max_hp_gain":0,"max_hp_loss":0,"event_name":"Lab","floor":2,"gold_loss":0},{"cards_removed":["Defend_B"],"damage_healed":0,"gold_gain":0,"player_choice":"Gave Gold","damage_taken":0,"max_hp_gain":0,"max_hp_loss":0,"event_name":"Beggar","floor":19,"gold_loss":75},{"damage_healed":0,"gold_gain":0,"player_choice":"Shed Blood","damage_taken":21,"max_hp_gain":5,"max_hp_loss":0,"event_name":"Forgotten Altar","floor":20,"gold_loss":0},{"cards_removed":["Defend_B"],"damage_healed":0,"gold_gain":0,"player_choice":"Purged","damage_taken":0,"max_hp_gain":0,"max_hp_loss":0,"event_name":"Purifier","floor":38,"gold_loss":0},{"damage_healed":0,"gold_gain":0,"player_choice":"Memory 1","damage_taken":0,"max_hp_gain":0,"max_hp_loss":0,"event_name":"SensoryStone","floor":42,"gold_loss":0},{"damage_healed":0,"gold_gain":0,"player_choice":"Paid","damage_taken":0,"relics_obtained":["Red Mask"],"max_hp_gain":0,"max_hp_loss":0,"event_name":"Tomb of Lord Red Mask","floor":48,"gold_loss":51}],"is_beta":false,"boss_relics":[{"not_picked":["Pandora\u0027s Box","Snecko Eye"],"picked":"Velvet Choker"},{"not_picked":["Busted Crown","Sozu"],"picked":"Black Star"}],"items_purged_floors":[29,36],"is_endless":false,"potions_floor_spawned":[1,3,8,11,13,16,24,28,33,37,40,45,47,54],"killed_by":"The Heart","ascension_level":1}