{"gold_per_floor":[117,127,52,52,69,69,97,108,133,168,168,0,0,24,24,128,128,142,152,169,169,179,204,219,219,219,219,233,18,29,43,43,43],"floor_reached":33,"playtime":2942,"items_purged":["Defend_B","Strike_B","Pain"],"score":279,"play_id":"b06cfa73-e0b6-468a-8938-44aeab1b42b4","local_time":"20181122141759","is_ascension_mode":false,"campfire_choices":[{"data":"Defragment","floor":6,"key":"SMITH"},{"floor":15,"key":"REST"},{"data":"Buffer","floor":25,"key":"SMITH"},{"floor":27,"key":"REST"},{"floor":32,"key":"REST"}],"neow_cost":"NONE","seed_source_timestamp":750197764057298,"circlet_count":0,"master_deck":["Strike_B","Strike_B","Strike_B","Defend_B","Defend_B","Defend_B","Zap+1","Dualcast","Seek","Streamline","Defragment+1","Rebound","Darkness","Melter","Sweeping Beam","Chaos","Rainbow","Conserve Battery","Beam Cell+1","Buffer+1","Tempest","Streamline+1","Dark Shackles","Genetic Algorithm","Self Repair"],"relics":["Cracked Core","Oddly Smooth Stone","PreservedInsect","Blood Vial","Orichalcum","Cursed Key","Bag of Marbles","Vajra","Juzu Bracelet"],"potions_floor_usage":[7,19,22,24,28,33],"damage_taken":[{"damage":2,"enemies":"Jaw Worm","floor":1,"turns":4},{"damage":0,"enemies":"Small Slimes","floor":2,"turns":3},{"damage":2,"enemies":"2 Louse","floor":5,"turns":3},{"damage":21,"enemies":"Lagavulin","floor":7,"turns":6},{"damage":9,"enemies":"2 Fungi Beasts","floor":8,"turns":3},{"damage":14,"enemies":"Gremlin Nob","floor":10,"turns":3},{"damage":29,"enemies":"Slime Boss","floor":16,"turns":4},{"damage":0,"enemies":"Spheric Guardian","floor":18,"turns":1},{"damage":10,"enemies":"2 Thieves","floor":19,"turns":3},{"damage":2,"enemies":"3 Cultists","floor":20,"turns":4},{"damage":24,"enemies":"Snake Plant","floor":22,"turns":4},{"damage":22,"enemies":"Book of Stabbing","floor":23,"turns":5},{"damage":0,"enemies":"Centurion and Healer","floor":24,"turns":4},{"damage":4,"enemies":"Snecko","floor":28,"turns":3},{"damage":9,"enemies":"Chosen and Byrds","floor":30,"turns":4},{"damage":7,"enemies":"Snake Plant","floor":31,"turns":3},{"damage":59,"enemies":"Collector","floor":33,"turns":6}],"seed_played":"2377081635970041027","potions_obtained":[{"floor":2,"key":"FearPotion"},{"floor":7,"key":"Explosive Potion"},{"floor":20,"key":"EssenceOfSteel"},{"floor":23,"key":"SteroidPotion"},{"floor":24,"key":"Block Potion"},{"floor":31,"key":"AttackPotion"}],"is_trial":false,"path_per_floor":["M","M","$","?","M","R","E","M","T","E","?","$","?","T","R","B",null,"M","M","M","?","M","E","M","R","T","R","M","$","M","M","R","B"],"character_chosen":"DEFECT","items_purchased":["Chaos","Dark Shackles"],"campfire_rested":3,"item_purchase_floors":[12,29],"current_hp_per_floor":[73,73,73,73,71,71,50,41,41,27,27,27,27,27,49,22,75,75,65,65,65,43,23,25,25,25,47,45,45,38,33,55,0],"gold":43,"neow_bonus":"ONE_RANDOM_RARE_CARD","is_prod":false,"is_daily":false,"chose_seed":false,"campfire_upgraded":2,"win_rate":0.0,"timestamp":1542917879,"path_taken":["M","M","$","?","M","R","E","M","T","E","?","$","?","?","R","BOSS","M","M","M","?","M","E","M","R","T","R","M","$","M","M","R","BOSS"],"build_version":"2018-11-15","purchased_purges":3,"victory":false,"max_hp_per_floor":[75,75,75,75,75,75,75,75,75,75,75,75,75,75,75,75,75,75,75,75,75,75,75,75,75,75,75,75,75,75,75,75,75],"card_choices":[{"not_picked":["Stack","Compile Driver"],"picked":"Streamline","floor":1},{"not_picked":["Undo","Coolheaded"],"picked":"Defragment","floor":2},{"not_picked":["Streamline","Heatsinks"],"picked":"Rebound","floor":5},{"not_picked":["Ball Lightning","Rebound"],"picked":"Darkness","floor":7},{"not_picked":["Compile Driver","Double Energy"],"picked":"Melter","floor":8},{"not_picked":["Streamline","Coolheaded"],"picked":"Sweeping Beam","floor":10},{"not_picked":["Fission","Biased Cognition"],"picked":"Rainbow","floor":16},{"not_picked":["Coolheaded","Auto Shields"],"picked":"Conserve Battery","floor":18},{"not_picked":["Conserve Battery","Double Energy"],"picked":"Beam Cell+1","floor":19},{"not_picked":["Cold Snap","Doom and Gloom","Rip and Tear"],"picked":"SKIP","floor":20},{"not_picked":["Force Field+1","Reprogram","Stack+1"],"picked":"SKIP","floor":22},{"not_picked":["Stack","Streamline+1"],"picked":"Buffer","floor":23},{"not_picked":["Cold Snap+1","Force Field+1"],"picked":"Tempest","floor":24},{"not_picked":["Darkness","Compile Driver+1"],"picked":"Streamline+1","floor":28},{"not_picked":["Coolheaded","Aggregate+1"],"picked":"Genetic Algorithm","floor":30},{"not_picked":["Lockon","Fusion"],"picked":"Self Repair","floor":31}],"player_experience":17521,"relics_obtained":[{"floor":7,"key":"Oddly Smooth Stone"},{"floor":9,"key":"PreservedInsect"},{"floor":10,"key":"Blood Vial"},{"floor":14,"key":"Orichalcum"},{"floor":23,"key":"Vajra"},{"floor":26,"key":"Juzu Bracelet"}],"event_choices":[{"damage_healed":0,"gold_gain":0,"player_choice":"Ignored","damage_taken":0,"max_hp_gain":0,"max_hp_loss":0,"event_name":"Liars Game","floor":4,"gold_loss":0},{"damage_healed":0,"gold_gain":0,"player_choice":"Grow","damage_taken":0,"max_hp_gain":0,"max_hp_loss":0,"event_name":"Living Wall","floor":11,"gold_loss":0,"cards_upgraded":["Zap"]},{"damage_healed":0,"gold_gain":0,"player_choice":"Left Gold","damage_taken":0,"max_hp_gain":0,"max_hp_loss":0,"event_name":"World of Goop","floor":13,"gold_loss":0},{"damage_healed":0,"gold_gain":0,"player_choice":"Opened","damage_taken":0,"relics_obtained":["Bag of Marbles"],"max_hp_gain":0,"max_hp_loss":0,"event_name":"The Mausoleum","floor":21,"gold_loss":0}],"is_beta":false,"boss_relics":[{"not_picked":["Astrolabe","Runic Pyramid"],"picked":"Cursed Key"}],"items_purged_floors":[3,12,29],"is_endless":false,"potions_floor_spawned":[2,7,20,23,24,31],"killed_by":"Collector","ascension_level":0}