{"gold_per_floor":[114,214,101,101,114,114,140,140,140,140,169,49,75,86,86,186,186,200,200,214,226],"floor_reached":21,"playtime":1356,"items_purged":["Strike_G"],"score":256,"play_id":"34059e59-a706-4c83-a447-fc98e2d72fac","local_time":"20190110171551","is_ascension_mode":true,"campfire_choices":[{"data":"Skewer","floor":6,"key":"SMITH"},{"data":"Neutralize","floor":8,"key":"SMITH"},{"data":"Quick Slash","floor":10,"key":"SMITH"},{"floor":15,"key":"REST"}],"neow_cost":"NONE","seed_source_timestamp":132357762207299,"circlet_count":0,"master_deck":["Defend_G","Defend_G","Defend_G","Defend_G","Defend_G","Strike_G","Strike_G","Strike_G","Strike_G+1","Survivor","Neutralize+1","Acrobatics","Skewer+1","Well Laid Plans","Quick Slash+1","Flying Knee+1","Calculated Gamble","PiercingWail","Deadly Poison","Backflip","After Image","Backflip","Writhe","Leg Sweep"],"relics":["Sozu","Happy Flower","Bottled Tornado","Whetstone","Sundial","Lizard Tail","Art of War"],"potions_floor_usage":[],"damage_taken":[{"damage":7,"enemies":"Small Slimes","floor":1,"turns":4},{"damage":0,"enemies":"Cultist","floor":5,"turns":3},{"damage":14,"enemies":"3 Sentries","floor":7,"turns":9},{"damage":10,"enemies":"Lagavulin","floor":11,"turns":4},{"damage":3,"enemies":"Gremlin Nob","floor":13,"turns":3},{"damage":4,"enemies":"Jaw Worm","floor":14,"turns":3},{"damage":11,"enemies":"Slime Boss","floor":16,"turns":8},{"damage":21,"enemies":"Spheric Guardian","floor":18,"turns":6},{"damage":18,"enemies":"Shell Parasite","floor":20,"turns":5},{"damage":15,"enemies":"Chosen and Byrds","floor":21,"turns":10}],"seed_played":"3491383995445446761","potions_obtained":[],"is_trial":false,"path_per_floor":["M","?","$","?","M","R","E","R","T","R","E","$","E","M","R","B",null,"M","?","M","M"],"character_chosen":"THE_SILENT","items_purchased":["Skewer","Well Laid Plans","PiercingWail"],"campfire_rested":1,"item_purchase_floors":[3,3,12],"current_hp_per_floor":[56,56,56,61,61,61,47,47,47,47,37,37,34,30,52,41,67,46,46,28,13],"gold":226,"neow_bonus":"BOSS_RELIC","is_prod":false,"is_daily":false,"chose_seed":false,"campfire_upgraded":3,"win_rate":0,"timestamp":1547162151,"path_taken":["M","?","?","?","M","R","E","R","T","R","E","$","E","?","R","BOSS","M","?","M","M"],"build_version":"2019-01-03v4","purchased_purges":1,"victory":false,"max_hp_per_floor":[70,70,70,75,75,75,75,75,75,75,75,75,75,75,75,75,75,75,75,75,75],"card_choices":[{"not_picked":["Blade Dance","PiercingWail"],"picked":"Acrobatics","floor":1},{"not_picked":["Setup","Dagger Spray"],"picked":"Quick Slash","floor":5},{"not_picked":["Well Laid Plans","Dagger Throw"],"picked":"Flying Knee","floor":7},{"not_picked":["Poisoned Stab","Finisher"],"picked":"Calculated Gamble","floor":11},{"not_picked":["Heel Hook","Quick Slash"],"picked":"Deadly Poison","floor":13},{"not_picked":["Burst","Quick Slash"],"picked":"Backflip","floor":14},{"not_picked":["Doppelganger","Burst"],"picked":"After Image","floor":16},{"not_picked":["Quick Slash+1","PiercingWail"],"picked":"Backflip","floor":18},{"not_picked":["Bouncing Flask","Backflip"],"picked":"Leg Sweep","floor":20}],"player_experience":392673,"relics_obtained":[{"floor":7,"key":"Happy Flower"},{"floor":9,"key":"Bottled Tornado"},{"floor":11,"key":"Whetstone"},{"floor":13,"key":"Sundial"}],"event_choices":[{"damage_healed":0,"gold_gain":100,"player_choice":"Pray","damage_taken":0,"max_hp_gain":0,"max_hp_loss":0,"event_name":"Golden Shrine","floor":2,"gold_loss":0},{"damage_healed":0,"gold_gain":0,"player_choice":"Donut","damage_taken":0,"max_hp_gain":5,"max_hp_loss":0,"event_name":"Big Fish","floor":4,"gold_loss":0},{"damage_healed":0,"gold_gain":0,"player_choice":"Opened","damage_taken":0,"relics_obtained":["Art of War"],"max_hp_gain":0,"max_hp_loss":0,"event_name":"The Mausoleum","floor":19,"gold_loss":0,"cards_obtained":["Writhe"]}],"is_beta":false,"boss_relics":[{"not_picked":["Tiny House","HoveringKite"],"picked":"Lizard Tail"}],"items_purged_floors":[12],"is_endless":false,"potions_floor_spawned":[5,7,14,16,21],"killed_by":"Chosen and Byrds","ascension_level":6}