{"gold_per_floor":[119,133,83,100,100,100,170,193,267,267],"floor_reached":10,"playtime":627,"items_purged":[],"score":58,"play_id":"339cdc17-042d-4b31-a820-310b5dfbc574","local_time":"20181123190826","is_ascension_mode":false,"campfire_choices":[{"data":"Corruption","floor":6,"key":"SMITH"},{"floor":10,"key":"REST"}],"neow_cost":"NONE","seed_source_timestamp":856342118848152,"circlet_count":0,"master_deck":["Strike_R","Strike_R","Strike_R","Strike_R","Strike_R","Defend_R","Defend_R","Defend_R","Bash","Corruption+1","Pummel","Twin Strike","Pommel Strike","Battle Trance"],"relics":["Burning Blood","Golden Idol","Bag of Preparation","Sundial"],"potions_floor_usage":[],"damage_taken":[{"damage":1,"enemies":"Cultist","floor":1,"turns":4},{"damage":5,"enemies":"Jaw Worm","floor":2,"turns":5},{"damage":3,"enemies":"Small Slimes","floor":4,"turns":4},{"damage":47,"enemies":"3 Sentries","floor":7,"turns":11},{"damage":5,"enemies":"Looter","floor":8,"turns":3}],"seed_played":"-8426944119599205095","potions_obtained":[{"floor":2,"key":"FearPotion"},{"floor":4,"key":"Weak Potion"}],"is_trial":false,"path_per_floor":["M","M","?","M","?","R","?","M","T","R"],"character_chosen":"IRONCLAD","items_purchased":[],"campfire_rested":1,"item_purchase_floors":[],"current_hp_per_floor":[88,88,88,88,66,66,25,26,26,52],"gold":267,"neow_bonus":"TEN_PERCENT_HP_BONUS","is_prod":false,"is_daily":false,"chose_seed":false,"campfire_upgraded":1,"win_rate":0.0,"timestamp":1543021706,"path_taken":["M","M","?","M","?","R","?","M","T","R"],"build_version":"2018-11-15","purchased_purges":0,"victory":false,"max_hp_per_floor":[88,88,88,88,88,88,88,88,88,88],"card_choices":[{"not_picked":["Shrug It Off","Armaments"],"picked":"Corruption","floor":1},{"not_picked":["Anger","Thunderclap"],"picked":"Pummel","floor":2},{"not_picked":["Intimidate","Clash"],"picked":"Twin Strike","floor":4},{"not_picked":["Reckless Charge","True Grit"],"picked":"Pommel Strike","floor":7},{"not_picked":["True Grit","Anger"],"picked":"Battle Trance","floor":8}],"player_experience":61435,"relics_obtained":[{"floor":7,"key":"Bag of Preparation"},{"floor":9,"key":"Sundial"}],"event_choices":[{"cards_removed":["Defend_R"],"damage_healed":0,"gold_gain":0,"player_choice":"Card Removal","damage_taken":0,"max_hp_gain":0,"max_hp_loss":0,"event_name":"The Cleric","floor":3,"gold_loss":50},{"damage_healed":0,"gold_gain":0,"player_choice":"Take Damage","damage_taken":22,"relics_obtained":["Golden Idol"],"max_hp_gain":0,"max_hp_loss":0,"event_name":"Golden Idol","floor":5,"gold_loss":0},{"damage_healed":0,"gold_gain":0,"player_choice":"Searched \u00272\u0027 times","damage_taken":0,"max_hp_gain":0,"max_hp_loss":0,"event_name":"Dead Adventurer","floor":7,"gold_loss":0}],"is_beta":false,"boss_relics":[],"items_purged_floors":[],"is_endless":false,"potions_floor_spawned":[2,4],"ascension_level":0}