{"gold_per_floor":[119,294,310,310,310,310,336,355,378,412,412,59,73,89,89,186,186,202,202,219,230,241,241,266,283,283,283,318,318,352,364,364,469,469,487,498,498,498,512,512,531,531,531,531,531,549,549,196,196,196],"floor_reached":51,"playtime":4290,"items_purged":["Doubt","Bite"],"score":890,"play_id":"7ca6e815-3d1b-41c0-ba65-dd349d656605","local_time":"20190701191041","is_ascension_mode":true,"campfire_choices":[{"data":"Dualcast","floor":6,"key":"SMITH"},{"data":"Fission","floor":15,"key":"SMITH"},{"data":"Electrodynamics","floor":23,"key":"SMITH"},{"data":"Coolheaded","floor":27,"key":"SMITH"},{"data":"Hologram","floor":29,"key":"SMITH"},{"data":"Hologram","floor":32,"key":"SMITH"},{"data":"Chill","floor":40,"key":"SMITH"},{"data":"Conserve Battery","floor":47,"key":"SMITH"},{"data":"Hologram","floor":49,"key":"SMITH"}],"neow_cost":"NONE","seed_source_timestamp":617185362925175,"circlet_count":0,"master_deck":["Defend_B","Defend_B","Defend_B","Defend_B","Zap+1","Dualcast+1","Gash","Genetic Algorithm","Conserve Battery+1","Fission+1","Ball Lightning","Chill+1","Hologram+1","Electrodynamics+1","Bite","Bite","Bite","Bite","Auto Shields","Coolheaded+1","Hologram+1","Barrage+1","Self Repair+1","Coolheaded+1","Ball Lightning+1","Redo+1","Biased Cognition+1","All For One","Hologram+1"],"relics":["Cracked Core","NeowsBlessing","DataDisk","Pocketwatch","Shuriken","Anchor","Bag of Preparation","Sozu","Omamori","Symbiotic Virus","Pen Nib","Inserter","Frozen Egg 2","Potion Belt","Runic Capacitor"],"potions_floor_usage":[10,50,50],"damage_taken":[{"damage":0,"enemies":"2 Louse","floor":1,"turns":1},{"damage":0,"enemies":"Small Slimes","floor":3,"turns":1},{"damage":0,"enemies":"3 Sentries","floor":7,"turns":1},{"damage":7,"enemies":"Jaw Worm","floor":8,"turns":3},{"damage":25,"enemies":"Lagavulin","floor":10,"turns":8},{"damage":6,"enemies":"Large Slime","floor":13,"turns":4},{"damage":0,"enemies":"Red Slaver","floor":14,"turns":4},{"damage":27,"enemies":"The Guardian","floor":16,"turns":9},{"damage":0,"enemies":"Chosen","floor":18,"turns":3},{"damage":0,"enemies":"3 Byrds","floor":20,"turns":3},{"damage":22,"enemies":"Snake Plant","floor":21,"turns":4},{"damage":12,"enemies":"Shelled Parasite and Fungi","floor":22,"turns":4},{"damage":19,"enemies":"Gremlin Leader","floor":24,"turns":5},{"damage":0,"enemies":"Centurion and Healer","floor":25,"turns":3},{"damage":13,"enemies":"Slavers","floor":28,"turns":3},{"damage":25,"enemies":"Book of Stabbing","floor":30,"turns":5},{"damage":0,"enemies":"Snake Plant","floor":31,"turns":2},{"damage":32,"enemies":"Automaton","floor":33,"turns":7},{"damage":0,"enemies":"3 Darklings","floor":35,"turns":3},{"damage":0,"enemies":"Orb Walker","floor":36,"turns":2},{"damage":7,"enemies":"Writhing Mass","floor":39,"turns":6},{"damage":0,"enemies":"4 Shapes","floor":41,"turns":3},{"damage":3,"enemies":"Maw","floor":46,"turns":6},{"damage":16,"enemies":"Awakened One","floor":50,"turns":12}],"seed_played":"6410734408480802231","potions_obtained":[{"floor":3,"key":"Poison Potion"},{"floor":8,"key":"LiquidBronze"},{"floor":13,"key":"FairyPotion"}],"is_trial":false,"path_per_floor":["M","?","M","?","?","R","E","M","T","E","T","$","M","M","R","B",null,"M","?","M","M","M","R","E","M","T","R","E","R","E","M","R","B",null,"M","M","$","?","M","R","M","?","T","T","?","M","R","$","R","B",null],"character_chosen":"DEFECT","items_purchased":["Ball Lightning","Bag of Preparation","FocusPotion","Runic Capacitor","Hologram"],"campfire_rested":0,"item_purchase_floors":[12,12,12,48,48],"current_hp_per_floor":[75,75,75,72,72,72,72,65,65,42,42,42,38,40,40,15,60,62,62,68,58,60,60,57,61,61,61,56,56,41,45,45,41,67,75,75,75,75,75,75,75,71,71,71,71,71,71,71,71,71],"gold":196,"neow_bonus":"THREE_ENEMY_KILL","is_prod":false,"is_daily":false,"chose_seed":false,"campfire_upgraded":9,"win_rate":0,"timestamp":1562026241,"path_taken":["M","?","M","?","?","R","E","M","T","E","?","$","M","M","R","BOSS","M","?","M","M","M","R","E","M","T","R","E","R","E","M","R","BOSS","M","M","$","?","M","R","?","?","T","?","?","?","R","$","R","BOSS"],"build_version":"2019-07-01","purchased_purges":2,"victory":true,"max_hp_per_floor":[75,75,75,75,75,75,75,75,75,75,75,75,75,75,75,75,75,75,75,75,75,75,75,75,75,75,75,75,75,75,75,75,75,75,75,75,75,75,75,75,75,71,71,71,71,71,71,71,71,71],"card_choices":[{"not_picked":["Turbo","Recycle","Beam Cell"],"picked":"SKIP","floor":1},{"not_picked":["Streamline","Melter"],"picked":"Gash","floor":3},{"not_picked":["Barrage","Seek"],"picked":"Genetic Algorithm","floor":7},{"not_picked":["Hello World","Sweeping Beam"],"picked":"Conserve Battery","floor":8},{"not_picked":["Rip and Tear","Steam"],"picked":"Fission","floor":10},{"not_picked":["Melter","Rip and Tear"],"picked":"Chill","floor":13},{"not_picked":["Conserve Battery","Sweeping Beam"],"picked":"Hologram","floor":14},{"not_picked":["Fission","Meteor Strike"],"picked":"Electrodynamics","floor":16},{"not_picked":["BootSequence","Consume","Hello World"],"picked":"SKIP","floor":18},{"not_picked":["Aggregate","Conserve Battery","Leap"],"picked":"SKIP","floor":20},{"not_picked":["FTL","Rebound"],"picked":"Auto Shields","floor":21},{"not_picked":["Barrage","BootSequence"],"picked":"Coolheaded","floor":22},{"not_picked":["Recycle","Hello World"],"picked":"Hologram","floor":24},{"not_picked":["Scrape+1","Beam Cell+1","Redo"],"picked":"SKIP","floor":25},{"not_picked":["Lockon+1","Auto Shields"],"picked":"Barrage+1","floor":28},{"not_picked":["Barrage","Coolheaded"],"picked":"Self Repair+1","floor":30},{"not_picked":["Chaos","Rebound","Multi-Cast"],"picked":"SKIP","floor":31},{"not_picked":["Force Field","Sunder+1","Barrage"],"picked":"SKIP","floor":35},{"not_picked":["Rebound","Turbo+1","Hello World+1"],"picked":"SKIP","floor":36},{"not_picked":["Leap+1","Gash+1"],"picked":"Ball Lightning+1","floor":39},{"not_picked":["Conserve Battery","Steam"],"picked":"Redo+1","floor":41},{"not_picked":["White Noise+1","Steam+1"],"picked":"All For One","floor":46}],"player_experience":88795,"relics_obtained":[{"floor":7,"key":"Pocketwatch"},{"floor":9,"key":"Blood Vial"},{"floor":10,"key":"Shuriken"},{"floor":11,"key":"Anchor"},{"floor":24,"key":"Omamori"},{"floor":26,"key":"Symbiotic Virus"},{"floor":30,"key":"Pen Nib"},{"floor":43,"key":"Frozen Egg 2"},{"floor":44,"key":"Potion Belt"}],"event_choices":[{"damage_healed":0,"gold_gain":175,"player_choice":"AGREE","damage_taken":0,"max_hp_gain":0,"max_hp_loss":0,"event_name":"Liars Game","floor":2,"gold_loss":0,"cards_obtained":["Doubt"]},{"damage_healed":0,"gold_gain":0,"player_choice":"Success","damage_taken":3,"relics_obtained":["DataDisk"],"max_hp_gain":0,"max_hp_loss":0,"event_name":"Scrap Ooze","floor":4,"gold_loss":0},{"damage_healed":0,"gold_gain":0,"player_choice":"Grow","damage_taken":0,"max_hp_gain":0,"max_hp_loss":0,"event_name":"Living Wall","floor":5,"gold_loss":0,"cards_upgraded":["Zap"]},{"damage_healed":0,"gold_gain":0,"player_choice":"Became a vampire (Vial)","damage_taken":0,"max_hp_gain":0,"max_hp_loss":0,"event_name":"Vampires","floor":19,"relics_lost":["Blood Vial"],"gold_loss":0,"cards_obtained":["Bite","Bite","Bite","Bite","Bite"]},{"damage_healed":0,"gold_gain":0,"player_choice":"Copied","damage_taken":0,"max_hp_gain":0,"max_hp_loss":0,"event_name":"Duplicator","floor":38,"gold_loss":0,"cards_obtained":["Coolheaded"]},{"damage_healed":0,"gold_gain":0,"player_choice":"Max HP","damage_taken":0,"max_hp_gain":0,"max_hp_loss":4,"event_name":"Winding Halls","floor":42,"gold_loss":0},{"damage_healed":0,"gold_gain":0,"player_choice":"1 cards matched","damage_taken":0,"max_hp_gain":0,"max_hp_loss":0,"event_name":"Match and Keep!","floor":45,"gold_loss":0,"cards_obtained":["Biased Cognition"]},{"damage_healed":0,"gold_gain":0,"player_choice":"1 cards matched","damage_taken":0,"max_hp_gain":0,"max_hp_loss":0,"event_name":"Match and Keep!","floor":45,"gold_loss":0,"cards_obtained":["Biased Cognition"]}],"is_beta":false,"boss_relics":[{"not_picked":["Eternal Feather","Astrolabe"],"picked":"Sozu"},{"not_picked":["Busted Crown","Snecko Eye"],"picked":"Inserter"}],"items_purged_floors":[12,48],"is_endless":false,"potions_floor_spawned":[3,8,13,14,18,20,24,25,39],"ascension_level":5}