{"gold_per_floor":[113,128,128,144,161,161,86,86,109,109,142,161,336,366,366,469,469,485,485,505,505,333,333,333,333,357,388,388,406,421,187,187,292,292,312,325,27,127,147,181,181,181,181,181,32,45,45,45,45,45],"floor_reached":51,"playtime":3623,"items_purged":["Strike_B","Defend_B","Strike_B+1"],"score":781,"play_id":"3032fde5-2fab-4143-8647-62aaf24127a7","local_time":"20190131121957","is_ascension_mode":true,"campfire_choices":[{"data":"Dualcast","floor":6,"key":"SMITH"},{"data":"Zap","floor":8,"key":"SMITH"},{"floor":15,"key":"REST"},{"data":"Capacitor","floor":23,"key":"SMITH"},{"data":"Hyperbeam","floor":25,"key":"SMITH"},{"floor":32,"key":"REST"},{"data":"Defragment","floor":42,"key":"SMITH"},{"floor":49,"key":"REST"}],"neow_cost":"NONE","seed_source_timestamp":592488293059772,"circlet_count":0,"master_deck":["Strike_B+1","Defend_B","Defend_B+1","Defend_B","Zap+1","Dualcast+1","Cold Snap","Ball Lightning","Leap+1","Darkness","Hyperbeam+1","Biased Cognition","Ball Lightning+1","Capacitor+1","Coolheaded+1","Defragment+1","Coolheaded+1","Barrage","Hologram+1"],"relics":["FrozenCore","NeowsBlessing","Centennial Puzzle","Omamori","Happy Flower","Velvet Choker","Enchiridion","Lantern","War Paint","Runic Capacitor","Dead Branch","Anchor","Gremlin Horn","Juzu Bracelet"],"potions_floor_usage":[11,14,16,27,33,36,39,50,50,50],"damage_taken":[{"damage":0,"enemies":"Cultist","floor":1,"turns":1},{"damage":0,"enemies":"Jaw Worm","floor":2,"turns":1},{"damage":0,"enemies":"2 Louse","floor":4,"turns":1},{"damage":10,"enemies":"Looter","floor":5,"turns":3},{"damage":3,"enemies":"3 Sentries","floor":11,"turns":4},{"damage":1,"enemies":"Exordium Wildlife","floor":12,"turns":3},{"damage":16,"enemies":"Gremlin Nob","floor":14,"turns":3},{"damage":14,"enemies":"The Guardian","floor":16,"turns":8},{"damage":5,"enemies":"2 Thieves","floor":18,"turns":2},{"damage":0,"enemies":"Spheric Guardian","floor":20,"turns":2},{"damage":13,"enemies":"Book of Stabbing","floor":27,"turns":4},{"damage":8,"enemies":"Snake Plant","floor":29,"turns":4},{"damage":0,"enemies":"Chosen and Byrds","floor":30,"turns":3},{"damage":27,"enemies":"Automaton","floor":33,"turns":7},{"damage":0,"enemies":"3 Shapes","floor":35,"turns":3},{"damage":10,"enemies":"3 Darklings","floor":36,"turns":4},{"damage":3,"enemies":"Mind Bloom Boss Battle","floor":38,"turns":6},{"damage":0,"enemies":"Writhing Mass","floor":39,"turns":6},{"damage":6,"enemies":"Nemesis","floor":40,"turns":9},{"damage":0,"enemies":"Spire Growth","floor":46,"turns":4},{"damage":35,"enemies":"Awakened One","floor":50,"turns":13}],"seed_played":"-6400354569621366754","potions_obtained":[{"floor":4,"key":"Explosive Potion"},{"floor":5,"key":"Swift Potion"},{"floor":12,"key":"FocusPotion"},{"floor":14,"key":"GamblersBrew"},{"floor":27,"key":"LiquidBronze"},{"floor":29,"key":"Swift Potion"},{"floor":30,"key":"EssenceOfSteel"},{"floor":33,"key":"Explosive Potion"},{"floor":46,"key":"Block Potion"}],"is_trial":false,"path_per_floor":["M","M","?","M","M","R","$","R","T","?","E","M","?","E","R","B",null,"M","?","M","T","$","R","?","R","T","E","$","M","M","$","R","B",null,"M","M","$","?","M","E","$","R","T","?","$","M","?","$","R","B",null],"character_chosen":"DEFECT","items_purchased":["Capacitor","Defragment","Ancient Potion","Runic Capacitor","Barrage","Weak Potion","Juzu Bracelet"],"campfire_rested":3,"item_purchase_floors":[22,31,31,37,37,37,45],"current_hp_per_floor":[75,75,60,60,50,50,50,50,50,43,40,39,39,23,45,31,75,70,54,54,54,54,54,47,47,47,34,34,26,26,26,48,21,75,75,65,65,62,62,56,56,56,56,56,56,56,56,56,71,36],"gold":45,"neow_bonus":"THREE_ENEMY_KILL","is_prod":false,"is_daily":false,"chose_seed":false,"campfire_upgraded":5,"win_rate":0,"timestamp":1548958797,"path_taken":["M","M","?","M","M","R","$","R","T","?","E","M","?","E","R","BOSS","M","?","M","?","$","R","?","R","T","E","$","M","?","$","R","BOSS","M","M","$","?","M","E","$","R","T","?","$","M","?","?","R","BOSS"],"build_version":"2019-01-23","purchased_purges":3,"victory":true,"max_hp_per_floor":[75,75,75,75,75,75,75,75,75,75,75,75,75,75,75,75,75,75,75,75,75,75,75,75,75,75,75,75,75,75,75,75,75,75,75,75,75,75,75,75,75,75,75,75,75,75,71,71,71,71],"card_choices":[{"not_picked":["Hologram","Self Repair"],"picked":"Cold Snap","floor":1},{"not_picked":["Hologram","Reinforced Body"],"picked":"Ball Lightning","floor":2},{"not_picked":["Rebound","Recycle","Beam Cell"],"picked":"SKIP","floor":4},{"not_picked":["Streamline","Reinforced Body"],"picked":"Conserve Battery","floor":5},{"not_picked":["Amplify","Barrage"],"picked":"Leap","floor":11},{"not_picked":["Stack","Sweeping Beam"],"picked":"Darkness","floor":12},{"not_picked":["Self Repair","Sunder"],"picked":"Hyperbeam","floor":14},{"not_picked":["Machine Learning","Thunder Strike"],"picked":"Biased Cognition","floor":16},{"not_picked":["Steam Power","Lockon+1","Heatsinks"],"picked":"SKIP","floor":18},{"not_picked":["Coolheaded","Steam"],"picked":"Ball Lightning+1","floor":20},{"not_picked":["Double Energy","Loop"],"picked":"Coolheaded+1","floor":27},{"not_picked":["Ball Lightning","Storm","Darkness"],"picked":"SKIP","floor":29},{"not_picked":["Redo","Heatsinks","Steam"],"picked":"SKIP","floor":30},{"not_picked":["Redo+1","Genetic Algorithm+1","Cold Snap"],"picked":"SKIP","floor":35},{"not_picked":["Go for the Eyes+1","Compile Driver+1"],"picked":"Coolheaded+1","floor":36},{"not_picked":["Genetic Algorithm+1","Leap+1"],"picked":"Hologram+1","floor":39},{"not_picked":["Compile Driver","Reinforced Body+1","Rebound"],"picked":"SKIP","floor":40},{"not_picked":["Compile Driver","Reinforced Body+1","Rebound"],"picked":"SKIP","floor":40},{"not_picked":["Compile Driver","Reinforced Body+1","Rebound"],"picked":"SKIP","floor":40},{"not_picked":["Melter","Turbo+1","FTL"],"picked":"SKIP","floor":46}],"player_experience":65894,"relics_obtained":[{"floor":9,"key":"Centennial Puzzle"},{"floor":11,"key":"Omamori"},{"floor":14,"key":"Happy Flower"},{"floor":19,"key":"Enchiridion"},{"floor":26,"key":"Lantern"},{"floor":27,"key":"War Paint"},{"floor":38,"key":"Dead Branch"},{"floor":40,"key":"Anchor"},{"floor":43,"key":"Gremlin Horn"}],"event_choices":[{"damage_healed":0,"gold_gain":0,"player_choice":"Entered Light","damage_taken":15,"max_hp_gain":0,"max_hp_loss":0,"event_name":"Shining Light","floor":3,"gold_loss":0,"cards_upgraded":["Strike_B","Strike_B"]},{"cards_removed":["Strike_B"],"damage_healed":0,"gold_gain":0,"player_choice":"Card Removal","damage_taken":7,"max_hp_gain":0,"max_hp_loss":0,"event_name":"Golden Wing","floor":10,"gold_loss":0},{"damage_healed":0,"gold_gain":175,"player_choice":"AGREE","damage_taken":0,"max_hp_gain":0,"max_hp_loss":0,"event_name":"Liars Game","floor":13,"gold_loss":0,"cards_obtained":["Doubt"]},{"damage_healed":0,"gold_gain":0,"player_choice":"Obtained Book","damage_taken":16,"max_hp_gain":0,"max_hp_loss":0,"event_name":"Cursed Tome","floor":19,"gold_loss":0},{"damage_healed":0,"gold_gain":0,"player_choice":"","damage_taken":7,"max_hp_gain":0,"max_hp_loss":0,"event_name":"Knowing Skull","floor":24,"potions_obtained":[],"gold_loss":0,"cards_obtained":[]},{"damage_healed":0,"gold_gain":0,"player_choice":"Fight","damage_taken":0,"max_hp_gain":0,"max_hp_loss":0,"event_name":"MindBloom","floor":38,"gold_loss":0},{"cards_removed":["Conserve Battery"],"damage_healed":0,"gold_gain":0,"player_choice":"Removed Skill","damage_taken":0,"max_hp_gain":0,"max_hp_loss":0,"event_name":"Falling","floor":44,"gold_loss":0},{"damage_healed":0,"gold_gain":0,"player_choice":"Max HP","damage_taken":0,"max_hp_gain":0,"max_hp_loss":4,"event_name":"Winding Halls","floor":47,"gold_loss":0}],"is_beta":false,"boss_relics":[{"not_picked":["Coffee Dripper","Ectoplasm"],"picked":"Velvet Choker"},{"not_picked":["Sozu","Calling Bell"],"picked":"FrozenCore"}],"items_purged_floors":[7,22,31],"is_endless":false,"potions_floor_spawned":[4,5,12,14,27,29,30,33,38,46],"ascension_level":4}