{"gold_per_floor":[116,126,146,160,175,204,204,222,222,65,65,90,106,119,119,214,214,214,89,89,89,89,89,89,89,89,89,89,89,4,4,4,4,4,4,4,4,4,4,4,4,4,4,4,4,4,4,4,4,4],"floor_reached":51,"playtime":3493,"items_purged":["Strike_B"],"score":743,"play_id":"6624d3c4-f104-44c9-af4a-d92af2743cad","local_time":"20190118215829","is_ascension_mode":false,"campfire_choices":[{"data":"Ball Lightning","floor":7,"key":"SMITH"},{"floor":11,"key":"REST"},{"floor":15,"key":"REST"},{"data":"Coolheaded","floor":29,"key":"SMITH"},{"floor":32,"key":"REST"},{"floor":44,"key":"REST"},{"floor":49,"key":"REST"}],"neow_cost":"NONE","seed_source_timestamp":34536757867270,"circlet_count":0,"master_deck":["Defend_B","Defend_B","Defend_B","Defend_B","Zap","Dualcast","Double Energy","Leap","FTL","Ball Lightning+1","Streamline","Coolheaded","Defragment","Defragment","Electrodynamics","Go for the Eyes","Capacitor","Coolheaded+1","Capacitor","Glacier","Go for the Eyes+1","Conserve Battery+1","Cold Snap+1","Coolheaded","Electrodynamics","Fission","Stack+1","Darkness+1","Ball Lightning+1","Capacitor","Conserve Battery","BootSequence","Loop+1","Redo+1","Consume","Glacier+1"],"relics":["Cracked Core","Oddly Smooth Stone","Kunai","Dodecahedron","Ectoplasm","Pantograph","Meat on the Bone","Pear","Astrolabe","WingedGreaves","Centennial Puzzle","Dream Catcher"],"potions_floor_usage":[22,27,27,36,36,50,50,50],"damage_taken":[{"damage":2,"enemies":"2 Louse","floor":1,"turns":2},{"damage":1,"enemies":"Jaw Worm","floor":2,"turns":3},{"damage":2,"enemies":"Small Slimes","floor":3,"turns":3},{"damage":15,"enemies":"Exordium Thugs","floor":4,"turns":4},{"damage":1,"enemies":"2 Fungi Beasts","floor":5,"turns":3},{"damage":21,"enemies":"Lagavulin","floor":6,"turns":7},{"damage":4,"enemies":"Looter","floor":8,"turns":2},{"damage":19,"enemies":"Gremlin Nob","floor":12,"turns":4},{"damage":0,"enemies":"Large Slime","floor":13,"turns":4},{"damage":2,"enemies":"Exordium Thugs","floor":14,"turns":4},{"damage":10,"enemies":"Slime Boss","floor":16,"turns":7},{"damage":0,"enemies":"Shell Parasite","floor":18,"turns":4},{"damage":6,"enemies":"Chosen","floor":20,"turns":5},{"damage":18,"enemies":"Snake Plant","floor":22,"turns":4},{"damage":23,"enemies":"Book of Stabbing","floor":23,"turns":8},{"damage":0,"enemies":"Snecko","floor":24,"turns":6},{"damage":7,"enemies":"Cultist and Chosen","floor":25,"turns":5},{"damage":1,"enemies":"Snake Plant","floor":27,"turns":4},{"damage":2,"enemies":"Centurion and Healer","floor":28,"turns":7},{"damage":11,"enemies":"3 Cultists","floor":31,"turns":5},{"damage":21,"enemies":"Collector","floor":33,"turns":10},{"damage":8,"enemies":"3 Shapes","floor":35,"turns":2},{"damage":45,"enemies":"2 Orb Walkers","floor":36,"turns":6},{"damage":14,"enemies":"3 Darklings","floor":37,"turns":5},{"damage":47,"enemies":"Sphere and 2 Shapes","floor":38,"turns":7},{"damage":1,"enemies":"Maw","floor":41,"turns":9},{"damage":20,"enemies":"Transient","floor":42,"turns":5},{"damage":21,"enemies":"4 Shapes","floor":45,"turns":7},{"damage":22,"enemies":"Jaw Worm Horde","floor":47,"turns":6},{"damage":21,"enemies":"Maw","floor":48,"turns":9},{"damage":49,"enemies":"Awakened One","floor":50,"turns":17}],"seed_played":"40971731433112420","potions_obtained":[{"floor":1,"key":"FearPotion"},{"floor":3,"key":"SteroidPotion"},{"floor":12,"key":"Weak Potion"},{"floor":13,"key":"FocusPotion"},{"floor":23,"key":"SkillPotion"},{"floor":25,"key":"FocusPotion"},{"floor":28,"key":"Ancient Potion"},{"floor":33,"key":"Swift Potion"},{"floor":35,"key":"Swift Potion"},{"floor":38,"key":"LiquidBronze"},{"floor":41,"key":"Ancient Potion"}],"is_trial":false,"path_per_floor":["M","M","M","M","M","E","R","M","T","$","R","E","M","M","R","B",null,"M","$","M","?","M","E","M","M","T","M","M","R","?","M","R","B",null,"M","?","M","M","$","?","M","M","T","R","M","T","M","M","R","B",null],"character_chosen":"DEFECT","items_purchased":["Defragment","Capacitor","Coolheaded"],"campfire_rested":5,"item_purchase_floors":[10,19,19],"current_hp_per_floor":[80,79,77,62,61,40,40,36,36,36,60,41,41,39,63,53,82,82,82,76,76,58,35,35,28,28,39,49,49,59,48,75,71,92,84,51,49,14,14,14,25,17,17,44,35,35,25,16,43,31],"gold":4,"neow_bonus":"TEN_PERCENT_HP_BONUS","is_prod":false,"is_daily":false,"chose_seed":false,"campfire_upgraded":2,"win_rate":0.0,"timestamp":1547870309,"path_taken":["M","M","M","M","M","E","R","M","T","$","R","E","M","M","R","BOSS","M","$","M","?","M","E","M","M","T","M","M","R","?","M","R","BOSS","M","?","M","M","?","?","M","M","T","R","M","?","M","M","R","BOSS"],"build_version":"2019-01-17v2","purchased_purges":1,"victory":true,"max_hp_per_floor":[82,82,82,82,82,82,82,82,82,82,82,82,82,82,82,82,82,82,82,82,82,82,82,82,82,82,82,82,82,92,92,92,92,92,92,92,92,92,92,92,92,92,92,92,92,92,92,92,92,92],"card_choices":[{"not_picked":["Auto Shields","Rebound"],"picked":"Double Energy","floor":1},{"not_picked":["Go for the Eyes","Hologram"],"picked":"Leap","floor":2},{"not_picked":["Tempest","Compile Driver"],"picked":"FTL","floor":3},{"not_picked":["Aggregate","Tempest"],"picked":"Ball Lightning","floor":4},{"not_picked":["Barrage","Lockon"],"picked":"Streamline","floor":5},{"not_picked":["Multi-Cast","Hologram"],"picked":"Coolheaded","floor":6},{"not_picked":["Hologram","Reprogram","Doom and Gloom"],"picked":"SKIP","floor":8},{"not_picked":["Streamline","Gash"],"picked":"Defragment","floor":12},{"not_picked":["Lockon","Force Field","Streamline"],"picked":"SKIP","floor":13},{"not_picked":["Rip and Tear","Streamline","Melter"],"picked":"SKIP","floor":14},{"not_picked":["Echo Form","Biased Cognition"],"picked":"Electrodynamics","floor":16},{"not_picked":["Blizzard","Aggregate"],"picked":"Go for the Eyes","floor":18},{"not_picked":["Blizzard+1","Gash","Streamline"],"picked":"SKIP","floor":20},{"not_picked":["Ball Lightning","Stack+1"],"picked":"Glacier","floor":22},{"not_picked":["Lockon","Rebound"],"picked":"Go for the Eyes+1","floor":23},{"not_picked":["Ball Lightning","Leap"],"picked":"Conserve Battery+1","floor":24},{"not_picked":["Ball Lightning+1","Auto Shields"],"picked":"Cold Snap+1","floor":25},{"not_picked":["Ball Lightning+1","Redo+1"],"picked":"Coolheaded","floor":27},{"not_picked":["Storm+1","Auto Shields+1"],"picked":"Ball Lightning+1","floor":28},{"not_picked":["Rebound+1","Redo+1"],"picked":"Electrodynamics","floor":31},{"not_picked":["Rainbow","Electrodynamics"],"picked":"Fission","floor":33},{"not_picked":["Leap","Ball Lightning"],"picked":"Capacitor","floor":35},{"not_picked":["Rebound","Ball Lightning"],"picked":"Conserve Battery","floor":36},{"not_picked":["Leap+1","Double Energy+1"],"picked":"BootSequence","floor":37},{"not_picked":["Tempest","White Noise+1"],"picked":"Loop+1","floor":38},{"not_picked":["Blizzard","Tempest","Chill"],"picked":"SKIP","floor":41},{"not_picked":["Double Energy+1","Barrage"],"picked":"Redo+1","floor":42},{"not_picked":["Go for the Eyes","Streamline","Chaos"],"picked":"SKIP","floor":45},{"not_picked":["Scrape","Fusion+1"],"picked":"Consume","floor":47},{"not_picked":["Rip and Tear+1","Defragment"],"picked":"Glacier+1","floor":48}],"player_experience":4621,"relics_obtained":[{"floor":6,"key":"Oddly Smooth Stone"},{"floor":9,"key":"Kunai"},{"floor":12,"key":"Dodecahedron"},{"floor":23,"key":"Pantograph"},{"floor":26,"key":"Meat on the Bone"},{"floor":36,"key":"WingedGreaves"},{"floor":43,"key":"Centennial Puzzle"},{"floor":46,"key":"Dream Catcher"}],"event_choices":[{"damage_healed":0,"gold_gain":0,"player_choice":"Read","damage_taken":0,"max_hp_gain":0,"max_hp_loss":0,"event_name":"The Library","floor":21,"gold_loss":0,"cards_obtained":["Capacitor"]},{"damage_healed":0,"gold_gain":0,"player_choice":"Obtained Relic","damage_taken":0,"relics_obtained":["Pear"],"max_hp_gain":0,"max_hp_loss":0,"event_name":"Addict","floor":30,"gold_loss":85},{"damage_healed":0,"gold_gain":0,"player_choice":"Fight","damage_taken":0,"max_hp_gain":0,"max_hp_loss":0,"event_name":"Mysterious Sphere","floor":36,"gold_loss":0},{"cards_removed":["Ball Lightning"],"damage_healed":0,"gold_gain":0,"player_choice":"Removed Attack","damage_taken":0,"max_hp_gain":0,"max_hp_loss":0,"event_name":"Falling","floor":40,"gold_loss":0}],"is_beta":false,"boss_relics":[{"not_picked":["Tiny House","FrozenCore"],"picked":"Ectoplasm"},{"not_picked":["Busted Crown","Philosopher\u0027s Stone"],"picked":"Astrolabe"}],"items_purged_floors":[10],"is_endless":false,"potions_floor_spawned":[1,3,12,13,16,18,20,23,25,28,33,35,38,41,45],"ascension_level":0}