{"gold_per_floor":[113,113,130,147,167,195,215,215,215,247,257,282,301,301,301,420,420,420,375,285,11,11,11,11,11,11,11,11,11,11,11,11,11,11,11,11,0,0,0,0,0,0,0,0,0,0,0,0,0,0],"floor_reached":51,"playtime":2948,"items_purged":["Strike_P"],"score":1118,"play_id":"5d48bc47-b092-437a-8a0b-783965fcfb03","local_time":"20190926145827","is_ascension_mode":true,"campfire_choices":[{"data":"CutThroughFate","floor":8.0,"key":"SMITH"},{"data":"Wish","floor":15.0,"key":"SMITH"},{"data":"CrushJoints","floor":23.0,"key":"SMITH"},{"data":"CrushJoints","floor":25.0,"key":"SMITH"},{"data":"Omniscience","floor":29.0,"key":"SMITH"},{"data":"CutThroughFate","floor":32.0,"key":"SMITH"},{"data":"WheelKick","floor":40.0,"key":"SMITH"},{"data":"Nirvana","floor":46.0,"key":"SMITH"},{"data":"Vigilance","floor":49.0,"key":"SMITH"}],"neow_cost":"NONE","seed_source_timestamp":0,"circlet_count":0,"master_deck":["Strike_P","Strike_P","Defend_P","Defend_P","Defend_P+1","Defend_P","Eruption+1","Vigilance+1","Consecrate","FollowUp","Consecrate","CrushJoints+1","CutThroughFate+1","Consecrate","Wish+1","Vault","ClearTheMind+1","Wallop+1","CrushJoints+1","EmptyBody+1","CutThroughFate+1","Omniscience+1","Sanctity+1","Nirvana+1","Halt+1","WheelKick+1","Sanctity+1","CrushJoints+1","Wireheading+1","SandsOfTime+1"],"special_seed":0,"relics":["Runic Pyramid","Strawberry","Bottled Flame","White Beast Statue","Shuriken","Golden Idol","Ectoplasm","Pen Nib","CultistMask","Art of War","Toy Ornithopter","Letter Opener","Coffee Dripper","Bird Faced Urn","Red Mask","Bottled Lightning","Vajra","Centennial Puzzle","CeramicFish"],"potions_floor_usage":[50,50],"damage_taken":[{"damage":0.0,"enemies":"Small Slimes","floor":1.0,"turns":3.0},{"damage":1.0,"enemies":"Cultist","floor":3.0,"turns":3.0},{"damage":0.0,"enemies":"Jaw Worm","floor":4.0,"turns":3.0},{"damage":0.0,"enemies":"2 Fungi Beasts","floor":5.0,"turns":3.0},{"damage":7.0,"enemies":"Lagavulin","floor":6.0,"turns":4.0},{"damage":9.0,"enemies":"Exordium Thugs","floor":7.0,"turns":4.0},{"damage":2.0,"enemies":"3 Sentries","floor":10.0,"turns":3.0},{"damage":3.0,"enemies":"Blue Slaver","floor":11.0,"turns":2.0},{"damage":0.0,"enemies":"Gremlin Nob","floor":12.0,"turns":2.0},{"damage":3.0,"enemies":"Looter","floor":13.0,"turns":2.0},{"damage":6.0,"enemies":"The Guardian","floor":16.0,"turns":6.0},{"damage":3.0,"enemies":"Spheric Guardian","floor":18.0,"turns":3.0},{"damage":3.0,"enemies":"2 Thieves","floor":19.0,"turns":3.0},{"damage":3.0,"enemies":"Slavers","floor":24.0,"turns":2.0},{"damage":10.0,"enemies":"Shelled Parasite and Fungi","floor":27.0,"turns":3.0},{"damage":0.0,"enemies":"Book of Stabbing","floor":28.0,"turns":2.0},{"damage":3.0,"enemies":"Chosen and Byrds","floor":30.0,"turns":4.0},{"damage":6.0,"enemies":"Champ","floor":33.0,"turns":5.0},{"damage":3.0,"enemies":"3 Shapes","floor":35.0,"turns":4.0},{"damage":0.0,"enemies":"Mind Bloom Boss Battle","floor":36.0,"turns":3.0},{"damage":0.0,"enemies":"3 Darklings","floor":38.0,"turns":3.0},{"damage":0.0,"enemies":"Jaw Worm Horde","floor":39.0,"turns":3.0},{"damage":0.0,"enemies":"Nemesis","floor":41.0,"turns":3.0},{"damage":0.0,"enemies":"Sphere and 2 Shapes","floor":42.0,"turns":3.0},{"damage":0.0,"enemies":"Reptomancer","floor":44.0,"turns":5.0},{"damage":0.0,"enemies":"Spire Growth","floor":45.0,"turns":3.0},{"damage":0.0,"enemies":"3 Darklings","floor":47.0,"turns":3.0},{"damage":21.0,"enemies":"Nemesis","floor":48.0,"turns":7.0},{"damage":1,"enemies":"Time Eater","floor":50,"turns":5}],"seed_played":"7116500179431887100","potions_obtained":[{"floor":3.0,"key":"StancePotion"},{"floor":5.0,"key":"Weak Potion"},{"floor":6.0,"key":"Dexterity Potion"},{"floor":10.0,"key":"Explosive Potion"},{"floor":11.0,"key":"SteroidPotion"},{"floor":12.0,"key":"Regen Potion"},{"floor":16.0,"key":"DuplicationPotion"},{"floor":18.0,"key":"Energy Potion"},{"floor":24.0,"key":"Strength Potion"},{"floor":28.0,"key":"Energy Potion"},{"floor":38.0,"key":"Block Potion"},{"floor":42.0,"key":"Dexterity Potion"},{"floor":47.0,"key":"AttackPotion"},{"floor":48.0,"key":"Strength Potion"}],"is_trial":false,"path_per_floor":["M","?","M","M","M","E","M","R","T","E","M","E","M","?","R","B",null,"M","M","?","$","?","R","E","R","T","M","E","R","M","$","R","B",null,"M","?","?","M","M","R","E","M","T","E","M","R","M","E","R","B",null],"character_chosen":"WATCHER","items_purchased":["Pen Nib","CrushJoints"],"campfire_rested":0,"item_purchase_floors":[21,21],"current_hp_per_floor":[65,65,64,64,64,64,55,55,55,53,50,50,47,29,29,38,64,61,58,58,58,58,58,55,55,55,45,50,50,47,47,47,41,64,61,61,61,63,65,65,65,72,72,72,72,72,72,51,51,62],"gold":0,"neow_bonus":"BOSS_RELIC","is_prod":false,"is_daily":false,"chose_seed":false,"campfire_upgraded":9,"win_rate":1,"timestamp":1569527907,"path_taken":["M","?","?","M","M","E","M","R","T","E","M","E","M","?","R","BOSS","M","M","?","?","?","R","E","R","T","?","E","R","M","$","R","BOSS","M","?","?","M","?","R","E","M","T","E","M","R","M","E","R","BOSS"],"build_version":"2019-09-26","purchased_purges":1,"victory":true,"max_hp_per_floor":[65,65,65,65,65,72,72,72,72,72,72,72,72,72,72,72,72,72,72,72,72,72,72,72,72,72,72,72,72,72,72,72,72,72,72,72,72,72,72,72,72,72,72,72,72,72,72,72,72,72],"card_choices":[{"not_picked":["EmptyBody","Sanctity"],"picked":"Consecrate","floor":1.0},{"not_picked":["Halt","Evaluate","EmptyMind"],"picked":"SKIP","floor":3.0},{"not_picked":["Alpha","ForeignInfluence"],"picked":"FollowUp","floor":4.0},{"not_picked":["JustLucky","Halt"],"picked":"Consecrate","floor":5.0},{"not_picked":["CarveReality","InnerPeace"],"picked":"CrushJoints","floor":6.0},{"not_picked":["JustLucky","ForeignInfluence"],"picked":"CutThroughFate","floor":7.0},{"not_picked":["BowlingBash","WreathOfFlame","Scrawl"],"picked":"SKIP","floor":10.0},{"not_picked":["SpiritShield","Meditate"],"picked":"Consecrate","floor":11.0},{"not_picked":["PathToVictory","CutThroughFate"],"picked":"Wish","floor":12.0},{"not_picked":["FlyingSleeves","FearNoEvil","Evaluate"],"picked":"SKIP","floor":13.0},{"not_picked":["Unraveling","Adaptation"],"picked":"Vault","floor":16.0},{"not_picked":["WaveOfTheHand","Sanctity"],"picked":"ClearTheMind+1","floor":18.0},{"not_picked":["Fasting+1","Prostrate"],"picked":"Wallop+1","floor":19.0},{"not_picked":["Conclude+1","Consecrate"],"picked":"EmptyBody+1","floor":24.0},{"not_picked":["Consecrate+1","ClearTheMind"],"picked":"CutThroughFate","floor":27.0},{"not_picked":["SashWhip","WreathOfFlame"],"picked":"Omniscience","floor":28.0},{"not_picked":["FlyingSleeves","SashWhip"],"picked":"Sanctity+1","floor":30.0},{"not_picked":["Judgement","Ragnarok"],"picked":"Nirvana","floor":33.0},{"not_picked":["JustLucky+1","InnerPeace"],"picked":"Halt+1","floor":35.0},{"not_picked":["ClearTheMind","FollowUp+1","BattleHymn+1"],"picked":"SKIP","floor":38.0},{"not_picked":["FollowUp+1","Protect+1"],"picked":"WheelKick","floor":39.0},{"not_picked":["Crescendo","ThirdEye"],"picked":"Sanctity+1","floor":41.0},{"not_picked":["FollowUp+1","FlowState","WreathOfFlame"],"picked":"SKIP","floor":42.0},{"not_picked":["JustLucky+1","CleanseEvil"],"picked":"CrushJoints+1","floor":44.0},{"not_picked":["Nirvana","FlyingSleeves"],"picked":"Wireheading+1","floor":45.0},{"not_picked":["ThirdEye","EmptyBody","CrushJoints"],"picked":"SKIP","floor":47.0},{"not_picked":["ClearTheMind+1","FlurryOfBlows+1"],"picked":"SandsOfTime+1","floor":48.0}],"player_experience":152576,"relics_obtained":[{"floor":6.0,"key":"Strawberry"},{"floor":9.0,"key":"Bottled Flame"},{"floor":10.0,"key":"White Beast Statue"},{"floor":12.0,"key":"Shuriken"},{"floor":24.0,"key":"Art of War"},{"floor":26.0,"key":"Toy Ornithopter"},{"floor":28.0,"key":"Letter Opener"},{"floor":36.0,"key":"Bird Faced Urn"},{"floor":41.0,"key":"Bottled Lightning"},{"floor":43.0,"key":"Vajra"},{"floor":44.0,"key":"Centennial Puzzle"},{"floor":48.0,"key":"CeramicFish"}],"event_choices":[{"damage_healed":0.0,"max_hp_gain":0.0,"max_hp_loss":0.0,"gold_gain":0.0,"event_name":"Accursed Blacksmith","player_choice":"Forge","floor":2.0,"gold_loss":0.0,"damage_taken":0.0,"cards_upgraded":["Eruption"]},{"damage_healed":0.0,"max_hp_gain":0.0,"max_hp_loss":0.0,"gold_gain":0.0,"event_name":"Golden Idol","player_choice":"Take Damage","floor":14.0,"gold_loss":0.0,"damage_taken":18.0,"relics_obtained":["Golden Idol"]},{"cards_removed":["Strike_P"],"damage_healed":0.0,"max_hp_gain":0.0,"max_hp_loss":0.0,"gold_gain":0.0,"event_name":"Designer","player_choice":"Upgrade and Remove","floor":20.0,"gold_loss":90.0,"damage_taken":0.0,"cards_upgraded":["Defend_P"]},{"damage_healed":0.0,"max_hp_gain":0.0,"max_hp_loss":0.0,"gold_gain":0.0,"event_name":"FaceTrader","player_choice":"Trade","floor":22.0,"gold_loss":0.0,"damage_taken":0.0,"relics_obtained":["CultistMask"]},{"damage_healed":0.0,"max_hp_gain":0.0,"max_hp_loss":0.0,"gold_gain":0.0,"event_name":"MindBloom","player_choice":"Fight","floor":36.0,"gold_loss":0.0,"damage_taken":0.0},{"damage_healed":0.0,"max_hp_gain":0.0,"max_hp_loss":0.0,"gold_gain":0.0,"event_name":"Tomb of Lord Red Mask","player_choice":"Paid","floor":37.0,"gold_loss":11.0,"damage_taken":0.0,"relics_obtained":["Red Mask"]}],"is_beta":true,"boss_relics":[{"not_picked":["Velvet Choker","Runic Dome"],"picked":"Ectoplasm"},{"not_picked":["SacredBark","Calling Bell"],"picked":"Coffee Dripper"}],"items_purged_floors":[21],"is_endless":false,"potions_floor_spawned":[3,5,6,10,11,12,13,16,18,19,24,27,28,30,33,35,36,38,39,41,42,44,45,47,48],"ascension_level":5}