{"gold_per_floor":[111,63,63,78,153,182,195,195,275,275,293,313,346,366,366,465,465,484,495,495,595,595,595,624,624,647,676,693,710,710,730,730,830,830,847,525,539,549,177,203,203,303,303,303,332,332,332],"floor_reached":47,"playtime":2915,"items_purged":["Streamline","Strike_B"],"score":585,"play_id":"8f3f8bcb-9ec1-4960-ac35-74d818416a65","local_time":"20181202221110","is_ascension_mode":true,"campfire_choices":[{"data":"Static Discharge","floor":10.0,"key":"SMITH"},{"floor":15.0,"key":"REST"},{"floor":23,"key":"REST"},{"floor":25,"key":"REST"},{"floor":30,"key":"REST"},{"data":"Defragment","floor":32,"key":"SMITH"},{"floor":41,"key":"DIG"}],"neow_cost":"NONE","seed_source_timestamp":1642391258537931,"circlet_count":0,"master_deck":["Strike_B","Strike_B+1","Strike_B","Defend_B","Defend_B+1","Defend_B+1","Defend_B","Zap","Dualcast","Ball Lightning","Static Discharge+1","Conserve Battery","Cold Snap","Conserve Battery","Ball Lightning","Ball Lightning","Thunder Strike","Static Discharge+1","Loop","Conserve Battery","Defragment+1","Buffer","Static Discharge+1","Reinforced Body+1","Seek"],"special_seed":0,"relics":["Cracked Core","Pen Nib","Gremlin Horn","Omamori","Black Star","Shovel","Pear","Pantograph","Cables","Anchor","Calipers","Incense Burner","Inserter","Sling","War Paint","Bottled Tornado","Juzu Bracelet","Unceasing Top","Bottled Lightning","Shuriken","Letter Opener"],"potions_floor_usage":[21,33,33,33,37,38,40,45,47,47],"damage_taken":[{"damage":0.0,"enemies":"2 Louse","floor":1.0,"turns":2.0},{"damage":0.0,"enemies":"Jaw Worm","floor":4.0,"turns":3.0},{"damage":14.0,"enemies":"Gremlin Nob","floor":6.0,"turns":3.0},{"damage":0.0,"enemies":"Cultist","floor":7.0,"turns":3.0},{"damage":7.0,"enemies":"3 Louse","floor":11.0,"turns":3.0},{"damage":0.0,"enemies":"Gremlin Gang","floor":12.0,"turns":2.0},{"damage":4.0,"enemies":"3 Sentries","floor":13.0,"turns":8.0},{"damage":2.0,"enemies":"Blue Slaver","floor":14.0,"turns":3.0},{"damage":20.0,"enemies":"The Guardian","floor":16.0,"turns":8.0},{"damage":0.0,"enemies":"Chosen","floor":18.0,"turns":5.0},{"damage":24.0,"enemies":"Shell Parasite","floor":19.0,"turns":5.0},{"damage":20,"enemies":"Colosseum Slavers","floor":21,"turns":3},{"damage":40,"enemies":"Colosseum Nobs","floor":21,"turns":4},{"damage":25,"enemies":"Gremlin Leader","floor":24,"turns":4},{"damage":27,"enemies":"Book of Stabbing","floor":27,"turns":4},{"damage":18,"enemies":"Snecko","floor":28,"turns":4},{"damage":0,"enemies":"Snake Plant","floor":29,"turns":3},{"damage":0,"enemies":"Chosen and Byrds","floor":31,"turns":6},{"damage":42,"enemies":"Collector","floor":33,"turns":7},{"damage":11,"enemies":"3 Darklings","floor":35,"turns":5},{"damage":10,"enemies":"3 Shapes","floor":37,"turns":3},{"damage":28,"enemies":"Transient","floor":38,"turns":5},{"damage":11,"enemies":"Nemesis","floor":40,"turns":8},{"damage":2,"enemies":"Mind Bloom Boss Battle","floor":42,"turns":6},{"damage":35,"enemies":"Giant Head","floor":45,"turns":7},{"damage":32,"enemies":"Reptomancer","floor":47,"turns":4}],"seed_played":"-7276911926099420467","potions_obtained":[{"floor":1.0,"key":"Poison Potion"},{"floor":6.0,"key":"Ancient Potion"},{"floor":8.0,"key":"Fruit Juice"},{"floor":8.0,"key":"AttackPotion"},{"floor":12.0,"key":"Block Potion"},{"floor":28,"key":"Swift Potion"},{"floor":29,"key":"Energy Potion"},{"floor":31,"key":"Swift Potion"},{"floor":35,"key":"Explosive Potion"},{"floor":42,"key":"Fire Potion"},{"floor":45,"key":"SteroidPotion"}],"is_trial":false,"path_per_floor":["M","$","?","M","?","E","M","?","T","R","M","M","E","M","R","B",null,"M","M","?","?","T","R","E","R","T","E","M","M","R","M","R","B",null,"M","$","M","M","$","E","R","?","T","?","E","?","E"],"character_chosen":"DEFECT","items_purchased":["Ball Lightning","Sling","Block Potion","War Paint","SpeedPotion","EssenceOfSteel"],"campfire_rested":4,"item_purchase_floors":[2,36,36,39,39,39],"current_hp_per_floor":[82,82,66,66,58,44,44,44,44,44,42,42,38,36,62,42,87,87,63,63,13,13,42,17,46,46,19,1,1,30,30,30,13,97,86,86,76,48,48,37,37,60,60,60,25,25,0],"gold":332,"neow_bonus":"TEN_PERCENT_HP_BONUS","is_prod":false,"is_daily":false,"chose_seed":false,"campfire_upgraded":2,"win_rate":0,"timestamp":1543810270,"path_taken":["M","$","?","M","?","E","?","?","T","R","M","M","E","M","R","BOSS","M","?","?","?","?","R","E","R","T","E","?","?","R","M","R","BOSS","M","$","M","?","$","E","R","?","T","?","E","?","E"],"build_version":"2018-11-15","purchased_purges":2,"victory":false,"max_hp_per_floor":[82,82,82,82,82,82,82,82,82,82,87,87,87,87,87,87,87,87,87,87,97,97,97,97,97,97,97,97,97,97,97,97,97,97,97,97,97,97,97,97,97,97,97,97,97,97,97],"card_choices":[{"not_picked":["Double Energy","Hologram"],"picked":"Streamline","floor":1.0},{"not_picked":["Gash","Compile Driver","Steam"],"picked":"SKIP","floor":4.0},{"not_picked":["Capacitor","Undo"],"picked":"Static Discharge","floor":6.0},{"not_picked":["Turbo","Rainbow"],"picked":"Conserve Battery","floor":7.0},{"not_picked":["Scrape","Streamline"],"picked":"Cold Snap","floor":11.0},{"not_picked":["Hologram","Coolheaded"],"picked":"Conserve Battery","floor":12.0},{"not_picked":["Streamline","Coolheaded"],"picked":"Ball Lightning","floor":13.0},{"not_picked":["Rip and Tear","Sweeping Beam"],"picked":"Ball Lightning","floor":14.0},{"not_picked":["Meteor Strike","Buffer"],"picked":"Thunder Strike","floor":16.0},{"not_picked":["Blizzard","Chill","Rebound"],"picked":"SKIP","floor":18.0},{"not_picked":["Barrage","FTL"],"picked":"Static Discharge+1","floor":19.0},{"not_picked":["Redo+1","Beam Cell+1","Turbo"],"picked":"SKIP","floor":24},{"not_picked":["Ball Lightning","Rebound"],"picked":"Loop","floor":27},{"not_picked":["Darkness","Rebound+1"],"picked":"Conserve Battery","floor":28},{"not_picked":["Go for the Eyes","Coolheaded"],"picked":"Defragment","floor":29},{"not_picked":["Barrage","Beam Cell","Hello World+1"],"picked":"SKIP","floor":31},{"not_picked":["Meteor Strike","Biased Cognition"],"picked":"Buffer","floor":33},{"not_picked":["Genetic Algorithm+1","Rip and Tear+1"],"picked":"Static Discharge+1","floor":35},{"not_picked":["Coolheaded+1","Hello World+1","BootSequence"],"picked":"SKIP","floor":37},{"not_picked":["Capacitor","Gash+1"],"picked":"Reinforced Body","floor":38},{"not_picked":["Barrage","Streamline+1","Gash+1"],"picked":"SKIP","floor":40},{"not_picked":["Stack+1","Hologram"],"picked":"Seek","floor":42},{"not_picked":["Genetic Algorithm+1","Reprogram+1","Hello World"],"picked":"SKIP","floor":45}],"player_experience":175013,"relics_obtained":[{"floor":6.0,"key":"Pen Nib"},{"floor":9.0,"key":"Gremlin Horn"},{"floor":13.0,"key":"Omamori"},{"floor":21,"key":"Shovel"},{"floor":21,"key":"Pear"},{"floor":24,"key":"Pantograph"},{"floor":24,"key":"Cables"},{"floor":26,"key":"Anchor"},{"floor":27,"key":"Calipers"},{"floor":27,"key":"Incense Burner"},{"floor":40,"key":"Bottled Tornado"},{"floor":41,"key":"Juzu Bracelet"},{"floor":42,"key":"Unceasing Top"},{"floor":43,"key":"Bottled Lightning"},{"floor":45,"key":"Shuriken"},{"floor":45,"key":"Letter Opener"}],"event_choices":[{"damage_healed":0.0,"max_hp_gain":0.0,"max_hp_loss":0.0,"gold_gain":0.0,"event_name":"Shining Light","player_choice":"Entered Light","floor":3.0,"gold_loss":0.0,"damage_taken":16.0,"cards_upgraded":["Defend_B","Strike_B"]},{"damage_healed":0.0,"max_hp_gain":0.0,"max_hp_loss":0.0,"gold_gain":75.0,"event_name":"FaceTrader","player_choice":"Touch","floor":5.0,"gold_loss":0.0,"damage_taken":8.0},{"damage_healed":0.0,"max_hp_gain":0.0,"max_hp_loss":0.0,"gold_gain":0.0,"event_name":"Lab","player_choice":"Got Potions","floor":8.0,"gold_loss":0.0,"damage_taken":0.0},{"damage_healed":0.0,"max_hp_gain":0.0,"max_hp_loss":0.0,"gold_gain":0.0,"event_name":"The Library","player_choice":"Read","floor":20.0,"gold_loss":0.0,"damage_taken":0.0,"cards_obtained":["Capacitor"]},{"damage_healed":0,"gold_gain":0,"player_choice":"Fight","damage_taken":0,"max_hp_gain":0,"max_hp_loss":0,"event_name":"Colosseum","floor":21,"gold_loss":0},{"damage_healed":0,"gold_gain":0,"player_choice":"Fought Nobs","damage_taken":0,"max_hp_gain":0,"max_hp_loss":0,"event_name":"Colosseum","floor":21,"gold_loss":0},{"damage_healed":0,"gold_gain":0,"player_choice":"Fight","damage_taken":0,"max_hp_gain":0,"max_hp_loss":0,"event_name":"MindBloom","floor":42,"gold_loss":0},{"cards_removed":["Capacitor"],"damage_healed":0,"gold_gain":0,"player_choice":"Removed Power","damage_taken":0,"max_hp_gain":0,"max_hp_loss":0,"event_name":"Falling","floor":44,"gold_loss":0},{"damage_healed":0,"gold_gain":0,"player_choice":"Memory 1","damage_taken":0,"max_hp_gain":0,"max_hp_loss":0,"event_name":"SensoryStone","floor":46,"gold_loss":0}],"is_beta":false,"boss_relics":[{"not_picked":["Philosopher\u0027s Stone","Velvet Choker"],"picked":"Black Star"},{"not_picked":["Cursed Key","Astrolabe"],"picked":"Inserter"}],"items_purged_floors":[36,39],"is_endless":false,"potions_floor_spawned":[1,6,12,21,28,29,31,35,42,45],"killed_by":"Reptomancer","ascension_level":1}