{"gold_per_floor":[119,69,69,43,55,81,92,119,119,131,131,157,171,171,171,269,269,286,286,211,231,0,0,35,35,60,93,93,93,93,93,93,195,195,210,230,230,241,84,110,110,121,121,121,153,163,197,216,216,216],"floor_reached":51,"playtime":3055,"items_purged":["Strike_R"],"score":1097,"play_id":"484ec742-59a0-491b-829a-a2a098e2bdf6","local_time":"20190925132915","is_ascension_mode":true,"campfire_choices":[{"data":"Bash","floor":11,"key":"SMITH"},{"floor":15,"key":"REST"},{"data":"Flex","floor":23,"key":"SMITH"},{"data":"Spot Weakness","floor":28,"key":"SMITH"},{"data":"Immolate","floor":30,"key":"SMITH"},{"data":"Fiend Fire","floor":32,"key":"SMITH"},{"data":"Shrug It Off","floor":41,"key":"SMITH"},{"data":"Heavy Blade","floor":44,"key":"SMITH"},{"data":"Corruption","floor":49,"key":"SMITH"}],"neow_cost":"NONE","seed_source_timestamp":0,"circlet_count":0,"master_deck":["Strike_R","Defend_R","Defend_R","Defend_R","Defend_R","Bash+1","True Grit+1","Fiend Fire+1","Anger","Anger","Heavy Blade+1","Cleave","Spot Weakness+1","Carnage","Reaper","Necronomicurse","Reaper","Iron Wave+1","Whirlwind+1","Flame Barrier+1","Flex+1","Shrug It Off+1","Immolate+1","Fiend Fire","Shrug It Off+1","Heavy Blade+1","Shockwave+1","Headbutt+1","Corruption+1","Pummel+1"],"special_seed":0,"relics":["Burning Blood","NeowsBlessing","InkBottle","Ginger","Blue Candle","White Beast Statue","Runic Pyramid","Necronomicon","Orrery","Torii","Gremlin Horn","Omamori","Darkstone Periapt","Coffee Dripper","Bag of Preparation","Mercury Hourglass","Champion Belt","Shuriken","Nunchaku"],"potions_floor_usage":[16,16,16,18,24,33,33,33,50,50],"damage_taken":[{"damage":0.0,"enemies":"2 Louse","floor":1.0,"turns":1.0},{"damage":0.0,"enemies":"Small Slimes","floor":5.0,"turns":1.0},{"damage":0.0,"enemies":"Lagavulin","floor":6.0,"turns":1.0},{"damage":1.0,"enemies":"Cultist","floor":7.0,"turns":3.0},{"damage":20,"enemies":"3 Sentries","floor":8,"turns":6},{"damage":11,"enemies":"3 Louse","floor":10,"turns":2},{"damage":29,"enemies":"Gremlin Nob","floor":12,"turns":4},{"damage":11,"enemies":"Looter","floor":13,"turns":2},{"damage":54,"enemies":"The Guardian","floor":16,"turns":11},{"damage":8,"enemies":"2 Thieves","floor":18,"turns":3},{"damage":15,"enemies":"3 Byrds","floor":21,"turns":4},{"damage":55,"enemies":"Slavers","floor":24,"turns":4},{"damage":1,"enemies":"Gremlin Leader","floor":27,"turns":3},{"damage":87,"enemies":"Automaton","floor":33,"turns":7},{"damage":23,"enemies":"3 Darklings","floor":35,"turns":4},{"damage":35,"enemies":"3 Shapes","floor":36,"turns":4},{"damage":60,"enemies":"Sphere and 2 Shapes","floor":38,"turns":3},{"damage":22,"enemies":"Giant Head","floor":40,"turns":6},{"damage":1,"enemies":"Transient","floor":42,"turns":5},{"damage":1,"enemies":"Nemesis","floor":45,"turns":3},{"damage":8,"enemies":"3 Darklings","floor":46,"turns":4},{"damage":10,"enemies":"Giant Head","floor":47,"turns":4},{"damage":13,"enemies":"Writhing Mass","floor":48,"turns":2},{"damage":18,"enemies":"Awakened One","floor":50,"turns":5}],"seed_played":"-2209962394414593940","potions_obtained":[{"floor":5.0,"key":"Block Potion"},{"floor":6.0,"key":"ElixirPotion"},{"floor":12,"key":"EssenceOfSteel"},{"floor":13,"key":"Explosive Potion"},{"floor":16,"key":"FearPotion"},{"floor":18,"key":"BloodPotion"},{"floor":21,"key":"DuplicationPotion"},{"floor":24,"key":"EntropicBrew"},{"floor":27,"key":"LiquidBronze"},{"floor":33,"key":"Explosive Potion"},{"floor":35,"key":"Regen Potion"},{"floor":36,"key":"DuplicationPotion"},{"floor":42,"key":"Energy Potion"},{"floor":45,"key":"DuplicationPotion"}],"is_trial":false,"path_per_floor":["M","?","?","$","M","E","M","E","T","M","R","E","M","?","R","B",null,"M","?","?","M","$","R","E","T","T","E","R","?","R","?","R","B",null,"M","M","?","M","$","E","R","M","T","R","E","M","E","M","R","B",null],"character_chosen":"IRONCLAD","items_purchased":["Anger","Orrery","Bag of Preparation"],"campfire_rested":1,"item_purchase_floors":[4,22,39],"current_hp_per_floor":[78,78,78,78,80,80,80,66,66,61,61,38,33,33,57,9,62,60,44,44,58,58,58,50,50,50,80,80,65,65,65,65,28,71,54,57,57,84,84,70,70,81,81,81,85,85,85,85,85,73],"gold":216,"neow_bonus":"THREE_ENEMY_KILL","is_prod":false,"is_daily":false,"chose_seed":false,"campfire_upgraded":8,"win_rate":0,"timestamp":1569436155,"path_taken":["M","?","?","$","?","E","M","E","T","M","R","E","M","?","R","BOSS","M","?","?","M","$","R","E","?","T","E","R","?","R","?","R","BOSS","M","M","?","M","$","E","R","M","T","R","E","M","E","M","R","BOSS"],"build_version":"2019-09-24","purchased_purges":1,"victory":true,"max_hp_per_floor":[80,80,80,80,80,80,80,80,80,80,80,80,80,80,80,80,80,80,80,80,80,80,80,80,80,80,80,80,85,85,85,85,85,85,85,85,85,85,85,85,85,85,85,85,85,85,85,85,85,85],"card_choices":[{"not_picked":["Perfected Strike","Power Through"],"picked":"True Grit","floor":1.0},{"not_picked":["Perfected Strike","Body Slam"],"picked":"Anger","floor":5.0},{"not_picked":["Anger","Reckless Charge"],"picked":"Heavy Blade","floor":6.0},{"not_picked":["Dual Wield","Wild Strike"],"picked":"Cleave","floor":7.0},{"not_picked":["Whirlwind","Second Wind"],"picked":"Spot Weakness","floor":8},{"not_picked":["Rampage","Clash","Perfected Strike"],"picked":"SKIP","floor":10},{"not_picked":["Flex","Twin Strike","Wild Strike"],"picked":"SKIP","floor":12},{"not_picked":["Sword Boomerang","Anger"],"picked":"Carnage","floor":13},{"not_picked":["Demon Form","Dark Embrace"],"picked":"Reaper","floor":16},{"not_picked":["Twin Strike","Sword Boomerang"],"picked":"Metallicize","floor":18},{"not_picked":["Flex","Wild Strike","Sword Boomerang"],"picked":"SKIP","floor":21},{"not_picked":["Twin Strike","Cleave+1"],"picked":"Reaper","floor":22},{"not_picked":["Sword Boomerang","Intimidate"],"picked":"Iron Wave+1","floor":22},{"not_picked":["Perfected Strike","Anger"],"picked":"Whirlwind+1","floor":22},{"not_picked":["Shrug It Off","Berserk"],"picked":"Flame Barrier+1","floor":22},{"not_picked":["Armaments","Clash"],"picked":"Flex","floor":22},{"not_picked":["Bloodletting","Sentinel"],"picked":"Shrug It Off","floor":24},{"not_picked":["Power Through","Evolve"],"picked":"Immolate","floor":27},{"not_picked":["Berserk","Brutality"],"picked":"Fiend Fire","floor":33},{"not_picked":["Wild Strike","Anger"],"picked":"Shrug It Off+1","floor":35},{"not_picked":["True Grit","Perfected Strike+1"],"picked":"Heavy Blade+1","floor":36},{"not_picked":["Seeing Red+1","Dropkick"],"picked":"Shockwave+1","floor":38},{"not_picked":["Sword Boomerang+1","Iron Wave","Twin Strike+1"],"picked":"SKIP","floor":40},{"not_picked":["Clash+1","Uppercut"],"picked":"Headbutt+1","floor":42},{"not_picked":["Flex+1","Twin Strike"],"picked":"Corruption","floor":45},{"not_picked":["Whirlwind","Reckless Charge+1"],"picked":"Pummel+1","floor":46},{"not_picked":["Sever Soul+1","Pommel Strike","Berserk"],"picked":"SKIP","floor":47},{"not_picked":["Headbutt+1","Warcry","Cleave+1"],"picked":"SKIP","floor":48}],"player_experience":127792,"relics_obtained":[{"floor":6.0,"key":"InkBottle"},{"floor":8,"key":"Ginger"},{"floor":9,"key":"Blue Candle"},{"floor":12,"key":"White Beast Statue"},{"floor":19,"key":"Necronomicon"},{"floor":24,"key":"Torii"},{"floor":25,"key":"Gremlin Horn"},{"floor":26,"key":"Omamori"},{"floor":27,"key":"Darkstone Periapt"},{"floor":40,"key":"Mercury Hourglass"},{"floor":43,"key":"Champion Belt"},{"floor":45,"key":"Shuriken"},{"floor":47,"key":"Nunchaku"}],"event_choices":[{"cards_removed":["Strike_R"],"damage_healed":0.0,"max_hp_gain":0.0,"max_hp_loss":0.0,"gold_gain":0.0,"event_name":"The Cleric","player_choice":"Card Removal","floor":2.0,"gold_loss":50.0,"damage_taken":0.0},{"damage_healed":0.0,"max_hp_gain":0.0,"max_hp_loss":0.0,"gold_gain":0.0,"cards_transformed":["Strike_R"],"event_name":"Transmorgrifier","player_choice":"Transformed","floor":3.0,"gold_loss":0.0,"damage_taken":0.0,"cards_obtained":["Fiend Fire"]},{"damage_healed":0,"gold_gain":0,"player_choice":"Grow","damage_taken":0,"max_hp_gain":0,"max_hp_loss":0,"event_name":"Living Wall","floor":14,"gold_loss":0,"cards_upgraded":["True Grit"]},{"damage_healed":0,"gold_gain":0,"player_choice":"Obtained Book","damage_taken":16,"max_hp_gain":0,"max_hp_loss":0,"event_name":"Cursed Tome","floor":19,"gold_loss":0},{"cards_removed":["Strike_R"],"damage_healed":0,"gold_gain":0,"player_choice":"Gave Gold","damage_taken":0,"max_hp_gain":0,"max_hp_loss":0,"event_name":"Beggar","floor":20,"gold_loss":75},{"damage_healed":0,"gold_gain":0,"player_choice":"Shed Blood","damage_taken":20,"max_hp_gain":5,"max_hp_loss":0,"event_name":"Forgotten Altar","floor":29,"gold_loss":0},{"damage_healed":0,"gold_gain":0,"player_choice":"Ignored","damage_taken":0,"max_hp_gain":0,"max_hp_loss":0,"event_name":"Vampires","floor":31,"gold_loss":0},{"cards_removed":["Metallicize"],"damage_healed":0,"gold_gain":0,"player_choice":"Removed Power","damage_taken":0,"max_hp_gain":0,"max_hp_loss":0,"event_name":"Falling","floor":37,"gold_loss":0}],"is_beta":true,"boss_relics":[{"not_picked":["Mark of Pain","Tiny House"],"picked":"Runic Pyramid"},{"not_picked":["Fusion Hammer","Snecko Eye"],"picked":"Coffee Dripper"}],"items_purged_floors":[22],"is_endless":false,"potions_floor_spawned":[5,6,12,13,16,18,21,24,27,33,35,36,38,40,42,45,46,47,48],"ascension_level":8}