{"gold_per_floor":[113,129,144,161,181,212,287,287,287,287,304,304,332,57,57,158,158,178,278,290,290,305,305,338,338,338,351,365,379,390,405,405,503,503,516,516,96,115,125,125,137,137,137,137,148,148,178,195,195,195],"floor_reached":51,"playtime":4194,"items_purged":["Strike_G","Defend_G"],"score":765,"play_id":"744332b7-3637-489c-ad43-427152151f97","local_time":"20190128152416","is_ascension_mode":false,"campfire_choices":[{"data":"Footwork","floor":8.0,"key":"SMITH"},{"data":"Leg Sweep","floor":10.0,"key":"SMITH"},{"data":"Neutralize","floor":12.0,"key":"SMITH"},{"floor":15.0,"key":"REST"},{"data":"Adrenaline","floor":23.0,"key":"SMITH"},{"data":"Backflip","floor":25.0,"key":"SMITH"},{"floor":32,"key":"REST"},{"data":"Die Die Die","floor":40,"key":"SMITH"},{"data":"Crippling Poison","floor":42,"key":"SMITH"},{"data":"Bouncing Flask","floor":49,"key":"SMITH"}],"neow_cost":"NONE","seed_source_timestamp":0,"circlet_count":0,"master_deck":["Defend_G","Defend_G","Defend_G","Strike_G","Strike_G+1","Strike_G","Strike_G+1","Survivor","Neutralize+1","Footwork+1","Backflip+1","Dash","Corpse Explosion","Leg Sweep+1","Cloak And Dagger","A Thousand Cuts+1","Backflip","Die Die Die+1","Deadly Poison","Apotheosis","Deadly Poison+1","Crippling Poison+1","Iron Wave","Adrenaline","Bouncing Flask+1"],"special_seed":0,"relics":["Ring of the Snake","Ninja Scroll","Bottled Lightning","Shuriken","Pen Nib","Snecko Eye","Whetstone","Paper Crane","HoveringKite","Centennial Puzzle","Blue Candle","Ancient Tea Set"],"potions_floor_usage":[33,33,50],"damage_taken":[{"damage":0.0,"enemies":"Jaw Worm","floor":1.0,"turns":8.0},{"damage":0.0,"enemies":"Small Slimes","floor":2.0,"turns":3.0},{"damage":0.0,"enemies":"Cultist","floor":3.0,"turns":5.0},{"damage":4.0,"enemies":"Large Slime","floor":4.0,"turns":7.0},{"damage":0.0,"enemies":"Lots of Slimes","floor":5.0,"turns":10.0},{"damage":11.0,"enemies":"Gremlin Nob","floor":6.0,"turns":3.0},{"damage":4.0,"enemies":"Blue Slaver","floor":11.0,"turns":3.0},{"damage":0.0,"enemies":"3 Sentries","floor":13.0,"turns":4.0},{"damage":13.0,"enemies":"The Guardian","floor":16.0,"turns":17.0},{"damage":0.0,"enemies":"2 Thieves","floor":18.0,"turns":3.0},{"damage":5.0,"enemies":"3 Byrds","floor":20.0,"turns":4.0},{"damage":1.0,"enemies":"Shelled Parasite and Fungi","floor":22.0,"turns":4.0},{"damage":0.0,"enemies":"Book of Stabbing","floor":24.0,"turns":6.0},{"damage":4,"enemies":"Chosen and Byrds","floor":27,"turns":8},{"damage":0,"enemies":"Snake Plant","floor":28,"turns":4},{"damage":0,"enemies":"Shelled Parasite and Fungi","floor":29,"turns":3},{"damage":1,"enemies":"Centurion and Healer","floor":30,"turns":5},{"damage":2,"enemies":"Snecko","floor":31,"turns":4},{"damage":29,"enemies":"Champ","floor":33,"turns":11},{"damage":0,"enemies":"Orb Walker","floor":35,"turns":3},{"damage":3,"enemies":"3 Shapes","floor":38,"turns":1},{"damage":0,"enemies":"Jaw Worm Horde","floor":39,"turns":2},{"damage":0,"enemies":"Spire Growth","floor":41,"turns":4},{"damage":0,"enemies":"4 Shapes","floor":45,"turns":3},{"damage":2,"enemies":"Nemesis","floor":47,"turns":7},{"damage":0,"enemies":"Jaw Worm Horde","floor":48,"turns":2},{"damage":16,"enemies":"Donu and Deca","floor":50,"turns":6}],"seed_played":"-3857094062021766604","potions_obtained":[{"floor":2.0,"key":"SteroidPotion"},{"floor":4.0,"key":"AttackPotion"},{"floor":6.0,"key":"EssenceOfSteel"},{"floor":11.0,"key":"AttackPotion"},{"floor":13.0,"key":"Block Potion"},{"floor":20.0,"key":"LiquidBronze"},{"floor":27,"key":"Poison Potion"},{"floor":28,"key":"Fire Potion"},{"floor":33,"key":"AttackPotion"},{"floor":35,"key":"GamblersBrew"}],"is_trial":false,"path_per_floor":["M","M","M","M","M","E","?","R","T","R","M","R","E","$","R","B",null,"M","?","M","?","M","R","E","R","T","M","M","M","M","M","R","B",null,"M","?","$","M","M","R","M","R","T","?","M","?","E","M","R","B",null],"character_chosen":"THE_SILENT","items_purchased":["Pen Nib","Cloak And Dagger","Apotheosis","Centennial Puzzle"],"campfire_rested":2,"item_purchase_floors":[14,14,37,37],"current_hp_per_floor":[77,77,77,73,73,62,51,51,51,51,47,47,47,47,70,57,77,77,77,72,72,71,71,71,71,71,67,67,67,66,64,77,48,77,77,77,77,74,74,74,74,74,74,74,74,87,85,85,85,69],"gold":195,"neow_bonus":"TEN_PERCENT_HP_BONUS","is_prod":false,"is_daily":false,"chose_seed":false,"campfire_upgraded":8,"win_rate":0,"timestamp":1548707056,"path_taken":["M","M","M","M","M","E","?","R","T","R","M","R","E","$","R","BOSS","M","?","?","?","M","R","E","R","T","M","M","M","?","M","R","BOSS","M","?","$","M","M","R","M","R","T","?","?","?","E","M","R","BOSS"],"build_version":"2019-01-23","purchased_purges":2,"victory":true,"max_hp_per_floor":[77,77,77,77,77,77,77,77,77,77,77,77,77,77,77,77,77,77,77,77,77,77,77,77,77,77,77,77,77,77,77,77,77,77,77,77,77,77,77,77,77,77,77,77,77,87,87,87,87,87],"card_choices":[{"not_picked":["Bane","Prepared"],"picked":"Footwork","floor":1.0},{"not_picked":["Blade Dance","Dodge and Roll"],"picked":"Backflip","floor":2.0},{"not_picked":["Bane","Dagger Spray","Blade Dance"],"picked":"SKIP","floor":3.0},{"not_picked":["Terror","Finisher"],"picked":"Dash","floor":4.0},{"not_picked":["Deflect","Blade Dance"],"picked":"Corpse Explosion","floor":5.0},{"not_picked":["PiercingWail","Predator"],"picked":"Leg Sweep","floor":6.0},{"not_picked":["Finisher","Infinite Blades","Acrobatics"],"picked":"SKIP","floor":11.0},{"not_picked":["Deflect","Distraction"],"picked":"Adrenaline","floor":13.0},{"not_picked":["Doppelganger","Tools of the Trade"],"picked":"A Thousand Cuts","floor":16.0},{"not_picked":["Calculated Gamble","Infinite Blades"],"picked":"Backflip","floor":18.0},{"not_picked":["Slice+1","Choke+1","Flying Knee"],"picked":"SKIP","floor":20.0},{"not_picked":["Dagger Throw+1","Skewer+1","Endless Agony"],"picked":"SKIP","floor":22.0},{"not_picked":["Riddle With Holes","Sucker Punch+1","Cloak And Dagger+1"],"picked":"SKIP","floor":24.0},{"not_picked":["Setup","Blade Dance","Poisoned Stab"],"picked":"SKIP","floor":27},{"not_picked":["Dagger Spray","All Out Attack","Underhanded Strike"],"picked":"SKIP","floor":28},{"not_picked":["Slice+1","Expertise+1"],"picked":"Die Die Die","floor":29},{"not_picked":["Accuracy","Infinite Blades+1","Finisher"],"picked":"SKIP","floor":30},{"not_picked":["Backflip+1","Choke"],"picked":"Deadly Poison","floor":31},{"not_picked":["Unload","Glass Knife"],"picked":"Phantasmal Killer","floor":33},{"not_picked":["Poisoned Stab","Sucker Punch","Dagger Throw+1"],"picked":"SKIP","floor":35},{"not_picked":["Skewer","Endless Agony","Bane"],"picked":"SKIP","floor":38},{"not_picked":["Setup","Prepared"],"picked":"Deadly Poison+1","floor":39},{"not_picked":["Predator+1","Infinite Blades+1"],"picked":"Crippling Poison","floor":41},{"not_picked":["Backflip+1","PiercingWail+1","Quick Slash+1"],"picked":"SKIP","floor":45},{"not_picked":["Dash+1","Setup+1"],"picked":"Adrenaline","floor":47},{"not_picked":["Backflip+1","Calculated Gamble"],"picked":"Bouncing Flask","floor":48}],"player_experience":130294,"relics_obtained":[{"floor":6.0,"key":"Ninja Scroll"},{"floor":9.0,"key":"Bottled Lightning"},{"floor":13.0,"key":"Shuriken"},{"floor":24.0,"key":"Whetstone"},{"floor":26,"key":"Paper Crane"},{"floor":43,"key":"Blue Candle"},{"floor":47,"key":"Ancient Tea Set"}],"event_choices":[{"damage_healed":0.0,"max_hp_gain":0.0,"max_hp_loss":0.0,"gold_gain":75.0,"event_name":"World of Goop","player_choice":"Gather Gold","floor":7.0,"gold_loss":0.0,"damage_taken":11.0},{"damage_healed":0.0,"max_hp_gain":0.0,"max_hp_loss":0.0,"gold_gain":100.0,"event_name":"Golden Shrine","player_choice":"Pray","floor":19.0,"gold_loss":0.0,"damage_taken":0.0},{"damage_healed":0.0,"max_hp_gain":0.0,"max_hp_loss":0.0,"gold_gain":0.0,"event_name":"Upgrade Shrine","player_choice":"Upgraded","floor":21.0,"gold_loss":0.0,"damage_taken":0.0,"cards_upgraded":["A Thousand Cuts"]},{"cards_removed":["Defend_G"],"damage_healed":0,"gold_gain":0,"player_choice":"Removed Skill","damage_taken":0,"max_hp_gain":0,"max_hp_loss":0,"event_name":"Falling","floor":36,"gold_loss":0},{"cards_removed":["Adrenaline"],"damage_healed":0,"gold_gain":0,"player_choice":"Took Card","damage_taken":0,"max_hp_gain":0,"max_hp_loss":0,"event_name":"NoteForYourself","floor":44,"gold_loss":0,"cards_obtained":["Iron Wave"]},{"cards_removed":["Phantasmal Killer"],"damage_healed":3,"gold_gain":0,"player_choice":"Offered Rare","damage_taken":0,"max_hp_gain":10,"max_hp_loss":0,"event_name":"Bonfire Elementals","floor":46,"gold_loss":0}],"is_beta":false,"boss_relics":[{"not_picked":["White Beast Statue","Black Star"],"picked":"Snecko Eye"},{"not_picked":["Pandora\u0027s Box","Tiny House"],"picked":"HoveringKite"}],"items_purged_floors":[14,37],"is_endless":false,"potions_floor_spawned":[2,4,6,11,13,20,27,28,31,33,35,38,47],"ascension_level":0}