{"gold_per_floor":[109,125,138,213,223,223,250,250,325,325,92,117,132,160,160,264,264,278,278,293,35,45,58,58,74,74,74,92,109,109,121,121,219,219,229,241,241,260,135,163,176,176,176,188,215,232,232,242,242,242],"floor_reached":51,"playtime":6339,"items_purged":["Strike_R","Strike_R","Strike_R"],"score":796,"play_id":"10e02eeb-146f-426e-94f2-7d3846a13395","local_time":"20191011005046","is_ascension_mode":true,"campfire_choices":[{"floor":6.0,"key":"REST"},{"data":"1","floor":8.0,"key":"LIFT"},{"floor":10.0,"key":"REST"},{"data":"Bash","floor":15.0,"key":"SMITH"},{"data":"2","floor":24.0,"key":"LIFT"},{"data":"Rampage","floor":30.0,"key":"SMITH"},{"data":"3","floor":32.0,"key":"LIFT"},{"floor":42.0,"key":"REST"},{"floor":47.0,"key":"REST"},{"floor":49,"key":"REST"}],"neow_cost":"NONE","seed_source_timestamp":103453594959839,"circlet_count":0,"master_deck":["Strike_R","Strike_R","Defend_R","Defend_R","Defend_R","Defend_R","Bash+1","Thunderclap","Flash of Steel","Reaper","True Grit","Feed","Rampage+1","Dual Wield","Madness","Madness"],"special_seed":0,"relics":["Busted Crown","Girya","Self Forming Clay","Omamori","Turnip","Runic Pyramid","Mercury Hourglass","Fusion Hammer","Dodecahedron","Frozen Egg 2","Meat on the Bone"],"potions_floor_usage":[50,50,50],"damage_taken":[{"damage":3.0,"enemies":"Jaw Worm","floor":1.0,"turns":3.0},{"damage":0.0,"enemies":"Small Slimes","floor":2.0,"turns":3.0},{"damage":0.0,"enemies":"Cultist","floor":3.0,"turns":3.0},{"damage":17.0,"enemies":"Gremlin Gang","floor":5.0,"turns":6.0},{"damage":38.0,"enemies":"3 Sentries","floor":7.0,"turns":11.0},{"damage":23.0,"enemies":"Lagavulin","floor":12.0,"turns":5.0},{"damage":2.0,"enemies":"Blue Slaver","floor":13.0,"turns":3.0},{"damage":14.0,"enemies":"3 Sentries","floor":14.0,"turns":8.0},{"damage":21.0,"enemies":"Hexaghost","floor":16.0,"turns":7.0},{"damage":19.0,"enemies":"2 Thieves","floor":18.0,"turns":4.0},{"damage":2.0,"enemies":"Shell Parasite","floor":20.0,"turns":12.0},{"damage":31.0,"enemies":"Shelled Parasite and Fungi","floor":22.0,"turns":13.0},{"damage":10.0,"enemies":"Cultist and Chosen","floor":23.0,"turns":8.0},{"damage":15.0,"enemies":"Centurion and Healer","floor":25.0,"turns":5.0},{"damage":6.0,"enemies":"3 Cultists","floor":28.0,"turns":4.0},{"damage":0.0,"enemies":"Cultist and Chosen","floor":29.0,"turns":5.0},{"damage":15.0,"enemies":"Centurion and Healer","floor":31.0,"turns":5.0},{"damage":49.0,"enemies":"Automaton","floor":33.0,"turns":9.0},{"damage":16.0,"enemies":"3 Darklings","floor":35.0,"turns":6.0},{"damage":5.0,"enemies":"Orb Walker","floor":36.0,"turns":3.0},{"damage":9.0,"enemies":"3 Darklings","floor":38.0,"turns":5.0},{"damage":55.0,"enemies":"Reptomancer","floor":40.0,"turns":6.0},{"damage":26.0,"enemies":"4 Shapes","floor":41.0,"turns":6.0},{"damage":34.0,"enemies":"Spire Growth","floor":44.0,"turns":5.0},{"damage":14.0,"enemies":"Nemesis","floor":45.0,"turns":5.0},{"damage":36.0,"enemies":"Jaw Worm Horde","floor":46.0,"turns":4.0},{"damage":24,"enemies":"Sphere and 2 Shapes","floor":48,"turns":7},{"damage":54,"enemies":"Awakened One","floor":50,"turns":7}],"seed_played":"-706901586680911785","potions_obtained":[{"floor":1.0,"key":"SpeedPotion"},{"floor":3.0,"key":"BloodPotion"},{"floor":14.0,"key":"AttackPotion"},{"floor":16.0,"key":"GamblersBrew"},{"floor":20.0,"key":"Regen Potion"},{"floor":28.0,"key":"LiquidBronze"},{"floor":31.0,"key":"SpeedPotion"},{"floor":33.0,"key":"PowerPotion"},{"floor":35.0,"key":"SteroidPotion"},{"floor":44.0,"key":"GamblersBrew"},{"floor":45.0,"key":"BloodPotion"},{"floor":48,"key":"SteroidPotion"}],"is_trial":false,"path_per_floor":["M","M","M","?","M","R","E","R","T","R","$","E","M","E","R","B",null,"M","?","M","$","M","M","R","M","T","$","M","M","R","M","R","B",null,"M","M","?","M","$","E","M","R","T","M","E","M","R","M","R","B",null],"character_chosen":"IRONCLAD","items_purchased":["Flash of Steel","LiquidBronze","Feed"],"campfire_rested":5,"item_purchase_floors":[11,11,21],"current_hp_per_floor":[77,77,77,66,49,73,35,35,35,59,59,36,34,40,40,19,80,73,58,56,56,50,55,55,55,55,55,70,85,85,85,85,57,106,109,112,98,115,115,72,80,117,117,106,95,82,123,119,145,145],"gold":242,"neow_bonus":"BOSS_RELIC","is_prod":false,"is_daily":false,"chose_seed":false,"campfire_upgraded":2,"win_rate":0,"timestamp":1570769446,"path_taken":["M","M","M","?","M","R","E","R","T","R","$","E","M","E","R","BOSS","M","?","M","$","M","M","R","M","T","$","M","M","R","M","R","BOSS","M","M","?","M","$","E","M","R","T","M","E","M","R","M","R","BOSS"],"build_version":"2019-07-17","purchased_purges":3,"victory":true,"max_hp_per_floor":[80,80,80,80,80,80,80,80,80,80,80,80,80,80,80,80,80,80,85,85,85,88,91,91,94,94,94,97,100,100,103,103,106,106,109,112,112,115,115,118,124,124,124,127,130,139,139,145,145,148],"card_choices":[{"not_picked":["Rage"],"picked":"SKIP","floor":1.0},{"not_picked":["Sword Boomerang"],"picked":"SKIP","floor":2.0},{"not_picked":["Second Wind"],"picked":"SKIP","floor":3.0},{"not_picked":["Clothesline"],"picked":"SKIP","floor":5.0},{"not_picked":[],"picked":"Thunderclap","floor":7.0},{"not_picked":["Clash"],"picked":"SKIP","floor":12.0},{"not_picked":["Armaments"],"picked":"SKIP","floor":13.0},{"not_picked":["Infernal Blade"],"picked":"SKIP","floor":14.0},{"not_picked":[],"picked":"Reaper","floor":16.0},{"not_picked":[],"picked":"True Grit","floor":18.0},{"not_picked":["Shrug It Off"],"picked":"SKIP","floor":20.0},{"not_picked":["Sword Boomerang"],"picked":"SKIP","floor":22.0},{"not_picked":["Clothesline"],"picked":"SKIP","floor":23.0},{"not_picked":["Clash"],"picked":"SKIP","floor":25.0},{"not_picked":["Heavy Blade+1"],"picked":"SKIP","floor":28.0},{"not_picked":[],"picked":"Rampage","floor":29.0},{"not_picked":[],"picked":"Dual Wield","floor":31.0},{"not_picked":["Whirlwind+1"],"picked":"SKIP","floor":35.0},{"not_picked":["Rupture+1"],"picked":"SKIP","floor":36.0},{"not_picked":["Warcry"],"picked":"SKIP","floor":38.0},{"not_picked":["Thunderclap+1"],"picked":"SKIP","floor":40.0},{"not_picked":["Iron Wave"],"picked":"SKIP","floor":41.0},{"not_picked":["Perfected Strike"],"picked":"SKIP","floor":44.0},{"not_picked":["Headbutt"],"picked":"SKIP","floor":45.0},{"not_picked":["Combust+1"],"picked":"SKIP","floor":46.0},{"not_picked":["Pommel Strike+1"],"picked":"SKIP","floor":48}],"player_experience":743388,"relics_obtained":[{"floor":7.0,"key":"Girya"},{"floor":9.0,"key":"Self Forming Clay"},{"floor":12.0,"key":"Omamori"},{"floor":14.0,"key":"Turnip"},{"floor":26.0,"key":"Mercury Hourglass"},{"floor":40.0,"key":"Dodecahedron"},{"floor":43.0,"key":"Frozen Egg 2"},{"floor":45.0,"key":"Meat on the Bone"}],"event_choices":[{"damage_healed":0.0,"max_hp_gain":0.0,"max_hp_loss":0.0,"gold_gain":75.0,"event_name":"World of Goop","player_choice":"Gather Gold","floor":4.0,"gold_loss":0.0,"damage_taken":11.0},{"damage_healed":0.0,"max_hp_gain":5.0,"max_hp_loss":0.0,"gold_gain":0.0,"event_name":"Forgotten Altar","player_choice":"Shed Blood","floor":19.0,"gold_loss":0.0,"damage_taken":20.0},{"damage_healed":0.0,"max_hp_gain":0.0,"max_hp_loss":0.0,"gold_gain":0.0,"event_name":"Winding Halls","player_choice":"Embrace Madness","floor":37.0,"gold_loss":0.0,"damage_taken":14.0,"cards_obtained":["Madness","Madness"]}],"is_beta":false,"boss_relics":[{"not_picked":["White Beast Statue","Pandora\u0027s Box"],"picked":"Runic Pyramid"},{"not_picked":["Tiny House","Runic Cube"],"picked":"Fusion Hammer"}],"items_purged_floors":[11,21,39],"is_endless":false,"potions_floor_spawned":[1,3,14,16,20,28,31,33,35,44,45,48],"ascension_level":1}