{"gold_per_floor":[116,116,130,145,163,194,194,220,266,277,277],"floor_reached":11,"playtime":597,"items_purged":[],"score":153,"play_id":"384baeee-a2b7-4a7f-9a32-7201529fa600","local_time":"20190616171042","is_ascension_mode":true,"campfire_choices":[{"data":"Infernal Blade","floor":7,"key":"SMITH"}],"neow_cost":"NONE","seed_source_timestamp":102210927145850,"circlet_count":0,"master_deck":["AscendersBane","Strike_R","Strike_R","Strike_R","Strike_R","Strike_R","Defend_R","Defend_R","Defend_R","Defend_R","Bash","Double Tap","Infernal Blade+1","Shockwave","Ghostly Armor","Intimidate","Metallicize","Infernal Blade+1"],"relics":["Burning Blood","Lantern","Toxic Egg 2","Regal Pillow"],"potions_floor_usage":[10,10],"damage_taken":[{"damage":4,"enemies":"Small Slimes","floor":1,"turns":5},{"damage":1,"enemies":"Cultist","floor":3,"turns":3},{"damage":4,"enemies":"Jaw Worm","floor":4,"turns":3},{"damage":9,"enemies":"2 Fungi Beasts","floor":5,"turns":2},{"damage":27,"enemies":"Gremlin Nob","floor":6,"turns":4},{"damage":49,"enemies":"3 Sentries","floor":8,"turns":12},{"damage":6,"enemies":"Lots of Slimes","floor":10,"turns":5},{"damage":10,"enemies":"Gremlin Nob","floor":11,"turns":3}],"seed_played":"33101320112345592","potions_obtained":[{"floor":3,"key":"Swift Potion"},{"floor":5,"key":"Ancient Potion"},{"floor":6,"key":"AttackPotion"}],"is_trial":false,"path_per_floor":["M","?","M","M","M","E","R","E","T","M","E"],"character_chosen":"IRONCLAD","items_purchased":[],"campfire_rested":0,"item_purchase_floors":[],"current_hp_per_floor":[70,75,80,80,77,56,56,13,13,13,3],"gold":277,"neow_bonus":"ONE_RANDOM_RARE_CARD","is_prod":false,"is_daily":false,"chose_seed":false,"campfire_upgraded":1,"win_rate":0,"timestamp":1560723042,"path_taken":["M","?","M","M","M","E","R","E","T","M","E"],"build_version":"2019-01-23","purchased_purges":0,"victory":false,"max_hp_per_floor":[75,80,80,80,80,80,80,80,80,80,80],"card_choices":[{"not_picked":["Anger","Flex"],"picked":"Infernal Blade","floor":1},{"not_picked":["Pummel","Clash"],"picked":"Shockwave","floor":3},{"not_picked":["Warcry","Shockwave","Blood for Blood"],"picked":"SKIP","floor":4},{"not_picked":["Dual Wield","Flex"],"picked":"Ghostly Armor","floor":5},{"not_picked":["Pummel","Reckless Charge"],"picked":"Intimidate","floor":6},{"not_picked":["Second Wind","Pummel"],"picked":"Metallicize","floor":8},{"not_picked":["Metallicize","Bloodletting+1"],"picked":"Infernal Blade+1","floor":10}],"player_experience":586548,"relics_obtained":[{"floor":6,"key":"Lantern"},{"floor":8,"key":"Toxic Egg 2"},{"floor":9,"key":"Regal Pillow"}],"event_choices":[{"damage_healed":0,"gold_gain":0,"player_choice":"Donut","damage_taken":0,"max_hp_gain":5,"max_hp_loss":0,"event_name":"Big Fish","floor":2,"gold_loss":0}],"is_beta":false,"boss_relics":[],"items_purged_floors":[],"is_endless":false,"potions_floor_spawned":[3,5,6],"killed_by":"Gremlin Nob","ascension_level":16}