{"gold_per_floor":[366,381,237,237,254,254,281,281,281,281,281,145,161,161,161,161],"floor_reached":16,"playtime":509,"items_purged":["Normality","Strike_B"],"score":152,"play_id":"a096c053-1edd-47ba-93da-84304bf39ce0","local_time":"20190208204055","is_ascension_mode":true,"campfire_choices":[{"data":"Loop","floor":6,"key":"SMITH"},{"data":"Static Discharge","floor":8,"key":"SMITH"},{"data":"Zap","floor":10,"key":"SMITH"},{"floor":15,"key":"REST"}],"neow_cost":"CURSE","seed_source_timestamp":14113715071177,"circlet_count":0,"master_deck":["AscendersBane","Strike_B","Strike_B","Strike_B","Defend_B","Defend_B","Defend_B","Defend_B","Zap+1","Dualcast","Cold Snap+1","Auto Shields+1","Loop+1","Static Discharge+1","Heatsinks","Core Surge"],"relics":["Cracked Core","Question Card","Pear","Calipers","Letter Opener"],"potions_floor_usage":[7,7],"damage_taken":[{"damage":7,"enemies":"Jaw Worm","floor":1,"turns":3},{"damage":7,"enemies":"2 Louse","floor":2,"turns":3},{"damage":0,"enemies":"Cultist","floor":5,"turns":3},{"damage":14,"enemies":"Gremlin Nob","floor":7,"turns":4},{"damage":10,"enemies":"Red Slaver","floor":13,"turns":3},{"damage":42,"enemies":"Slime Boss","floor":16,"turns":10}],"seed_played":"3957958401258012221","potions_obtained":[{"floor":1,"key":"SteroidPotion"},{"floor":5,"key":"Explosive Potion"}],"is_trial":false,"path_per_floor":["M","M","$","?","M","R","E","R","T","R","?","$","M","?","R","B"],"character_chosen":"DEFECT","items_purchased":["Loop","Heatsinks"],"campfire_rested":1,"item_purchase_floors":[3,12],"current_hp_per_floor":[61,54,54,39,39,39,25,25,35,35,23,23,13,13,38,0],"gold":161,"neow_bonus":"TWO_FIFTY_GOLD","is_prod":false,"is_daily":false,"chose_seed":false,"campfire_upgraded":3,"win_rate":0,"timestamp":1549680055,"path_taken":["M","M","$","?","M","R","E","R","T","R","?","$","M","?","R","BOSS"],"build_version":"2019-01-23","purchased_purges":2,"victory":false,"max_hp_per_floor":[75,75,75,75,75,75,75,75,85,85,85,85,85,85,85,85],"card_choices":[{"not_picked":["Auto Shields","Hologram"],"picked":"Cold Snap","floor":1},{"not_picked":["Rebound","Storm"],"picked":"Auto Shields","floor":2},{"not_picked":["Barrage","Doom and Gloom"],"picked":"Cold Snap","floor":5},{"not_picked":["Steam Power","Redo"],"picked":"Static Discharge","floor":7},{"not_picked":["Ball Lightning","Redo","Streamline"],"picked":"Core Surge","floor":13}],"player_experience":501769,"relics_obtained":[{"floor":7,"key":"Question Card"},{"floor":9,"key":"Pear"}],"event_choices":[{"damage_healed":0,"gold_gain":0,"player_choice":"Entered Light","damage_taken":15,"max_hp_gain":0,"max_hp_loss":0,"event_name":"Shining Light","floor":4,"gold_loss":0,"cards_upgraded":["Auto Shields","Cold Snap"]},{"damage_healed":0,"gold_gain":0,"player_choice":"Success","damage_taken":12,"relics_obtained":["Calipers"],"max_hp_gain":0,"max_hp_loss":0,"event_name":"Scrap Ooze","floor":11,"gold_loss":0},{"cards_removed":["Cold Snap"],"damage_healed":0,"gold_gain":0,"player_choice":"Gave Card","damage_taken":0,"relics_obtained":["Letter Opener"],"max_hp_gain":0,"max_hp_loss":0,"event_name":"WeMeetAgain","floor":14,"gold_loss":0}],"is_beta":false,"boss_relics":[],"items_purged_floors":[3,12],"is_endless":false,"potions_floor_spawned":[1,5],"killed_by":"Slime Boss","ascension_level":11}