{"gold_per_floor":[117,137,212,222,222,222,253,253,322,339,339,353,385,166,166,271,271,285,32,132,148,163,163,191,203,203,203,203,218,229,239,239,344,344,363,383,395,411,110,110,110,123,123,123,158,176,0,20,20,20],"floor_reached":51,"playtime":2974,"items_purged":["Strike_G","Strike_G"],"score":1130,"play_id":"8d6e283d-f729-4368-b2fe-dfcfaf53045e","local_time":"20190208215030","is_ascension_mode":true,"campfire_choices":[{"data":"Neutralize","floor":6,"key":"SMITH"},{"floor":8,"key":"REST"},{"data":"1","floor":15,"key":"LIFT"},{"data":"Cloak And Dagger","floor":23,"key":"SMITH"},{"floor":28,"key":"REST"},{"data":"2","floor":32,"key":"LIFT"},{"data":"Cloak And Dagger","floor":40,"key":"SMITH"},{"data":"Bullet Time","floor":44,"key":"SMITH"},{"floor":49,"key":"REST"}],"neow_cost":"PERCENT_DAMAGE","seed_source_timestamp":15810674500271,"circlet_count":0,"master_deck":["AscendersBane","Defend_G","Defend_G","Defend_G","Defend_G","Defend_G","Strike_G","Strike_G","Survivor","Neutralize+1","Dagger Throw","Poisoned Stab","Dash","Dagger Throw","PiercingWail","Backflip","Die Die Die","Adrenaline+1","Crippling Poison","Die Die Die","Blade Dance+1","Cloak And Dagger+1","Terror+1","Blade Dance+1","Bullet Time+1","Outmaneuver+1","Cloak And Dagger+1","Outmaneuver+1","Terror+1"],"relics":["Ring of the Snake","Dead Branch","Bag of Preparation","Shuriken","Girya","Cursed Key","Letter Opener","Black Star","Anchor","Happy Flower","Molten Egg 2","Potion Belt","Red Mask"],"potions_floor_usage":[45,50],"damage_taken":[{"damage":3,"enemies":"Jaw Worm","floor":1,"turns":8},{"damage":0,"enemies":"2 Louse","floor":2,"turns":3},{"damage":0,"enemies":"Small Slimes","floor":4,"turns":3},{"damage":18,"enemies":"Lagavulin","floor":7,"turns":8},{"damage":1,"enemies":"Blue Slaver","floor":10,"turns":3},{"damage":5,"enemies":"Red Slaver","floor":12,"turns":4},{"damage":10,"enemies":"3 Sentries","floor":13,"turns":7},{"damage":7,"enemies":"Hexaghost","floor":16,"turns":12},{"damage":0,"enemies":"Spheric Guardian","floor":18,"turns":2},{"damage":8,"enemies":"2 Thieves","floor":21,"turns":2},{"damage":0,"enemies":"3 Cultists","floor":22,"turns":3},{"damage":0,"enemies":"Gremlin Leader","floor":24,"turns":2},{"damage":2,"enemies":"Snecko","floor":25,"turns":3},{"damage":0,"enemies":"Cultist and Chosen","floor":29,"turns":4},{"damage":0,"enemies":"Centurion and Healer","floor":30,"turns":2},{"damage":0,"enemies":"Chosen and Byrds","floor":31,"turns":4},{"damage":25,"enemies":"Collector","floor":33,"turns":5},{"damage":0,"enemies":"3 Darklings","floor":35,"turns":2},{"damage":2,"enemies":"3 Shapes","floor":36,"turns":3},{"damage":1,"enemies":"Writhing Mass","floor":37,"turns":4},{"damage":11,"enemies":"Jaw Worm Horde","floor":38,"turns":2},{"damage":0,"enemies":"4 Shapes","floor":42,"turns":2},{"damage":1,"enemies":"Nemesis","floor":45,"turns":7},{"damage":0,"enemies":"Sphere and 2 Shapes","floor":46,"turns":2},{"damage":8,"enemies":"Spire Growth","floor":48,"turns":3},{"damage":1,"enemies":"Donu and Deca","floor":50,"turns":4}],"seed_played":"-1908265010763651721","potions_obtained":[{"floor":12,"key":"GhostInAJar"},{"floor":16,"key":"SkillPotion"},{"floor":31,"key":"Energy Potion"},{"floor":46,"key":"FearPotion"},{"floor":48,"key":"EssenceOfSteel"}],"is_trial":false,"path_per_floor":["M","M","?","M","?","R","E","R","T","M","?","M","E","$","R","B",null,"M","$","?","M","M","R","E","M","T","?","R","M","M","M","R","B",null,"M","M","M","M","$","R","?","M","T","R","E","M","?","M","R","B",null],"character_chosen":"THE_SILENT","items_purchased":["Die Die Die","Die Die Die","Anchor","Happy Flower"],"campfire_rested":3,"item_purchase_floors":[14,19,39,39],"current_hp_per_floor":[42,42,31,31,54,54,36,57,57,56,49,44,34,34,34,27,59,59,59,59,51,51,51,51,49,49,49,70,70,70,70,70,45,64,64,62,61,50,50,50,50,50,50,50,49,49,49,41,62,61],"gold":20,"neow_bonus":"ONE_RARE_RELIC","is_prod":false,"is_daily":false,"chose_seed":false,"campfire_upgraded":4,"win_rate":0,"timestamp":1549684230,"path_taken":["M","M","?","M","?","R","E","R","T","M","?","M","E","$","R","BOSS","M","$","?","M","M","R","E","?","T","?","R","M","M","M","R","BOSS","M","M","?","?","$","R","?","M","T","R","E","M","?","M","R","BOSS"],"build_version":"2019-01-23","purchased_purges":2,"victory":true,"max_hp_per_floor":[70,70,70,70,70,70,70,70,70,70,70,70,70,70,70,70,70,70,70,70,70,70,70,70,70,70,70,70,70,70,70,70,70,70,70,70,70,70,70,70,70,70,70,70,70,70,70,70,70,70],"card_choices":[{"not_picked":["Sucker Punch","Bane"],"picked":"Dagger Throw","floor":1},{"not_picked":["Deadly Poison","Escape Plan"],"picked":"Poisoned Stab","floor":2},{"not_picked":["Dagger Spray","Caltrops"],"picked":"Dash","floor":4},{"not_picked":["Flying Knee","Phantasmal Killer"],"picked":"Dagger Throw","floor":7},{"not_picked":["Prepared","Underhanded Strike","Dagger Spray"],"picked":"SKIP","floor":10},{"not_picked":["Footwork","Flying Knee"],"picked":"PiercingWail","floor":12},{"not_picked":["PiercingWail","Deflect"],"picked":"Backflip","floor":13},{"not_picked":["Bullet Time","Unload"],"picked":"Adrenaline","floor":16},{"not_picked":["Underhanded Strike","Deadly Poison+1"],"picked":"Crippling Poison","floor":18},{"not_picked":["Deflect","Escape Plan+1"],"picked":"Blade Dance+1","floor":21},{"not_picked":["Poisoned Stab","Setup"],"picked":"Cloak And Dagger","floor":22},{"not_picked":["A Thousand Cuts","Backflip","Eviscerate"],"picked":"SKIP","floor":24},{"not_picked":["Prepared","Backflip+1"],"picked":"Terror+1","floor":25},{"not_picked":["Dagger Throw","Flying Knee+1","Dodge and Roll"],"picked":"SKIP","floor":29},{"not_picked":["Acrobatics","Reflex"],"picked":"Blade Dance+1","floor":30},{"not_picked":["Tactician","Dodge and Roll","Finisher"],"picked":"SKIP","floor":31},{"not_picked":["A Thousand Cuts","Tools of the Trade"],"picked":"Bullet Time","floor":33},{"not_picked":["Dagger Spray","Bane+1","Slice+1"],"picked":"SKIP","floor":35},{"not_picked":["Bouncing Flask","Cloak And Dagger"],"picked":"Outmaneuver+1","floor":36},{"not_picked":["Heel Hook","Caltrops"],"picked":"Cloak And Dagger","floor":37},{"not_picked":["Wraith Form v2","Sucker Punch+1","Underhanded Strike"],"picked":"SKIP","floor":38},{"not_picked":["Dagger Spray","Poisoned Stab+1","Flying Knee"],"picked":"SKIP","floor":42},{"not_picked":["Bane","Wraith Form v2"],"picked":"Outmaneuver+1","floor":45},{"not_picked":["Outmaneuver","Bane+1","Cloak And Dagger"],"picked":"SKIP","floor":46},{"not_picked":["Tactician+1","Bane+1"],"picked":"Terror+1","floor":48}],"player_experience":503411,"relics_obtained":[{"floor":7,"key":"Bag of Preparation"},{"floor":9,"key":"Shuriken"},{"floor":13,"key":"Girya"},{"floor":24,"key":"Letter Opener"},{"floor":45,"key":"Molten Egg 2"},{"floor":45,"key":"Potion Belt"}],"event_choices":[{"damage_healed":0,"gold_gain":75,"player_choice":"Gather Gold","damage_taken":11,"max_hp_gain":0,"max_hp_loss":0,"event_name":"World of Goop","floor":3,"gold_loss":0},{"damage_healed":23,"gold_gain":0,"player_choice":"Banana","damage_taken":0,"max_hp_gain":0,"max_hp_loss":0,"event_name":"Big Fish","floor":5,"gold_loss":0},{"cards_removed":["Strike_G"],"damage_healed":0,"gold_gain":0,"player_choice":"Card Removal","damage_taken":7,"max_hp_gain":0,"max_hp_loss":0,"event_name":"Golden Wing","floor":11,"gold_loss":0},{"damage_healed":0,"gold_gain":100,"player_choice":"Pray","damage_taken":0,"max_hp_gain":0,"max_hp_loss":0,"event_name":"Golden Shrine","floor":20,"gold_loss":0},{"damage_healed":0,"gold_gain":0,"player_choice":"Forge","damage_taken":0,"max_hp_gain":0,"max_hp_loss":0,"event_name":"Accursed Blacksmith","floor":27,"gold_loss":0,"cards_upgraded":["Adrenaline"]},{"damage_healed":0,"gold_gain":0,"player_choice":"Ignored","damage_taken":0,"max_hp_gain":0,"max_hp_loss":0,"event_name":"Mysterious Sphere","floor":41,"gold_loss":0},{"damage_healed":0,"gold_gain":0,"player_choice":"Paid","damage_taken":0,"relics_obtained":["Red Mask"],"max_hp_gain":0,"max_hp_loss":0,"event_name":"Tomb of Lord Red Mask","floor":47,"gold_loss":176}],"is_beta":false,"boss_relics":[{"not_picked":["Orrery","White Beast Statue"],"picked":"Cursed Key"},{"not_picked":["Pandora\u0027s Box","Calling Bell"],"picked":"Black Star"}],"items_purged_floors":[14,19],"is_endless":false,"potions_floor_spawned":[12,16,24,25,29,31,36,46,48],"ascension_level":11}