{"gold_per_floor":[112,127,146,165,177,208,208,242,297,308,335,335,58,74,74,170,170,180,199,209,224,35,35,54,54,54,54,20,47,61,73,73,172,172,186,286,300,313,329,329,34,34,34,34,54,73,85,104,104,104],"floor_reached":51,"playtime":4709,"items_purged":["Defend_G"],"score":767,"play_id":"62df2216-fd39-400e-b741-26b7a4278899","local_time":"20181002060123","is_ascension_mode":true,"campfire_choices":[{"data":"Leg Sweep","floor":12,"key":"SMITH"},{"floor":15,"key":"REST"},{"floor":25,"key":"REST"},{"data":"Apotheosis","floor":27,"key":"SMITH"},{"floor":32,"key":"REST"},{"data":"Adrenaline","floor":40,"key":"SMITH"},{"floor":44,"key":"REST"},{"floor":49,"key":"REST"}],"neow_cost":"NONE","seed_source_timestamp":1681324669554112,"circlet_count":0,"master_deck":["Defend_G","Defend_G","Defend_G","Strike_G","Strike_G","Strike_G","Strike_G","Survivor","Neutralize","Catalyst","Leg Sweep+1","Cloak And Dagger","Dodge and Roll","Well Laid Plans","Bouncing Flask","Blur","Escape Plan","Terror","After Image","Noxious Fumes","Dash+1","Blur","Backflip","Apotheosis+1","J.A.X.","Backflip+1","Blur","After Image","Adrenaline+1","Leg Sweep+1","Noxious Fumes+1"],"relics":["Ring of the Snake","Kunai","PreservedInsect","Oddly Smooth Stone","Tiny Chest","Ancient Tea Set","TwistedFunnel","Cursed Key","Vajra","Philosopher\u0027s Stone","Torii"],"potions_floor_usage":[5,16,16,48,50],"damage_taken":[{"damage":5,"enemies":"Cultist","floor":1,"turns":5},{"damage":0,"enemies":"Jaw Worm","floor":2,"turns":4},{"damage":0,"enemies":"2 Louse","floor":3,"turns":3},{"damage":0,"enemies":"Blue Slaver","floor":4,"turns":6},{"damage":1,"enemies":"2 Fungi Beasts","floor":5,"turns":5},{"damage":12,"enemies":"Lagavulin","floor":6,"turns":8},{"damage":20,"enemies":"3 Sentries","floor":8,"turns":13},{"damage":0,"enemies":"Large Slime","floor":10,"turns":8},{"damage":3,"enemies":"Gremlin Gang","floor":14,"turns":3},{"damage":15,"enemies":"Hexaghost","floor":16,"turns":8},{"damage":4,"enemies":"3 Byrds","floor":18,"turns":6},{"damage":0,"enemies":"Shell Parasite","floor":19,"turns":5},{"damage":17,"enemies":"Cultist and Chosen","floor":20,"turns":9},{"damage":0,"enemies":"Snecko","floor":21,"turns":8},{"damage":12,"enemies":"Snake Plant","floor":24,"turns":3},{"damage":14,"enemies":"Slavers","floor":29,"turns":5},{"damage":0,"enemies":"Sentry and Sphere","floor":30,"turns":5},{"damage":0,"enemies":"Centurion and Healer","floor":31,"turns":8},{"damage":13,"enemies":"Automaton","floor":33,"turns":9},{"damage":2,"enemies":"3 Shapes","floor":35,"turns":5},{"damage":4,"enemies":"Orb Walker","floor":37,"turns":4},{"damage":0,"enemies":"Spire Growth","floor":38,"turns":7},{"damage":21,"enemies":"Sphere and 2 Shapes","floor":39,"turns":7},{"damage":0,"enemies":"3 Darklings","floor":45,"turns":6},{"damage":34,"enemies":"Reptomancer","floor":46,"turns":6},{"damage":0,"enemies":"Transient","floor":47,"turns":5},{"damage":0,"enemies":"3 Darklings","floor":48,"turns":5},{"damage":27,"enemies":"Time Eater","floor":50,"turns":14}],"seed_played":"2934046941053007256","potions_obtained":[{"floor":1,"key":"Strength Potion"},{"floor":5,"key":"Energy Potion"},{"floor":6,"key":"SpeedPotion"},{"floor":8,"key":"FairyPotion"},{"floor":16,"key":"FearPotion"},{"floor":19,"key":"SpeedPotion"},{"floor":24,"key":"GhostInAJar"}],"is_trial":false,"path_per_floor":["M","M","M","M","M","E","?","E","T","M","T","R","$","M","R","B",null,"M","M","M","M","$","?","M","R","T","R","$","E","M","M","R","B",null,"M","?","M","M","M","R","$","?","T","R","M","M","M","M","R","B"],"character_chosen":"THE_SILENT","items_purchased":["TwistedFunnel","Apotheosis","Blur","Torii"],"campfire_rested":5,"item_purchase_floors":[13,22,28,41],"current_hp_per_floor":[65,65,65,65,64,52,45,25,25,25,25,25,25,22,43,28,70,66,66,49,49,49,49,37,58,58,58,58,44,44,44,65,52,70,68,68,64,64,43,43,43,43,43,64,64,30,30,30,51,24],"gold":104,"neow_bonus":"TRANSFORM_CARD","is_prod":false,"is_daily":false,"chose_seed":false,"campfire_upgraded":3,"win_rate":0,"timestamp":1538474483,"path_taken":["M","M","M","M","?","E","?","E","T","M","?","R","$","M","R","BOSS","M","M","M","M","$","?","?","R","T","R","$","E","M","M","R","BOSS","M","?","M","M","M","R","$","?","T","R","M","M","M","M","R","BOSS"],"build_version":"2018-09-27","purchased_purges":1,"victory":true,"max_hp_per_floor":[70,70,70,70,70,70,70,70,70,70,70,70,70,70,70,70,70,70,70,70,70,70,70,70,70,70,70,70,70,70,70,70,70,70,70,70,70,70,70,70,70,70,70,70,70,70,70,70,70,70],"card_choices":[{"not_picked":["Deadly Poison","Outmaneuver"],"picked":"Leg Sweep","floor":1},{"not_picked":["Calculated Gamble","Flying Knee"],"picked":"Cloak And Dagger","floor":2},{"not_picked":["Flying Knee","Deadly Poison"],"picked":"Dodge and Roll","floor":3},{"not_picked":["Wraith Form v2","Bane"],"picked":"Well Laid Plans","floor":4},{"not_picked":["Eviscerate","Quick Slash"],"picked":"Bouncing Flask","floor":5},{"not_picked":["Skewer","Flying Knee"],"picked":"Blur","floor":6},{"not_picked":["Quick Slash","Blade Dance"],"picked":"Escape Plan","floor":8},{"not_picked":["Calculated Gamble","Catalyst","Caltrops"],"picked":"SKIP","floor":10},{"not_picked":["Slice","Calculated Gamble"],"picked":"Terror","floor":14},{"not_picked":["Tools of the Trade","Envenom"],"picked":"After Image","floor":16},{"not_picked":["Poisoned Stab","PiercingWail"],"picked":"Noxious Fumes","floor":18},{"not_picked":["Quick Slash+1","Distraction+1"],"picked":"Dash+1","floor":19},{"not_picked":["Dagger Spray","Escape Plan"],"picked":"Blur","floor":20},{"not_picked":["Endless Agony","PiercingWail"],"picked":"Backflip","floor":21},{"not_picked":["Outmaneuver","Bane+1"],"picked":"Backflip+1","floor":24},{"not_picked":["Backflip","Deadly Poison+1","Skewer+1"],"picked":"SKIP","floor":29},{"not_picked":["Infinite Blades","Blade Dance","Dagger Throw"],"picked":"SKIP","floor":30},{"not_picked":["Well Laid Plans","Crippling Poison"],"picked":"After Image","floor":31},{"not_picked":["Unload","Wraith Form v2"],"picked":"Adrenaline","floor":33},{"not_picked":["Cloak And Dagger","Acrobatics","Slice+1"],"picked":"SKIP","floor":35},{"not_picked":["Masterful Stab","Poisoned Stab","Tactician"],"picked":"SKIP","floor":37},{"not_picked":["Calculated Gamble+1","Infinite Blades"],"picked":"Leg Sweep+1","floor":38},{"not_picked":["Deadly Poison+1","PiercingWail+1","Quick Slash+1"],"picked":"SKIP","floor":39},{"not_picked":["Tools of the Trade","Underhanded Strike+1","Bouncing Flask"],"picked":"SKIP","floor":45},{"not_picked":["Eviscerate","Deflect","Prepared"],"picked":"SKIP","floor":46},{"not_picked":["Calculated Gamble","Flechettes+1"],"picked":"Noxious Fumes+1","floor":47},{"not_picked":["Dagger Spray+1","Deadly Poison","PiercingWail"],"picked":"SKIP","floor":48}],"player_experience":93512,"relics_obtained":[{"floor":6,"key":"Kunai"},{"floor":8,"key":"Oddly Smooth Stone"},{"floor":9,"key":"Tiny Chest"},{"floor":11,"key":"Ancient Tea Set"},{"floor":29,"key":"Vajra"}],"event_choices":[{"event_name":"Scrap Ooze","player_choice":"success","floor":7,"damage_taken":7},{"event_name":"Drug Dealer","player_choice":"Got JAX","floor":23,"damage_taken":0},{"event_name":"Golden Shrine","player_choice":"Pray","floor":36,"damage_taken":0},{"event_name":"Falling","player_choice":"Removed Attack","floor":42,"damage_taken":0}],"is_beta":false,"boss_relics":[{"not_picked":["Empty Cage","Calling Bell"],"picked":"Cursed Key"},{"not_picked":["Orrery","Coffee Dripper"],"picked":"Philosopher\u0027s Stone"}],"items_purged_floors":[13],"is_endless":false,"potions_floor_spawned":[1,5,6,8,14,16,19,24,30,31,37,38,45],"ascension_level":4}