{"gold_per_floor":[110,110,121,135,147,147,2,34,34,64,84,99,99,110,110,214,214,226,226,151,51,67,67,29,29,29,55,55,84,84,84,84,182,182,196,196,216,18,38,38,38],"floor_reached":41,"playtime":3563,"items_purged":["Strike_G","Strike_G"],"score":630,"play_id":"2ba61d17-5c71-4ee3-9bb9-4f600d273a0c","local_time":"20190207152002","is_ascension_mode":true,"campfire_choices":[{"data":"Dagger Throw","floor":6,"key":"SMITH"},{"data":"Glass Knife","floor":13,"key":"SMITH"},{"floor":15,"key":"REST"},{"data":"After Image","floor":23,"key":"SMITH"},{"data":"Noxious Fumes","floor":25,"key":"SMITH"},{"data":"Dagger Spray","floor":28,"key":"SMITH"},{"floor":32,"key":"REST"},{"data":"Night Terror","floor":40,"key":"SMITH"}],"neow_cost":"NONE","seed_source_timestamp":157230069451782,"circlet_count":0,"master_deck":["Survivor","Neutralize+1","Dagger Throw","Dagger Throw+1","Dash","Glass Knife+1","Dodge and Roll","Underhanded Strike","Backflip","After Image+1","Backflip","Ghostly","Ghostly","Ghostly","Ghostly","Ghostly","Dagger Spray+1","Noxious Fumes+1","Dodge and Roll","Night Terror+1","Dagger Throw","Grand Finale","Die Die Die","Storm of Steel","Endless Agony","Doppelganger","Dagger Throw","Backflip","Sucker Punch+1"],"relics":["Ring of the Snake","Nunchaku","Dodecahedron","Kunai","Sozu","Du-Vu Doll","Ninja Scroll","Regal Pillow","MutagenicStrength","Pandora\u0027s Box","ClockworkSouvenir"],"potions_floor_usage":[16,16,18],"damage_taken":[{"damage":0,"enemies":"Small Slimes","floor":1,"turns":3},{"damage":0,"enemies":"Cultist","floor":3,"turns":4},{"damage":0,"enemies":"2 Louse","floor":4,"turns":3},{"damage":0,"enemies":"Blue Slaver","floor":5,"turns":4},{"damage":12,"enemies":"3 Sentries","floor":8,"turns":10},{"damage":19,"enemies":"Lagavulin","floor":10,"turns":7},{"damage":0,"enemies":"Exordium Wildlife","floor":11,"turns":4},{"damage":2,"enemies":"2 Fungi Beasts","floor":12,"turns":2},{"damage":16,"enemies":"Gremlin Gang","floor":14,"turns":3},{"damage":2,"enemies":"Hexaghost","floor":16,"turns":10},{"damage":7,"enemies":"Shell Parasite","floor":18,"turns":5},{"damage":0,"enemies":"2 Thieves","floor":22,"turns":5},{"damage":0,"enemies":"Slavers","floor":27,"turns":6},{"damage":4,"enemies":"Book of Stabbing","floor":29,"turns":7},{"damage":12,"enemies":"Collector","floor":33,"turns":11},{"damage":0,"enemies":"Orb Walker","floor":35,"turns":3},{"damage":0,"enemies":"3 Darklings","floor":37,"turns":3},{"damage":0,"enemies":"4 Shapes","floor":39,"turns":3},{"damage":61,"enemies":"Giant Head","floor":41,"turns":10}],"seed_played":"-4957874737722799127","potions_obtained":[{"floor":4,"key":"Swift Potion"},{"floor":8,"key":"Weak Potion"},{"floor":11,"key":"Strength Potion"},{"floor":14,"key":"EntropicBrew"}],"is_trial":false,"path_per_floor":["M","?","M","M","M","R","$","E","T","E","M","M","R","M","R","B",null,"M","?","?","$","M","R","$","R","T","E","R","E","?","?","R","B",null,"M","?","M","$","M","R","E"],"character_chosen":"THE_SILENT","items_purchased":["Dash","Noxious Fumes","ClockworkSouvenir"],"campfire_rested":2,"item_purchase_floors":[7,24,38],"current_hp_per_floor":[70,63,63,63,63,63,63,51,51,32,32,30,30,14,35,33,61,54,35,35,35,35,35,35,35,35,35,35,31,27,27,40,28,37,37,37,37,37,37,37,0],"gold":38,"neow_bonus":"UPGRADE_CARD","is_prod":false,"is_daily":false,"chose_seed":false,"campfire_upgraded":6,"win_rate":0,"timestamp":1549574402,"path_taken":["M","?","M","M","M","R","?","E","T","E","M","M","R","M","R","BOSS","M","?","?","$","M","R","?","R","T","E","R","E","?","?","R","BOSS","M","?","M","$","M","R","E"],"build_version":"2019-01-23","purchased_purges":2,"victory":false,"max_hp_per_floor":[70,70,70,70,70,70,70,70,70,70,70,70,70,70,70,70,70,70,35,35,35,35,35,35,35,35,35,35,35,40,40,40,40,40,40,40,40,40,40,40,40],"card_choices":[{"not_picked":["Outmaneuver","Catalyst"],"picked":"Dagger Throw","floor":1},{"not_picked":["Deadly Poison","Backflip"],"picked":"Dagger Throw","floor":3},{"not_picked":["Blade Dance","Prepared","Distraction"],"picked":"SKIP","floor":4},{"not_picked":["Poisoned Stab","Sucker Punch","Acrobatics"],"picked":"SKIP","floor":5},{"not_picked":["Prepared","Reflex"],"picked":"Glass Knife","floor":8},{"not_picked":["Deflect","Distraction"],"picked":"Dodge and Roll","floor":10},{"not_picked":["Sucker Punch","Concentrate"],"picked":"Underhanded Strike","floor":11},{"not_picked":["Dash","Underhanded Strike"],"picked":"Backflip","floor":12},{"not_picked":["Quick Slash","Catalyst","Deflect"],"picked":"SKIP","floor":14},{"not_picked":["Venomology","Burst"],"picked":"After Image","floor":16},{"not_picked":["Poisoned Stab","Concentrate"],"picked":"Backflip","floor":18},{"not_picked":["Outmaneuver","Poisoned Stab"],"picked":"Dagger Spray","floor":22},{"not_picked":["Deflect","Flechettes","Concentrate+1"],"picked":"SKIP","floor":27},{"not_picked":["Burst","Backflip"],"picked":"Dodge and Roll","floor":29},{"not_picked":["Burst","Die Die Die"],"picked":"Night Terror","floor":33},{"not_picked":["Riddle With Holes","Dagger Spray+1"],"picked":"Backflip","floor":35},{"not_picked":["Dagger Spray+1","Concentrate+1","Poisoned Stab"],"picked":"SKIP","floor":37},{"not_picked":["Outmaneuver","Escape Plan"],"picked":"Sucker Punch+1","floor":39}],"player_experience":81783,"relics_obtained":[{"floor":8,"key":"Nunchaku"},{"floor":9,"key":"Dodecahedron"},{"floor":10,"key":"Kunai"},{"floor":26,"key":"Du-Vu Doll"},{"floor":27,"key":"Ninja Scroll"},{"floor":29,"key":"Regal Pillow"}],"event_choices":[{"damage_healed":0,"gold_gain":0,"player_choice":"Damaged","damage_taken":7,"max_hp_gain":0,"max_hp_loss":0,"event_name":"Wheel of Change","floor":2,"gold_loss":0},{"damage_healed":0,"gold_gain":0,"player_choice":"Became a Ghost","damage_taken":0,"max_hp_gain":0,"max_hp_loss":35,"event_name":"Ghosts","floor":19,"gold_loss":0,"cards_obtained":["Ghostly","Ghostly","Ghostly","Ghostly","Ghostly"]},{"cards_removed":["Strike_G"],"damage_healed":0,"gold_gain":0,"player_choice":"Gave Gold","damage_taken":0,"max_hp_gain":0,"max_hp_loss":0,"event_name":"Beggar","floor":20,"gold_loss":75},{"damage_healed":0,"gold_gain":0,"player_choice":"Shed Blood","damage_taken":9,"max_hp_gain":5,"max_hp_loss":0,"event_name":"Forgotten Altar","floor":30,"gold_loss":0},{"damage_healed":0,"gold_gain":0,"player_choice":"Inject Mutagens","damage_taken":0,"relics_obtained":["MutagenicStrength"],"max_hp_gain":0,"max_hp_loss":0,"event_name":"Drug Dealer","floor":31,"gold_loss":0},{"damage_healed":0,"gold_gain":0,"player_choice":"Got Potions","damage_taken":0,"max_hp_gain":0,"max_hp_loss":0,"event_name":"Lab","floor":36,"gold_loss":0}],"is_beta":false,"boss_relics":[{"not_picked":["Fusion Hammer","HoveringKite"],"picked":"Sozu"},{"not_picked":["White Beast Statue","Cursed Key"],"picked":"Pandora\u0027s Box"}],"items_purged_floors":[7,21],"is_endless":false,"potions_floor_spawned":[4,8,11,14,22,33,35],"killed_by":"Giant Head","ascension_level":5}