{"gold_per_floor":[110,126,51,65,79,114,129,129,153,180,7,22,22,32,32,135,135,75,75],"floor_reached":19,"playtime":1311,"items_purged":["Strike_G","Strike_G"],"score":179,"play_id":"1360af48-c2ff-469f-b659-641bd12ecee0","local_time":"20181127164402","is_ascension_mode":false,"campfire_choices":[{"data":"Neutralize","floor":8,"key":"SMITH"},{"floor":13,"key":"REST"},{"data":"Footwork","floor":15,"key":"SMITH"}],"neow_cost":"NONE","seed_source_timestamp":1192590763647377,"circlet_count":0,"master_deck":["Survivor","Neutralize+1","Riddle With Holes","Infinite Blades","Cloak And Dagger","Sucker Punch","Backflip","Blade Dance","Deflect","Footwork+1","Dagger Spray","Quick Slash","After Image","Catalyst","Dodge and Roll","Deflect","Underhanded Strike","Choke","Deflect","Prepared","Dagger Throw+1"],"relics":["Ring of the Snake","Strawberry","Art of War","Potion Belt","Pandora\u0027s Box"],"potions_floor_usage":[7,16],"damage_taken":[{"damage":2,"enemies":"Cultist","floor":1,"turns":4},{"damage":0,"enemies":"2 Louse","floor":2,"turns":2},{"damage":0,"enemies":"Jaw Worm","floor":4,"turns":4},{"damage":1,"enemies":"3 Louse","floor":5,"turns":2},{"damage":22,"enemies":"Gremlin Nob","floor":6,"turns":5},{"damage":12,"enemies":"Gremlin Gang","floor":7,"turns":5},{"damage":18,"enemies":"Lagavulin","floor":10,"turns":9},{"damage":2,"enemies":"Blue Slaver","floor":12,"turns":4},{"damage":0,"enemies":"Looter","floor":14,"turns":4},{"damage":25,"enemies":"Hexaghost","floor":16,"turns":15},{"damage":3,"enemies":"2 Thieves","floor":18,"turns":4},{"damage":2,"enemies":"3 Byrds","floor":19,"turns":2}],"seed_played":"106299341399948043","potions_obtained":[{"floor":2,"key":"Explosive Potion"},{"floor":7,"key":"GhostInAJar"},{"floor":10,"key":"GamblersBrew"}],"is_trial":false,"path_per_floor":["M","M","$","M","M","E","M","R","T","E","$","M","R","M","R","B",null,"M","M"],"character_chosen":"THE_SILENT","items_purchased":["Footwork"],"campfire_rested":1,"item_purchase_floors":[11],"current_hp_per_floor":[68,68,68,68,67,52,40,40,40,22,22,20,43,43,43,18,77,74,72],"gold":75,"neow_bonus":"TRANSFORM_CARD","is_prod":false,"is_daily":false,"chose_seed":false,"campfire_upgraded":2,"win_rate":0,"timestamp":1543358642,"path_taken":["M","M","$","M","?","E","M","R","T","E","$","M","R","M","R","BOSS","M","M"],"build_version":"2018-11-15","purchased_purges":2,"victory":false,"max_hp_per_floor":[70,70,70,70,70,77,77,77,77,77,77,77,77,77,77,77,77,77,77],"card_choices":[{"not_picked":["Prepared","Blade Dance"],"picked":"Infinite Blades","floor":1},{"not_picked":["Expertise","Infinite Blades"],"picked":"Cloak And Dagger","floor":2},{"not_picked":["Bouncing Flask","Poisoned Stab"],"picked":"Sucker Punch","floor":4},{"not_picked":["Finisher","Poisoned Stab","Acrobatics"],"picked":"SKIP","floor":5},{"not_picked":["Flechettes","Choke"],"picked":"Backflip","floor":6},{"not_picked":["Tools of the Trade","PiercingWail"],"picked":"Blade Dance","floor":7},{"not_picked":["Predator","Riddle With Holes"],"picked":"Deflect","floor":10},{"not_picked":["Deadly Poison","Expertise"],"picked":"Dagger Spray","floor":12},{"not_picked":["Flechettes","Underhanded Strike"],"picked":"Quick Slash","floor":14},{"not_picked":["Venomology","Adrenaline"],"picked":"After Image","floor":16},{"not_picked":["Blade Dance","Dash+1"],"picked":"Dagger Throw+1","floor":18}],"player_experience":133081,"relics_obtained":[{"floor":6,"key":"Strawberry"},{"floor":9,"key":"Art of War"},{"floor":10,"key":"Potion Belt"}],"event_choices":[],"is_beta":false,"boss_relics":[{"not_picked":["Philosopher\u0027s Stone","Runic Pyramid"],"picked":"Pandora\u0027s Box"}],"items_purged_floors":[3,11],"is_endless":false,"potions_floor_spawned":[2,7,10],"killed_by":"3 Byrds","ascension_level":0}