{"gold_per_floor":[109,109,126,137,147,147,160,160,160,195,195],"floor_reached":11,"playtime":607,"items_purged":[],"score":139,"play_id":"0b0b90a9-1ad2-4994-a5b6-50a86736421b","local_time":"20190623093349","is_ascension_mode":true,"campfire_choices":[{"data":"Dagger Throw","floor":6,"key":"SMITH"},{"data":"Terror","floor":8,"key":"SMITH"}],"neow_cost":"NONE","seed_source_timestamp":679587741398151,"circlet_count":0,"master_deck":["AscendersBane","Defend_G","Defend_G","Defend_G","Defend_G","Defend_G","Strike_G","Strike_G","Strike_G","Strike_G","Strike_G","Survivor","Neutralize+1","Blade Dance","PiercingWail","Terror+1","Dagger Throw+1","Poisoned Stab"],"relics":["Ring of the Snake","Bag of Preparation","Happy Flower"],"potions_floor_usage":[10],"damage_taken":[{"damage":5,"enemies":"2 Louse","floor":1,"turns":4},{"damage":4,"enemies":"Jaw Worm","floor":3,"turns":5},{"damage":0,"enemies":"Small Slimes","floor":4,"turns":3},{"damage":0,"enemies":"2 Fungi Beasts","floor":5,"turns":4},{"damage":11,"enemies":"Lots of Slimes","floor":7,"turns":5},{"damage":29,"enemies":"Gremlin Nob","floor":10,"turns":5},{"damage":17,"enemies":"Exordium Thugs","floor":11,"turns":3}],"seed_played":"-5031387688591908718","potions_obtained":[{"floor":7,"key":"Block Potion"},{"floor":10,"key":"LiquidBronze"}],"is_trial":false,"path_per_floor":["M","?","M","M","M","R","M","R","T","E","M"],"character_chosen":"THE_SILENT","items_purchased":[],"campfire_rested":0,"item_purchase_floors":[],"current_hp_per_floor":[54,54,50,50,50,50,39,39,39,10,0],"gold":195,"neow_bonus":"THREE_CARDS","is_prod":false,"is_daily":false,"chose_seed":false,"campfire_upgraded":2,"win_rate":0,"timestamp":1561300429,"path_taken":["M","?","M","M","M","R","M","R","T","E","M"],"build_version":"2019-01-23","purchased_purges":0,"victory":false,"max_hp_per_floor":[66,66,66,66,66,66,66,66,66,66,66],"card_choices":[{"not_picked":["Expertise","Underhanded Strike"],"picked":"Blade Dance","floor":0},{"not_picked":["Underhanded Strike","Riddle With Holes"],"picked":"PiercingWail","floor":1},{"not_picked":["Blade Dance","Heel Hook","Sucker Punch"],"picked":"SKIP","floor":3},{"not_picked":["Prepared","Sucker Punch"],"picked":"Terror","floor":4},{"not_picked":["Blur","Bane"],"picked":"Dagger Throw","floor":5},{"not_picked":["Tactician","Quick Slash"],"picked":"Poisoned Stab","floor":7},{"not_picked":["Sucker Punch","Setup","Quick Slash"],"picked":"SKIP","floor":10}],"player_experience":645592,"relics_obtained":[{"floor":9,"key":"Bag of Preparation"},{"floor":10,"key":"Happy Flower"}],"event_choices":[{"damage_healed":0,"gold_gain":0,"player_choice":"Grow","damage_taken":0,"max_hp_gain":0,"max_hp_loss":0,"event_name":"Living Wall","floor":2,"gold_loss":0,"cards_upgraded":["Neutralize"]}],"is_beta":false,"boss_relics":[],"items_purged_floors":[],"is_endless":false,"potions_floor_spawned":[7,10],"killed_by":"Exordium Thugs","ascension_level":17}