{"gold_per_floor":[118,118,129,140,65,94,111,111,111,70,81,81,97,97,97,197,197,207,218,143,68,94,128,128,128,152,3,3],"floor_reached":28,"playtime":1181,"items_purged":["Strike_B"],"score":248,"play_id":"aace0d3d-c609-4528-af7f-1d9091eac123","local_time":"20181206174122","is_ascension_mode":true,"campfire_choices":[{"data":"Static Discharge","floor":8,"key":"SMITH"},{"data":"Glacier","floor":12,"key":"SMITH"},{"floor":15,"key":"REST"},{"floor":24,"key":"REST"}],"neow_cost":"NONE","seed_source_timestamp":1973763826618658,"circlet_count":0,"master_deck":["Strike_B","Strike_B","Defend_B","Defend_B+1","Defend_B","Defend_B","Zap+1","Dualcast","Barrage","Static Discharge+1","Capacitor","Barrage","Thunder Strike","Glacier+1","Ball Lightning","Parasite","Echo Form","Leap+1","Cold Snap","Stack","Necronomicurse"],"relics":["Cracked Core","NeowsBlessing","Ornamental Fan","Symbiotic Virus","Velvet Choker","Smiling Mask","Strawberry","Necronomicon","Ancient Tea Set","War Paint"],"potions_floor_usage":[18,23,23,28,28],"damage_taken":[{"damage":0,"enemies":"Jaw Worm","floor":1,"turns":1},{"damage":0,"enemies":"Cultist","floor":3,"turns":1},{"damage":0,"enemies":"2 Louse","floor":4,"turns":1},{"damage":22,"enemies":"3 Sentries","floor":6,"turns":6},{"damage":21,"enemies":"Exordium Thugs","floor":7,"turns":3},{"damage":3,"enemies":"Blue Slaver","floor":11,"turns":3},{"damage":4,"enemies":"2 Fungi Beasts","floor":13,"turns":3},{"damage":30,"enemies":"The Guardian","floor":16,"turns":10},{"damage":10,"enemies":"Spheric Guardian","floor":18,"turns":4},{"damage":26,"enemies":"2 Thieves","floor":19,"turns":3},{"damage":25,"enemies":"Gremlin Leader","floor":23,"turns":7},{"damage":29,"enemies":"Slavers","floor":28,"turns":2}],"seed_played":"4189760743894900225","potions_obtained":[{"floor":1,"key":"Weak Potion"},{"floor":3,"key":"GamblersBrew"},{"floor":11,"key":"Weak Potion"},{"floor":13,"key":"Energy Potion"},{"floor":19,"key":"LiquidBronze"},{"floor":23,"key":"FocusPotion"}],"is_trial":false,"path_per_floor":["M","?","M","M","$","E","M","R","T","$","M","R","M","?","R","B",null,"M","M","$","?","T","E","R","?","T","$","E"],"character_chosen":"DEFECT","items_purchased":["Capacitor","Glacier","War Paint"],"campfire_rested":2,"item_purchase_floors":[5,10,27],"current_hp_per_floor":[75,75,75,75,75,53,32,32,32,32,29,29,25,43,65,35,75,65,39,39,39,39,21,45,29,29,29,0],"gold":3,"neow_bonus":"THREE_ENEMY_KILL","is_prod":false,"is_daily":false,"chose_seed":false,"campfire_upgraded":2,"win_rate":0,"timestamp":1544139682,"path_taken":["M","?","M","?","?","E","?","R","T","$","M","R","M","?","R","BOSS","M","M","$","?","?","E","R","?","T","$","E"],"build_version":"2018-11-15","purchased_purges":1,"victory":false,"max_hp_per_floor":[75,75,75,75,75,75,75,75,75,75,75,75,75,75,75,75,75,75,75,75,75,75,82,82,82,82,82,82],"card_choices":[{"not_picked":["Storm","Hologram","White Noise"],"picked":"SKIP","floor":1},{"not_picked":["Skim","Stack"],"picked":"Barrage","floor":3},{"not_picked":["Rebound","Steam"],"picked":"Static Discharge","floor":4},{"not_picked":["Chill","Gash"],"picked":"Barrage","floor":6},{"not_picked":["Hello World","Turbo"],"picked":"Thunder Strike","floor":7},{"not_picked":["Barrage","Turbo","Fusion"],"picked":"SKIP","floor":11},{"not_picked":["Turbo","Compile Driver"],"picked":"Ball Lightning","floor":13},{"not_picked":["Machine Learning","Meteor Strike"],"picked":"Echo Form","floor":16},{"not_picked":["Go for the Eyes","Auto Shields"],"picked":"Leap","floor":18},{"not_picked":["Blizzard","Conserve Battery"],"picked":"Cold Snap","floor":19},{"not_picked":["Turbo+1","Lockon+1"],"picked":"Stack","floor":23}],"player_experience":236260,"relics_obtained":[{"floor":6,"key":"Ornamental Fan"},{"floor":9,"key":"Symbiotic Virus"},{"floor":22,"key":"Smiling Mask"},{"floor":23,"key":"Strawberry"},{"floor":25,"key":"Necronomicon"},{"floor":26,"key":"Ancient Tea Set"}],"event_choices":[{"damage_healed":0,"gold_gain":0,"player_choice":"Forge","damage_taken":0,"max_hp_gain":0,"max_hp_loss":0,"event_name":"Accursed Blacksmith","floor":2,"gold_loss":0,"cards_upgraded":["Zap"]},{"damage_healed":18,"gold_gain":0,"player_choice":"Healed and dodged fight","damage_taken":0,"max_hp_gain":0,"max_hp_loss":0,"event_name":"Mushrooms","floor":14,"gold_loss":0,"cards_obtained":["Parasite"]},{"cards_removed":["Strike_B"],"damage_healed":0,"gold_gain":0,"player_choice":"Gave Gold","damage_taken":0,"max_hp_gain":0,"max_hp_loss":0,"event_name":"Beggar","floor":21,"gold_loss":75},{"damage_healed":0,"gold_gain":0,"player_choice":"Obtained Book","damage_taken":16,"max_hp_gain":0,"max_hp_loss":0,"event_name":"Cursed Tome","floor":25,"gold_loss":0}],"is_beta":false,"boss_relics":[{"not_picked":["Ectoplasm","Black Star"],"picked":"Velvet Choker"}],"items_purged_floors":[20],"is_endless":false,"potions_floor_spawned":[1,3,11,13,19,23],"killed_by":"Slavers","ascension_level":1}