{"gold_per_floor":[114,0,14,27,27,27,53,63,90,117,135,152,152,183,183,278,278,292,30,46,64,64,64,92,109,109,34,61,61,61,88,88,192,192,202,202,202,212,41,74,89,123,123,140,175,187,187,187,187,187],"floor_reached":51,"playtime":2839,"items_purged":["Strike_P","Strike_P"],"score":1475,"play_id":"fdc206ba-0e03-49bb-8b3c-350c16eb15c3","local_time":"20190926215418","is_ascension_mode":true,"campfire_choices":[{"data":"Wallop","floor":6,"key":"SMITH"},{"data":"Wallop","floor":13,"key":"SMITH"},{"data":"CutThroughFate","floor":15,"key":"SMITH"},{"data":"1","floor":23,"key":"LIFT"},{"data":"2","floor":30,"key":"LIFT"},{"data":"3","floor":32,"key":"LIFT"},{"data":"Wireheading","floor":47,"key":"SMITH"},{"floor":49,"key":"REST"}],"neow_cost":"NONE","seed_source_timestamp":0,"circlet_count":0,"master_deck":["Strike_P","Strike_P","Defend_P+1","Defend_P","Defend_P","Defend_P+1","Eruption","Vigilance","Wallop+1","CutThroughFate+1","Wallop+1","CutThroughFate+1","WheelKick","WheelKick","Crescendo","Protect+1","DeusExMachina+1","Wallop+1","CutThroughFate+1","Vault+1","Wireheading+1","ClearTheMind+1"],"special_seed":0,"relics":["Snecko Eye","Anchor","Bronze Scales","War Paint","Toxic Egg 2","Philosopher\u0027s Stone","Molten Egg 2","Girya","Darkstone Periapt","HornCleat","Art of War","Blue Candle","Sozu","Gambling Chip","Unceasing Top","Vajra","Kunai","Bag of Marbles"],"potions_floor_usage":[28,33],"damage_taken":[{"damage":0.0,"enemies":"Cultist","floor":1.0,"turns":2.0},{"damage":0.0,"enemies":"Small Slimes","floor":3.0,"turns":2.0},{"damage":4,"enemies":"Jaw Worm","floor":4,"turns":2},{"damage":0,"enemies":"Gremlin Nob","floor":7,"turns":2},{"damage":0,"enemies":"2 Fungi Beasts","floor":8,"turns":2},{"damage":0,"enemies":"3 Sentries","floor":10,"turns":2},{"damage":0,"enemies":"Looter","floor":11,"turns":2},{"damage":0,"enemies":"Gremlin Gang","floor":12,"turns":3},{"damage":0,"enemies":"Lagavulin","floor":14,"turns":3},{"damage":0,"enemies":"Slime Boss","floor":16,"turns":3},{"damage":0,"enemies":"3 Byrds","floor":18,"turns":2},{"damage":0,"enemies":"Spheric Guardian","floor":20,"turns":1},{"damage":0,"enemies":"Centurion and Healer","floor":21,"turns":2},{"damage":8,"enemies":"Slavers","floor":24,"turns":4},{"damage":0,"enemies":"Sentry and Sphere","floor":25,"turns":3},{"damage":2,"enemies":"Book of Stabbing","floor":28,"turns":2},{"damage":0,"enemies":"Slavers","floor":31,"turns":3},{"damage":0,"enemies":"Automaton","floor":33,"turns":2},{"damage":0,"enemies":"3 Darklings","floor":35,"turns":2},{"damage":0,"enemies":"3 Shapes","floor":38,"turns":1},{"damage":0,"enemies":"Nemesis","floor":40,"turns":3},{"damage":0,"enemies":"3 Darklings","floor":41,"turns":1},{"damage":0,"enemies":"Giant Head","floor":42,"turns":4},{"damage":0,"enemies":"Spire Growth","floor":44,"turns":2},{"damage":4,"enemies":"Nemesis","floor":45,"turns":3},{"damage":0,"enemies":"Transient","floor":46,"turns":5},{"damage":0,"enemies":"Time Eater","floor":50,"turns":3}],"seed_played":"7223097129611941060","potions_obtained":[{"floor":3.0,"key":"EssenceOfSteel"},{"floor":7,"key":"Dexterity Potion"},{"floor":8,"key":"Ancient Potion"},{"floor":14,"key":"SpeedPotion"},{"floor":24,"key":"Block Potion"},{"floor":28,"key":"SneckoOil"}],"is_trial":false,"path_per_floor":["M","$","M","M","$","R","E","M","T","E","M","M","R","E","R","B",null,"M","$","M","M","T","R","E","M","T","$","E","$","R","E","R","B",null,"M","?","$","M","$","E","M","E","T","M","E","M","R","?","R","B",null],"character_chosen":"WATCHER","items_purchased":["CutThroughFate","Wallop","Molten Egg 2","Wireheading"],"campfire_rested":1,"item_purchase_floors":[2,2,19,39],"current_hp_per_floor":[65,65,65,61,61,61,61,61,61,61,61,61,61,61,61,61,69,69,69,69,69,69,69,61,61,61,61,59,59,59,59,59,59,69,69,69,69,69,69,69,69,69,69,69,65,65,65,65,72,72],"gold":187,"neow_bonus":"BOSS_RELIC","is_prod":false,"is_daily":false,"chose_seed":false,"campfire_upgraded":4,"win_rate":1,"timestamp":1569552858,"path_taken":["M","$","?","M","?","R","E","M","T","E","M","M","R","E","R","BOSS","M","$","M","M","?","R","E","M","T","$","E","?","R","E","R","BOSS","M","?","?","M","$","E","M","E","T","M","E","?","R","?","R","BOSS"],"build_version":"2019-09-26","purchased_purges":2,"victory":true,"max_hp_per_floor":[72,72,72,72,72,72,72,72,72,72,72,72,72,72,72,72,72,72,72,72,72,72,72,72,72,72,72,72,72,72,72,72,72,72,72,72,72,72,72,72,72,72,72,72,72,72,72,72,72,72],"card_choices":[{"not_picked":["Weave","Crescendo"],"picked":"Wallop","floor":1.0},{"not_picked":["EmptyFist","BowlingBash"],"picked":"CutThroughFate","floor":3.0},{"not_picked":["ClearTheMind","BowlingBash"],"picked":"WheelKick","floor":4},{"not_picked":["Halt","JustLucky","BowlingBash"],"picked":"SKIP","floor":7},{"not_picked":["ClearTheMind","Meditate"],"picked":"WheelKick","floor":8},{"not_picked":["SignatureMove","SashWhip"],"picked":"Crescendo","floor":10},{"not_picked":["PathToVictory","Fasting","BowlingBash"],"picked":"SKIP","floor":11},{"not_picked":["JustLucky","WindmillStrike","Conclude"],"picked":"SKIP","floor":12},{"not_picked":["Meditate","Evaluate"],"picked":"Protect","floor":14},{"not_picked":["Pray+1","ReachHeaven"],"picked":"DeusExMachina+1","floor":16},{"not_picked":["FlyingSleeves","DeceiveReality+1","BattleHymn"],"picked":"SKIP","floor":18},{"not_picked":["EmptyFist+1","ThirdEye+1"],"picked":"Wallop+1","floor":20},{"not_picked":["Evaluate+1","Consecrate+1","PathToVictory+1"],"picked":"SKIP","floor":21},{"not_picked":["PathToVictory+1","Consecrate+1","Indignation+1"],"picked":"SKIP","floor":24},{"not_picked":["Prostrate+1","ClearTheMind+1"],"picked":"CutThroughFate+1","floor":25},{"not_picked":["EmptyFist+1","FollowUp+1","Wireheading"],"picked":"SKIP","floor":28},{"not_picked":["EmptyFist+1","LessonLearned+1","FlurryOfBlows+1"],"picked":"SKIP","floor":31},{"not_picked":["Alpha+1","Pray+1"],"picked":"Vault+1","floor":33},{"not_picked":["CleanseEvil+1","FearNoEvil+1","PathToVictory+1"],"picked":"SKIP","floor":35},{"not_picked":["FollowUp+1","CarveReality+1","Weave+1"],"picked":"SKIP","floor":38},{"not_picked":["FollowUp+1","CarveReality+1","Weave+1"],"picked":"SKIP","floor":38},{"not_picked":["FollowUp+1","Vengeance+1","BowlingBash+1"],"picked":"SKIP","floor":40},{"not_picked":["Prostrate+1","FlurryOfBlows+1"],"picked":"ClearTheMind+1","floor":41},{"not_picked":["JustLucky+1","Protect+1","Sanctity+1"],"picked":"SKIP","floor":42},{"not_picked":["Weave+1","Blasphemy+1","FlowState+1"],"picked":"SKIP","floor":44},{"not_picked":["FlurryOfBlows+1","Meditate+1","JustLucky+1"],"picked":"SKIP","floor":45},{"not_picked":["FollowUp+1","EmptyBody+1","Prostrate+1"],"picked":"SKIP","floor":46}],"player_experience":155524,"relics_obtained":[{"floor":7,"key":"Anchor"},{"floor":9,"key":"Bronze Scales"},{"floor":10,"key":"War Paint"},{"floor":14,"key":"Toxic Egg 2"},{"floor":22,"key":"Girya"},{"floor":24,"key":"Darkstone Periapt"},{"floor":26,"key":"HornCleat"},{"floor":28,"key":"Art of War"},{"floor":31,"key":"Blue Candle"},{"floor":40,"key":"Unceasing Top"},{"floor":42,"key":"Vajra"},{"floor":43,"key":"Kunai"},{"floor":45,"key":"Bag of Marbles"}],"event_choices":[{"damage_healed":0,"gold_gain":0,"player_choice":"Gave Potion","damage_taken":0,"relics_obtained":["Gambling Chip"],"max_hp_gain":0,"max_hp_loss":0,"event_name":"WeMeetAgain","floor":36,"gold_loss":0},{"damage_healed":0,"gold_gain":0,"player_choice":"Forge","damage_taken":0,"max_hp_gain":0,"max_hp_loss":0,"event_name":"Accursed Blacksmith","floor":48,"gold_loss":0,"cards_upgraded":["CutThroughFate"]}],"is_beta":true,"boss_relics":[{"not_picked":["Tiny House","Fusion Hammer"],"picked":"Philosopher\u0027s Stone"},{"not_picked":["Pandora\u0027s Box","SlaversCollar"],"picked":"Sozu"}],"items_purged_floors":[27,39],"is_endless":false,"potions_floor_spawned":[3,7,8,14,18,24,25,28,41,42,45,46],"ascension_level":6}