{"gold_per_floor":[111,127,146,162,162,180,180,21,47,47,72,102,141,173,185,302,314,344,376,403,362,362,362,377,387,439,17,27,27,27,27,27,129,129,141,154,11,22,22,22,22,22,47,65,78,78,94,109,109,109],"floor_reached":51,"playtime":5309,"items_purged":["Strike_G"],"score":757,"play_id":"8f0bb8f9-90ea-4edf-80ac-b6afc78e1206","local_time":"20190127153527","is_ascension_mode":true,"campfire_choices":[{"data":"Well Laid Plans","floor":7.0,"key":"SMITH"},{"data":"Neutralize","floor":10.0,"key":"SMITH"},{"data":"Envenom","floor":15.0,"key":"SMITH"},{"floor":23.0,"key":"REST"},{"floor":29.0,"key":"REST"},{"floor":32.0,"key":"RECALL"},{"floor":40.0,"key":"REST"},{"floor":46.0,"key":"REST"},{"floor":49,"key":"REST"}],"neow_cost":"NONE","seed_source_timestamp":0,"circlet_count":0,"master_deck":["Defend_G","Defend_G","Defend_G","Defend_G","Defend_G","Strike_G","Survivor","Neutralize+1","Dagger Spray","Well Laid Plans+1","After Image","Blur+1","Backflip","Envenom+1","Quick Slash","Leg Sweep","Adrenaline","Flechettes+1","Calculated Gamble+1","PiercingWail","Skewer","Well Laid Plans","Envenom+1","Noxious Fumes","PiercingWail+1","A Thousand Cuts+1","Night Terror","Catalyst+1","Calculated Gamble+1","Accuracy+1","Footwork","Master of Strategy","PiercingWail","Crippling Poison+1","Leg Sweep+1","Acrobatics+1"],"special_seed":0,"relics":["Ring of the Snake","Happy Flower","PreservedInsect","MawBank","Dream Catcher","Fusion Hammer","Blood Vial","DollysMirror","War Paint","Astrolabe","Bag of Marbles"],"potions_floor_usage":[48,50,50],"damage_taken":[{"damage":7.0,"enemies":"Jaw Worm","floor":1.0,"turns":6.0},{"damage":0.0,"enemies":"Cultist","floor":2.0,"turns":3.0},{"damage":0.0,"enemies":"2 Louse","floor":3.0,"turns":2.0},{"damage":5.0,"enemies":"Lots of Slimes","floor":4.0,"turns":2.0},{"damage":5.0,"enemies":"3 Louse","floor":6.0,"turns":2.0},{"damage":0.0,"enemies":"Lagavulin","floor":11.0,"turns":9.0},{"damage":0.0,"enemies":"Large Slime","floor":12.0,"turns":8.0},{"damage":13.0,"enemies":"Gremlin Nob","floor":13.0,"turns":5.0},{"damage":0.0,"enemies":"Red Slaver","floor":14.0,"turns":4.0},{"damage":5.0,"enemies":"Hexaghost","floor":16.0,"turns":15.0},{"damage":0.0,"enemies":"Chosen","floor":18.0,"turns":5.0},{"damage":10.0,"enemies":"Spheric Guardian","floor":19.0,"turns":11.0},{"damage":15.0,"enemies":"Snake Plant","floor":20.0,"turns":3.0},{"damage":10.0,"enemies":"Snecko","floor":24.0,"turns":6.0},{"damage":0.0,"enemies":"Shelled Parasite and Fungi","floor":25.0,"turns":8.0},{"damage":2.0,"enemies":"Centurion and Healer","floor":28.0,"turns":7.0},{"damage":39.0,"enemies":"Collector","floor":33.0,"turns":8.0},{"damage":0.0,"enemies":"3 Shapes","floor":35.0,"turns":8.0},{"damage":12.0,"enemies":"Orb Walker","floor":36.0,"turns":4.0},{"damage":33.0,"enemies":"Transient","floor":38.0,"turns":5.0},{"damage":25.0,"enemies":"Maw","floor":44.0,"turns":9.0},{"damage":0.0,"enemies":"Jaw Worm Horde","floor":45.0,"turns":4.0},{"damage":4.0,"enemies":"4 Shapes","floor":47.0,"turns":7.0},{"damage":28,"enemies":"Transient","floor":48,"turns":5},{"damage":14,"enemies":"Time Eater","floor":50,"turns":12}],"seed_played":"-1959949404652033080","potions_obtained":[{"floor":2.0,"key":"SteroidPotion"},{"floor":3.0,"key":"Dexterity Potion"},{"floor":4.0,"key":"Energy Potion"},{"floor":13.0,"key":"Explosive Potion"},{"floor":14.0,"key":"Fire Potion"},{"floor":16.0,"key":"GamblersBrew"},{"floor":20.0,"key":"SteroidPotion"},{"floor":24.0,"key":"Poison Potion"},{"floor":25.0,"key":"Regen Potion"},{"floor":33.0,"key":"Regen Potion"},{"floor":36.0,"key":"PowerPotion"},{"floor":44.0,"key":"Strength Potion"},{"floor":47.0,"key":"SpeedPotion"},{"floor":48,"key":"PowerPotion"}],"is_trial":false,"path_per_floor":["M","M","M","M","?","M","R","$","T","R","E","M","E","M","R","B",null,"M","M","M","$","?","R","M","M","T","$","M","R","?","?","R","B",null,"M","M","$","M","?","R","?","$","T","M","M","R","M","M","R","B",null],"character_chosen":"THE_SILENT","items_purchased":["Blur","Backflip","PiercingWail","DollysMirror","Noxious Fumes","War Paint","Bag of Marbles"],"campfire_rested":5,"item_purchase_floors":[8,8,21,27,27,27,37],"current_hp_per_floor":[63,63,63,58,58,53,53,53,53,53,53,53,40,40,40,35,70,70,60,45,45,38,59,49,49,49,49,64,70,70,70,70,31,70,70,58,58,27,27,48,48,48,48,25,27,48,46,20,41,29],"gold":109,"neow_bonus":"RANDOM_COMMON_RELIC","is_prod":false,"is_daily":false,"chose_seed":false,"campfire_upgraded":3,"win_rate":0,"timestamp":1548624927,"path_taken":["M","M","M","M","?","M","R","$","T","R","E","M","E","M","R","BOSS","M","?","M","$","?","R","M","M","T","$","?","R","?","?","R","BOSS","M","M","?","M","?","R","?","?","T","M","M","R","M","M","R","BOSS"],"build_version":"2019-01-23","purchased_purges":1,"victory":true,"max_hp_per_floor":[70,70,70,70,70,70,70,70,70,70,70,70,70,70,70,70,70,70,70,70,70,70,70,70,70,70,70,70,70,70,70,70,70,70,70,70,70,70,70,70,70,70,70,70,70,70,70,70,70,70],"card_choices":[{"not_picked":["Predator","Bouncing Flask"],"picked":"Dagger Spray","floor":1.0},{"not_picked":["Distraction","Prepared","Bouncing Flask"],"picked":"SKIP","floor":2.0},{"not_picked":["Masterful Stab","Bane","Slice"],"picked":"SKIP","floor":3.0},{"not_picked":["Escape Plan","Backflip"],"picked":"Well Laid Plans","floor":4.0},{"not_picked":["Cloak And Dagger","Acrobatics"],"picked":"After Image","floor":6.0},{"not_picked":["Underhanded Strike","All Out Attack"],"picked":"Envenom","floor":11.0},{"not_picked":["All Out Attack","Deflect","Bane"],"picked":"SKIP","floor":12.0},{"not_picked":["Bouncing Flask","Cloak And Dagger"],"picked":"Quick Slash","floor":13.0},{"not_picked":["Sucker Punch","Cloak And Dagger"],"picked":"Leg Sweep","floor":14.0},{"not_picked":["Doppelganger","A Thousand Cuts"],"picked":"Adrenaline","floor":16.0},{"not_picked":["Terror","Dagger Throw","Dagger Spray"],"picked":"SKIP","floor":18.0},{"not_picked":["Acrobatics","Dodge and Roll"],"picked":"Flechettes+1","floor":19.0},{"not_picked":["Dodge and Roll","Prepared"],"picked":"Calculated Gamble","floor":20.0},{"not_picked":["Acrobatics","Dagger Throw"],"picked":"Skewer","floor":24.0},{"not_picked":["Poisoned Stab+1","Dagger Throw"],"picked":"Well Laid Plans","floor":25.0},{"not_picked":["Distraction","Cloak And Dagger"],"picked":"PiercingWail+1","floor":28.0},{"not_picked":["Flechettes","Dash"],"picked":"A Thousand Cuts","floor":29.0},{"not_picked":["Malaise","Phantasmal Killer"],"picked":"Night Terror","floor":33.0},{"not_picked":["Distraction+1","Poisoned Stab"],"picked":"Footwork","floor":35.0},{"not_picked":["Dash","Calculated Gamble","Slice"],"picked":"SKIP","floor":36.0},{"not_picked":["Dagger Spray+1","Accuracy","Deadly Poison"],"picked":"SKIP","floor":38.0},{"not_picked":["Purity","Madness"],"picked":"Master of Strategy","floor":41.0},{"not_picked":["Bouncing Flask","Blade Dance","Dash+1"],"picked":"SKIP","floor":44.0},{"not_picked":["Sucker Punch","Masterful Stab"],"picked":"PiercingWail","floor":45.0},{"not_picked":["Blade Dance+1","Flying Knee+1"],"picked":"Crippling Poison+1","floor":47.0},{"not_picked":["Calculated Gamble+1","Bane+1"],"picked":"Leg Sweep+1","floor":48},{"not_picked":["Skewer+1","Deflect+1"],"picked":"Acrobatics+1","floor":49}],"player_experience":42019,"relics_obtained":[{"floor":9.0,"key":"PreservedInsect"},{"floor":11.0,"key":"MawBank"},{"floor":13.0,"key":"Dream Catcher"},{"floor":26.0,"key":"Blood Vial"}],"event_choices":[{"damage_healed":0.0,"max_hp_gain":0.0,"max_hp_loss":0.0,"gold_gain":0.0,"event_name":"The Woman in Blue","player_choice":"Bought 0 Potions","floor":5.0,"gold_loss":0.0,"damage_taken":0.0},{"damage_healed":0.0,"max_hp_gain":0.0,"max_hp_loss":0.0,"gold_gain":0.0,"event_name":"Knowing Skull","player_choice":"","floor":22.0,"potions_obtained":[],"gold_loss":0.0,"damage_taken":7.0,"cards_obtained":[]},{"damage_healed":0.0,"max_hp_gain":0.0,"max_hp_loss":0.0,"gold_gain":0.0,"event_name":"Beggar","player_choice":"Ignored","floor":30.0,"gold_loss":0.0,"damage_taken":0.0},{"damage_healed":0.0,"max_hp_gain":0.0,"max_hp_loss":0.0,"gold_gain":0.0,"event_name":"Accursed Blacksmith","player_choice":"Forge","floor":31.0,"gold_loss":0.0,"damage_taken":0.0,"cards_upgraded":["A Thousand Cuts"]},{"damage_healed":0.0,"max_hp_gain":0.0,"max_hp_loss":0.0,"gold_gain":0.0,"event_name":"Mysterious Sphere","player_choice":"Ignored","floor":39.0,"gold_loss":0.0,"damage_taken":0.0},{"damage_healed":0.0,"max_hp_gain":0.0,"max_hp_loss":0.0,"gold_gain":0.0,"event_name":"SensoryStone","player_choice":"Memory 1","floor":41.0,"gold_loss":0.0,"damage_taken":0.0}],"is_beta":false,"boss_relics":[{"not_picked":["Ectoplasm","Tiny House"],"picked":"Fusion Hammer"},{"not_picked":["Busted Crown","White Beast Statue"],"picked":"Astrolabe"}],"items_purged_floors":[8],"is_endless":false,"potions_floor_spawned":[2,3,4,13,14,16,20,24,25,33,36,44,47,48],"ascension_level":2}