{"gold_per_floor":[114,131,206,222,235,235,235,253,302,333,345,382,72,101,101,202,202,217,231,243,168,268,268,280,280],"floor_reached":25,"playtime":1067,"items_purged":["Strike_R"],"score":323,"play_id":"0062910f-e556-4213-92a6-f48ddf617e78","local_time":"20190126223837","is_ascension_mode":true,"campfire_choices":[{"data":"True Grit","floor":6,"key":"SMITH"},{"floor":11,"key":"REST"},{"floor":15,"key":"REST"},{"floor":23,"key":"REST"}],"neow_cost":"NONE","seed_source_timestamp":583999537525144,"circlet_count":0,"master_deck":["AscendersBane","Strike_R","Strike_R","Strike_R","Strike_R","Defend_R","Defend_R","Defend_R","Defend_R","Bash","Pummel","Sword Boomerang","True Grit+1","Carnage+1","Spot Weakness","Shockwave","Inflame","Limit Break","Double Tap","Immolate","Burning Pact","Ghostly Armor","Disarm"],"relics":["Burning Blood","MawBank","Blue Candle","Bottled Tornado","Anchor","Lizard Tail","Nunchaku","Self Forming Clay"],"potions_floor_usage":[10,12,16,22],"damage_taken":[{"damage":3,"enemies":"2 Louse","floor":1,"turns":4},{"damage":14,"enemies":"Jaw Worm","floor":2,"turns":3},{"damage":1,"enemies":"Cultist","floor":4,"turns":3},{"damage":22,"enemies":"Red Slaver","floor":5,"turns":5},{"damage":13,"enemies":"Blue Slaver","floor":8,"turns":3},{"damage":8,"enemies":"3 Louse","floor":10,"turns":2},{"damage":26,"enemies":"Lagavulin","floor":12,"turns":5},{"damage":20,"enemies":"3 Sentries","floor":14,"turns":6},{"damage":12,"enemies":"Slime Boss","floor":16,"turns":11},{"damage":25,"enemies":"Spheric Guardian","floor":18,"turns":4},{"damage":27,"enemies":"3 Byrds","floor":19,"turns":5},{"damage":29,"enemies":"Snake Plant","floor":20,"turns":4},{"damage":17,"enemies":"Colosseum Slavers","floor":22,"turns":4},{"damage":30,"enemies":"Colosseum Nobs","floor":22,"turns":4},{"damage":28,"enemies":"Snecko","floor":24,"turns":4},{"damage":19,"enemies":"Shelled Parasite and Fungi","floor":25,"turns":2}],"seed_played":"206838586207133721","potions_obtained":[{"floor":2,"key":"Strength Potion"},{"floor":8,"key":"Explosive Potion"},{"floor":10,"key":"SpeedPotion"},{"floor":18,"key":"SteroidPotion"},{"floor":20,"key":"Ancient Potion"},{"floor":22,"key":"Dexterity Potion"}],"is_trial":false,"path_per_floor":["M","M","?","M","M","R","?","M","T","M","R","E","$","E","R","B",null,"M","M","M","$","?","R","M","M"],"character_chosen":"IRONCLAD","items_purchased":["Limit Break","Bottled Tornado"],"campfire_rested":3,"item_purchase_floors":[13,13],"current_hp_per_floor":[75,67,56,61,45,45,45,38,38,36,60,40,40,26,50,44,71,52,31,8,8,14,38,16,0],"gold":280,"neow_bonus":"THREE_CARDS","is_prod":false,"is_daily":false,"chose_seed":false,"campfire_upgraded":1,"win_rate":0,"timestamp":1548563917,"path_taken":["M","M","?","M","M","R","?","M","T","M","R","E","?","E","R","BOSS","M","M","M","$","?","R","M","M"],"build_version":"2019-01-23","purchased_purges":1,"victory":false,"max_hp_per_floor":[80,80,80,80,80,80,80,80,80,80,80,80,80,80,80,80,80,80,80,80,80,80,80,80,80],"card_choices":[{"not_picked":["Clash","True Grit"],"picked":"Pummel","floor":0},{"not_picked":["True Grit","Warcry"],"picked":"Sword Boomerang","floor":1},{"not_picked":["Thunderclap","Power Through"],"picked":"True Grit","floor":2},{"not_picked":["Headbutt","Wild Strike"],"picked":"Carnage","floor":4},{"not_picked":["Seeing Red","Flex"],"picked":"Spot Weakness","floor":5},{"not_picked":["Rupture","Dual Wield","Bloodletting"],"picked":"SKIP","floor":8},{"not_picked":["Havoc","Twin Strike"],"picked":"Shockwave","floor":10},{"not_picked":["Clothesline","Armaments"],"picked":"Inflame","floor":12},{"not_picked":["True Grit","Body Slam"],"picked":"Double Tap","floor":14},{"not_picked":["Impervious","Juggernaut"],"picked":"Immolate","floor":16},{"not_picked":["Dual Wield","Clash","Body Slam"],"picked":"SKIP","floor":18},{"not_picked":["Heavy Blade","Corruption"],"picked":"Burning Pact","floor":19},{"not_picked":["Shockwave","Pommel Strike","Warcry"],"picked":"SKIP","floor":20},{"not_picked":["Clothesline","Bloodletting"],"picked":"Ghostly Armor","floor":22},{"not_picked":["Warcry","Thunderclap"],"picked":"Disarm","floor":24}],"player_experience":486337,"relics_obtained":[{"floor":9,"key":"MawBank"},{"floor":12,"key":"Blue Candle"},{"floor":14,"key":"Anchor"},{"floor":22,"key":"Nunchaku"},{"floor":22,"key":"Self Forming Clay"}],"event_choices":[{"damage_healed":0,"gold_gain":75,"player_choice":"Gather Gold","damage_taken":11,"max_hp_gain":0,"max_hp_loss":0,"event_name":"World of Goop","floor":3,"gold_loss":0},{"damage_healed":0,"gold_gain":0,"player_choice":"Grow","damage_taken":0,"max_hp_gain":0,"max_hp_loss":0,"event_name":"Living Wall","floor":7,"gold_loss":0,"cards_upgraded":["Carnage"]},{"damage_healed":0,"gold_gain":0,"player_choice":"Fight","damage_taken":0,"max_hp_gain":0,"max_hp_loss":0,"event_name":"Colosseum","floor":22,"gold_loss":0},{"damage_healed":0,"gold_gain":0,"player_choice":"Fought Nobs","damage_taken":0,"max_hp_gain":0,"max_hp_loss":0,"event_name":"Colosseum","floor":22,"gold_loss":0}],"is_beta":false,"boss_relics":[{"not_picked":["Fusion Hammer","Runic Dome"],"picked":"Lizard Tail"}],"items_purged_floors":[21],"is_endless":false,"potions_floor_spawned":[2,8,10,18,20,22],"killed_by":"Shelled Parasite and Fungi","ascension_level":10}