{"gold_per_floor":[113,113,73,86,161,195,250,264,264,279,296,308,308,4,4,99,99,116,135,152,172,172,172,187,187,233,233,251,251,251,251,251,349,349,360,380,397,24,0,0,0,35,35,60,10,10,10,28,28,28],"floor_reached":51,"playtime":3449,"items_purged":["Defend_G","Outmaneuver"],"score":878,"play_id":"717d133f-a09b-40a2-a0a2-af0e6c01c0f7","local_time":"20190207161900","is_ascension_mode":true,"campfire_choices":[{"data":"Neutralize","floor":13,"key":"SMITH"},{"data":"Cloak And Dagger","floor":15,"key":"SMITH"},{"data":"A Thousand Cuts","floor":23,"key":"SMITH"},{"data":"After Image","floor":27,"key":"SMITH"},{"floor":29,"key":"REST"},{"data":"Blade Dance","floor":32,"key":"SMITH"},{"floor":40,"key":"REST"},{"floor":46,"key":"REST"},{"data":"PiercingWail","floor":49,"key":"SMITH"}],"neow_cost":"NONE","seed_source_timestamp":160869478416062,"circlet_count":0,"master_deck":["Defend_G","Defend_G","Defend_G","Strike_G","Survivor","Neutralize+1","Deadly Poison","Blade Dance+1","Endless Agony","Slice","Backflip","Leg Sweep","Cloak And Dagger+1","PiercingWail+1","A Thousand Cuts+1","Finisher+1","Caltrops+1","Doppelganger+1","Slice","Slice","After Image+1","Blade Dance+1","Acrobatics","Quick Slash+1","Malaise","Infinite Blades","Blade Dance+1","PiercingWail+1","Expertise","Master of Strategy","Infinite Blades","Terror+1"],"relics":["Ring of the Snake","NeowsBlessing","Ninja Scroll","Regal Pillow","Sundial","Ornamental Fan","Astrolabe","Strawberry","Singing Bowl","Cursed Key","Red Mask","Potion Belt","Smiling Mask"],"potions_floor_usage":[7,7,7,24,28,37,37,42,48,50],"damage_taken":[{"damage":0,"enemies":"Cultist","floor":1,"turns":1},{"damage":0,"enemies":"Jaw Worm","floor":4,"turns":1},{"damage":0,"enemies":"3 Sentries","floor":6,"turns":1},{"damage":29,"enemies":"Lagavulin Event","floor":7,"turns":5},{"damage":0,"enemies":"Small Slimes","floor":8,"turns":3},{"damage":0,"enemies":"2 Fungi Beasts","floor":10,"turns":2},{"damage":0,"enemies":"Exordium Wildlife","floor":11,"turns":3},{"damage":1,"enemies":"Exordium Thugs","floor":12,"turns":5},{"damage":22,"enemies":"The Guardian","floor":16,"turns":17},{"damage":0,"enemies":"2 Thieves","floor":18,"turns":3},{"damage":0,"enemies":"Chosen","floor":19,"turns":4},{"damage":7,"enemies":"Centurion and Healer","floor":20,"turns":7},{"damage":19,"enemies":"3 Cultists","floor":21,"turns":6},{"damage":0,"enemies":"Cultist and Chosen","floor":24,"turns":8},{"damage":4,"enemies":"Snake Plant","floor":28,"turns":4},{"damage":46,"enemies":"Collector","floor":33,"turns":11},{"damage":8,"enemies":"3 Shapes","floor":35,"turns":4},{"damage":0,"enemies":"Orb Walker","floor":36,"turns":3},{"damage":18,"enemies":"Transient","floor":37,"turns":5},{"damage":24,"enemies":"Reptomancer","floor":42,"turns":4},{"damage":12,"enemies":"Nemesis","floor":44,"turns":5},{"damage":0,"enemies":"Spire Growth","floor":48,"turns":3},{"damage":44,"enemies":"Donu and Deca","floor":50,"turns":9}],"seed_played":"7601359020439272182","potions_obtained":[{"floor":1,"key":"GamblersBrew"},{"floor":3,"key":"GamblersBrew"},{"floor":3,"key":"GamblersBrew"},{"floor":3,"key":"Regen Potion"},{"floor":4,"key":"Poison Potion"},{"floor":8,"key":"FearPotion"},{"floor":10,"key":"Weak Potion"},{"floor":12,"key":"EssenceOfSteel"},{"floor":18,"key":"Block Potion"},{"floor":33,"key":"Explosive Potion"},{"floor":36,"key":"Dexterity Potion"},{"floor":37,"key":"Weak Potion"},{"floor":44,"key":"EssenceOfSteel"}],"is_trial":false,"path_per_floor":["M","$","?","M","?","E","?","M","T","M","M","M","R","$","R","B",null,"M","M","M","M","?","R","M","?","T","R","M","R","T","?","R","B",null,"M","M","M","$","?","R","?","E","T","E","$","R","?","M","R","B",null],"character_chosen":"THE_SILENT","items_purchased":["Ornamental Fan","PiercingWail","Expertise","Master of Strategy","Infinite Blades"],"campfire_rested":3,"item_purchase_floors":[14,14,38,38,38],"current_hp_per_floor":[70,70,70,70,59,59,45,45,45,45,45,44,44,44,44,22,58,58,58,51,32,32,32,32,32,39,39,35,73,73,73,73,27,65,57,57,39,39,39,77,77,55,55,43,43,79,79,81,81,37],"gold":28,"neow_bonus":"THREE_ENEMY_KILL","is_prod":false,"is_daily":false,"chose_seed":false,"campfire_upgraded":6,"win_rate":0,"timestamp":1549577940,"path_taken":["M","?","?","?","?","E","?","M","T","?","M","M","R","$","R","BOSS","M","M","M","M","?","R","M","?","T","R","M","R","?","?","R","BOSS","M","M","M","$","?","R","?","E","T","E","$","R","?","M","R","BOSS"],"build_version":"2019-01-23","purchased_purges":2,"victory":true,"max_hp_per_floor":[70,70,70,70,70,70,70,70,70,70,70,70,70,70,70,70,70,70,70,70,70,70,70,70,70,77,77,77,77,77,77,77,77,77,77,77,77,77,77,77,77,79,79,79,79,79,79,81,81,81],"card_choices":[{"not_picked":["Tactician","Bane"],"picked":"Deadly Poison","floor":1},{"not_picked":["Sucker Punch","Setup"],"picked":"Blade Dance","floor":4},{"not_picked":["Distraction","Dagger Spray"],"picked":"Endless Agony","floor":6},{"not_picked":["Flying Knee","Night Terror"],"picked":"Slice","floor":7},{"not_picked":["Endless Agony","Slice"],"picked":"Backflip","floor":8},{"not_picked":["Dodge and Roll","Blur"],"picked":"Leg Sweep","floor":10},{"not_picked":["Bane","Flechettes","Concentrate"],"picked":"SKIP","floor":11},{"not_picked":["Expertise","Deflect"],"picked":"Cloak And Dagger","floor":12},{"not_picked":["Grand Finale","Die Die Die"],"picked":"A Thousand Cuts","floor":16},{"not_picked":["Bane","Prepared"],"picked":"Slice","floor":18},{"not_picked":["Dagger Throw","Dodge and Roll"],"picked":"Slice","floor":19},{"not_picked":["Outmaneuver","Dagger Spray"],"picked":"After Image","floor":20},{"not_picked":["Eviscerate","Flechettes"],"picked":"Blade Dance","floor":21},{"not_picked":["Deflect","Slice+1"],"picked":"Quick Slash+1","floor":24},{"not_picked":["Dagger Spray","Flying Knee+1","Cloak And Dagger"],"picked":"SKIP","floor":28},{"not_picked":["Corpse Explosion","Bullet Time"],"picked":"Malaise","floor":33},{"not_picked":["Flechettes+1","Quick Slash+1"],"picked":"Infinite Blades","floor":35},{"not_picked":["Sucker Punch+1","Dagger Spray"],"picked":"Blade Dance+1","floor":36},{"not_picked":["Heel Hook","Dagger Throw+1"],"picked":"PiercingWail+1","floor":37},{"not_picked":["Venomology","Catalyst","Acrobatics+1"],"picked":"Singing Bowl","floor":42},{"not_picked":["Slice+1","Deadly Poison+1"],"picked":"Terror+1","floor":44},{"not_picked":["PiercingWail","Tactician+1","Concentrate"],"picked":"Singing Bowl","floor":48}],"player_experience":85346,"relics_obtained":[{"floor":6,"key":"Ninja Scroll"},{"floor":9,"key":"Sundial"},{"floor":26,"key":"Strawberry"},{"floor":30,"key":"Singing Bowl"},{"floor":42,"key":"Potion Belt"},{"floor":44,"key":"Smiling Mask"}],"event_choices":[{"damage_healed":0,"gold_gain":0,"player_choice":"Bought 3 Potions","damage_taken":0,"max_hp_gain":0,"max_hp_loss":0,"event_name":"The Woman in Blue","floor":3,"gold_loss":0},{"damage_healed":0,"gold_gain":75,"player_choice":"Gather Gold","damage_taken":11,"max_hp_gain":0,"max_hp_loss":0,"event_name":"World of Goop","floor":5,"gold_loss":0},{"damage_healed":0,"gold_gain":0,"player_choice":"Searched \u00272\u0027 times","damage_taken":0,"relics_obtained":["Regal Pillow"],"max_hp_gain":0,"max_hp_loss":0,"event_name":"Dead Adventurer","floor":7,"gold_loss":0},{"damage_healed":0,"gold_gain":0,"player_choice":"Read","damage_taken":0,"max_hp_gain":0,"max_hp_loss":0,"event_name":"The Library","floor":22,"gold_loss":0,"cards_obtained":["Acrobatics"]},{"damage_healed":0,"gold_gain":0,"player_choice":"Ignored","damage_taken":0,"max_hp_gain":0,"max_hp_loss":0,"event_name":"Cursed Tome","floor":25,"gold_loss":0},{"damage_healed":0,"gold_gain":0,"cards_transformed":["Defend_G"],"player_choice":"Transformed","damage_taken":0,"max_hp_gain":0,"max_hp_loss":0,"event_name":"Transmorgrifier","floor":31,"gold_loss":0,"cards_obtained":["Outmaneuver"]},{"damage_healed":0,"gold_gain":0,"player_choice":"Paid","damage_taken":0,"relics_obtained":["Red Mask"],"max_hp_gain":0,"max_hp_loss":0,"event_name":"Tomb of Lord Red Mask","floor":39,"gold_loss":24},{"cards_removed":["Strike_G"],"damage_healed":0,"gold_gain":0,"player_choice":"Removed Attack","damage_taken":0,"max_hp_gain":0,"max_hp_loss":0,"event_name":"Falling","floor":41,"gold_loss":0},{"damage_healed":0,"gold_gain":0,"player_choice":"Forge","damage_taken":0,"max_hp_gain":0,"max_hp_loss":0,"event_name":"Accursed Blacksmith","floor":47,"gold_loss":0,"cards_upgraded":["Blade Dance"]}],"is_beta":false,"boss_relics":[{"not_picked":["Calling Bell","Snecko Eye"],"picked":"Astrolabe"},{"not_picked":["Philosopher\u0027s Stone","Fusion Hammer"],"picked":"Cursed Key"}],"items_purged_floors":[38,45],"is_endless":false,"potions_floor_spawned":[1,4,8,10,12,18,33,36,37,44],"ascension_level":5}