{"gold_per_floor":[114,114,125,125,139,139,172,172,220,238,257,257,33,51,51,146,146,166,166,9,9,9,9,41,60,60,73,73],"floor_reached":28,"playtime":1837,"items_purged":["Strike_R"],"score":299,"play_id":"d8b555e9-744f-43e5-8e60-800510ba16cd","local_time":"20181215220101","is_ascension_mode":true,"campfire_choices":[{"data":"Clothesline","floor":6,"key":"SMITH"},{"floor":8,"key":"REST"},{"data":"Magnetism","floor":15,"key":"SMITH"},{"data":"Bludgeon","floor":23,"key":"SMITH"}],"neow_cost":"NONE","seed_source_timestamp":325051856909531,"circlet_count":0,"master_deck":["Defend_R","Defend_R","Defend_R","Defend_R","Bash","Clothesline+1","Cleave","Spot Weakness","Magnetism+1","Bludgeon+1","Body Slam+1","Bite","Bite","Bite","Bite","Bite","Flame Barrier+1","Flex","Power Through"],"relics":["Burning Blood","Smiling Mask","Ancient Tea Set","Mark of Pain","Anchor","Bag of Marbles","Molten Egg 2"],"potions_floor_usage":[7,14,16,16,16,16,25,28,28],"damage_taken":[{"damage":9,"enemies":"2 Louse","floor":1,"turns":3},{"damage":12,"enemies":"Small Slimes","floor":3,"turns":4},{"damage":2,"enemies":"Cultist","floor":5,"turns":4},{"damage":47,"enemies":"Lagavulin","floor":7,"turns":8},{"damage":9,"enemies":"Looter","floor":10,"turns":4},{"damage":11,"enemies":"Red Slaver","floor":11,"turns":4},{"damage":20,"enemies":"Large Slime","floor":14,"turns":5},{"damage":38,"enemies":"The Guardian","floor":16,"turns":12},{"damage":6,"enemies":"Chosen","floor":18,"turns":4},{"damage":48,"enemies":"Slavers","floor":24,"turns":5},{"damage":4,"enemies":"Shell Parasite","floor":25,"turns":6},{"damage":13,"enemies":"Cultist and Chosen","floor":27,"turns":5},{"damage":108,"enemies":"Gremlin Leader","floor":28,"turns":8}],"seed_played":"-7917452559773043114","potions_obtained":[{"floor":5,"key":"SteroidPotion"},{"floor":7,"key":"Poison Potion"},{"floor":10,"key":"LiquidBronze"},{"floor":12,"key":"EntropicBrew"},{"floor":12,"key":"Fire Potion"},{"floor":16,"key":"Block Potion"},{"floor":18,"key":"Regen Potion"}],"is_trial":false,"path_per_floor":["M","?","M","?","M","R","E","R","T","M","M","?","$","M","R","B",null,"M","T","$","?","$","R","E","M","T","M","E"],"character_chosen":"IRONCLAD","items_purchased":["Magnetism","Anchor"],"campfire_rested":1,"item_purchase_floors":[13,20],"current_hp_per_floor":[85,73,67,88,88,88,47,73,73,72,69,69,69,57,57,27,88,88,88,88,88,88,88,52,64,64,69,0],"gold":73,"neow_bonus":"TEN_PERCENT_HP_BONUS","is_prod":false,"is_daily":false,"chose_seed":false,"campfire_upgraded":3,"win_rate":0,"timestamp":1544932861,"path_taken":["M","?","M","?","M","R","E","R","T","?","M","?","$","M","R","BOSS","M","?","$","?","$","R","E","M","T","M","E"],"build_version":"2018-12-13","purchased_purges":1,"victory":false,"max_hp_per_floor":[88,88,88,88,88,88,88,88,88,88,88,88,88,88,88,88,88,88,88,88,88,88,88,88,88,88,88,88],"card_choices":[{"not_picked":["Combust","Iron Wave"],"picked":"Clothesline","floor":1},{"not_picked":["Dropkick","Headbutt","Warcry"],"picked":"SKIP","floor":3},{"not_picked":["Headbutt","Brutality"],"picked":"Cleave","floor":5},{"not_picked":["Clothesline","Anger","Wild Strike"],"picked":"SKIP","floor":7},{"not_picked":["Whirlwind","Metallicize"],"picked":"Spot Weakness","floor":10},{"not_picked":["Thunderclap","Perfected Strike","Warcry"],"picked":"SKIP","floor":11},{"not_picked":["Cleave","Wild Strike","Headbutt"],"picked":"SKIP","floor":14},{"not_picked":["Double Tap","Barricade"],"picked":"Bludgeon","floor":16},{"not_picked":["Headbutt+1","Twin Strike"],"picked":"Body Slam+1","floor":18},{"not_picked":["Sword Boomerang+1","Thunderclap"],"picked":"Flame Barrier+1","floor":24},{"not_picked":["Intimidate","Body Slam"],"picked":"Flex","floor":25},{"not_picked":["Headbutt+1","Sword Boomerang+1"],"picked":"Power Through","floor":27}],"player_experience":291484,"relics_obtained":[{"floor":7,"key":"Blood Vial"},{"floor":9,"key":"Ancient Tea Set"},{"floor":24,"key":"Bag of Marbles"},{"floor":26,"key":"Molten Egg 2"}],"event_choices":[{"damage_healed":0,"gold_gain":0,"player_choice":"Success","damage_taken":12,"relics_obtained":["Smiling Mask"],"max_hp_gain":0,"max_hp_loss":0,"event_name":"Scrap Ooze","floor":2,"gold_loss":0},{"damage_healed":21,"gold_gain":0,"player_choice":"Full Heal","damage_taken":0,"max_hp_gain":0,"max_hp_loss":0,"event_name":"Wheel of Change","floor":4,"gold_loss":0},{"damage_healed":0,"gold_gain":0,"player_choice":"Got Potions","damage_taken":0,"max_hp_gain":0,"max_hp_loss":0,"event_name":"Lab","floor":12,"gold_loss":0},{"damage_healed":0,"gold_gain":0,"player_choice":"Became a vampire (Vial)","damage_taken":0,"max_hp_gain":0,"max_hp_loss":0,"event_name":"Vampires","floor":21,"relics_lost":["Blood Vial"],"gold_loss":0,"cards_obtained":["Bite","Bite","Bite","Bite","Bite"]}],"is_beta":false,"boss_relics":[{"not_picked":["Lizard Tail","Coffee Dripper"],"picked":"Mark of Pain"}],"items_purged_floors":[13],"is_endless":false,"potions_floor_spawned":[5,7,10,16,18],"killed_by":"Gremlin Leader","ascension_level":3}