{"gold_per_floor":[109,129,129,54,54,86,17,17,17,17,53,69,69,94,94,213,213,229,229,143,129,51,51],"floor_reached":23,"playtime":1247,"items_purged":["Regret"],"score":326,"play_id":"92b01269-c877-4f1f-ae78-bda34cc522b8","local_time":"20190101112420","is_ascension_mode":true,"campfire_choices":[{"data":"Barricade","floor":10,"key":"SMITH"},{"data":"Rage","floor":15,"key":"SMITH"}],"neow_cost":"NONE","seed_source_timestamp":1054465438978762,"circlet_count":0,"master_deck":["Strike_R","Strike_R","Strike_R","Strike_R","Strike_R","Defend_R","Defend_R","Defend_R","Defend_R","Bash","True Grit","Ghostly Armor","Barricade+1","Metallicize","Spot Weakness+1","Shrug It Off","Rage+1","Burning Pact+1","Body Slam","Feel No Pain","Havoc","Battle Trance+1","Entrench"],"relics":["Burning Blood","NeowsBlessing","Magic Flower","Bronze Scales","Anchor","Golden Idol","Blue Candle","Incense Burner"],"potions_floor_usage":[16,18,23],"damage_taken":[{"damage":0,"enemies":"2 Louse","floor":1,"turns":1},{"damage":0,"enemies":"Jaw Worm","floor":2,"turns":1},{"damage":0,"enemies":"Lagavulin","floor":6,"turns":1},{"damage":14,"enemies":"3 Sentries","floor":11,"turns":15},{"damage":0,"enemies":"Cultist","floor":12,"turns":4},{"damage":0,"enemies":"Large Slime","floor":14,"turns":7},{"damage":0,"enemies":"The Guardian","floor":16,"turns":13},{"damage":3,"enemies":"Spheric Guardian","floor":18,"turns":8},{"damage":29,"enemies":"2 Thieves","floor":21,"turns":4},{"damage":65,"enemies":"Book of Stabbing","floor":23,"turns":7}],"seed_played":"-3398317602063360674","potions_obtained":[{"floor":2,"key":"Poison Potion"},{"floor":12,"key":"Block Potion"},{"floor":14,"key":"Strength Potion"},{"floor":16,"key":"Ancient Potion"},{"floor":18,"key":"BloodPotion"}],"is_trial":false,"path_per_floor":["M","M","?","$","?","E","$","?","T","R","E","M","?","M","R","B",null,"M","?","$","M","$","E"],"character_chosen":"IRONCLAD","items_purchased":["Metallicize","Feel No Pain","Havoc","Entrench"],"campfire_rested":0,"item_purchase_floors":[7,20,20,22],"current_hp_per_floor":[80,80,80,80,68,77,77,74,74,74,69,74,74,74,74,74,74,74,74,74,54,54,0],"gold":51,"neow_bonus":"THREE_ENEMY_KILL","is_prod":false,"is_daily":false,"chose_seed":false,"campfire_upgraded":2,"win_rate":0,"timestamp":1546363460,"path_taken":["M","M","?","$","?","E","$","?","T","R","E","?","?","?","R","BOSS","M","?","$","M","$","E"],"build_version":"2018-12-20","purchased_purges":1,"victory":false,"max_hp_per_floor":[80,80,80,80,80,80,80,74,74,74,74,74,74,74,74,74,74,74,74,74,74,74,74],"card_choices":[{"not_picked":["Warcry","Armaments"],"picked":"True Grit","floor":1},{"not_picked":["Heavy Blade","Brutality"],"picked":"Ghostly Armor","floor":2},{"not_picked":["Bloodletting","Evolve"],"picked":"Barricade","floor":6},{"not_picked":["Infernal Blade","Dark Embrace"],"picked":"Spot Weakness","floor":11},{"not_picked":["Anger","Armaments"],"picked":"Shrug It Off","floor":12},{"not_picked":["Sentinel","Cleave"],"picked":"Rage","floor":14},{"not_picked":["Wild Strike","Sword Boomerang"],"picked":"Burning Pact+1","floor":18},{"not_picked":["Infernal Blade","Perfected Strike"],"picked":"Battle Trance+1","floor":21}],"player_experience":344828,"relics_obtained":[{"floor":6,"key":"Anchor"},{"floor":9,"key":"Blue Candle"},{"floor":11,"key":"Incense Burner"}],"event_choices":[{"damage_healed":0,"gold_gain":0,"player_choice":"Box","damage_taken":0,"relics_obtained":["Magic Flower"],"max_hp_gain":0,"max_hp_loss":0,"event_name":"Big Fish","floor":3,"gold_loss":0,"cards_obtained":["Regret"]},{"damage_healed":0,"gold_gain":0,"player_choice":"Success","damage_taken":12,"relics_obtained":["Bronze Scales"],"max_hp_gain":0,"max_hp_loss":0,"event_name":"Scrap Ooze","floor":5,"gold_loss":0},{"damage_healed":0,"gold_gain":0,"player_choice":"Lose Max HP","damage_taken":0,"relics_obtained":["Golden Idol"],"max_hp_gain":0,"max_hp_loss":6,"event_name":"Golden Idol","floor":8,"gold_loss":0},{"damage_healed":0,"gold_gain":0,"player_choice":"Upgraded","damage_taken":0,"max_hp_gain":0,"max_hp_loss":0,"event_name":"Upgrade Shrine","floor":13,"gold_loss":0,"cards_upgraded":["Spot Weakness"]},{"damage_healed":0,"gold_gain":0,"player_choice":"Read","damage_taken":0,"max_hp_gain":0,"max_hp_loss":0,"event_name":"The Library","floor":19,"gold_loss":0,"cards_obtained":["Body Slam"]}],"is_beta":false,"boss_relics":[{"not_picked":["Pandora\u0027s Box","Calling Bell","Astrolabe"]}],"items_purged_floors":[4],"is_endless":false,"potions_floor_spawned":[2,12,14,16,18,21],"killed_by":"Book of Stabbing","ascension_level":4}