{"gold_per_floor":[211,221,37,54,65,98,116,116,116,146,166,181,181,198,198,301,301,315,414,414,339,389,389,399,399,399,7,27,39,55,72,72,167,167,177,177,191,18,34,34,34,34,57,57,70,19,36,56,56,56],"floor_reached":51,"playtime":5516,"items_purged":["Strike_G","Strike_G"],"score":889,"play_id":"eea9e0df-23ff-41ce-bd35-1810b6088d09","local_time":"20190924102748","is_ascension_mode":true,"campfire_choices":[{"data":"Neutralize","floor":8.0,"key":"SMITH"},{"data":"Well Laid Plans","floor":15.0,"key":"SMITH"},{"data":"Noxious Fumes","floor":23.0,"key":"SMITH"},{"data":"A Thousand Cuts","floor":25.0,"key":"SMITH"},{"floor":32.0,"key":"REST"},{"data":"Wraith Form v2","floor":40,"key":"SMITH"},{"data":"Catalyst","floor":42,"key":"SMITH"},{"data":"Footwork","floor":44,"key":"SMITH"},{"floor":49,"key":"REST"}],"neow_cost":"NONE","seed_source_timestamp":0,"circlet_count":0,"master_deck":["Strike_G","Defend_G","Defend_G","Defend_G","Defend_G","Defend_G","Survivor","Neutralize+1","Skewer+1","Well Laid Plans+1","Noxious Fumes+1","Backflip","Predator+1","Catalyst+1","Dodge and Roll","A Thousand Cuts+1","Leg Sweep+1","Footwork+1","Deadly Poison","Deadly Poison+1","Prepared+1","Crippling Poison","Wraith Form v2+1","Acrobatics+1","Footwork+1","Noxious Fumes","Noxious Fumes+1","Crippling Poison","PiercingWail+1"],"special_seed":0,"relics":["Ring of the Snake","Art of War","Bottled Flame","Pear","Lantern","Velvet Choker","Tingsha","Whetstone","Eternal Feather","Boot"],"potions_floor_usage":[48,50,50,50],"damage_taken":[{"damage":2.0,"enemies":"Jaw Worm","floor":1.0,"turns":6.0},{"damage":1.0,"enemies":"2 Louse","floor":2.0,"turns":3.0},{"damage":0.0,"enemies":"Small Slimes","floor":4.0,"turns":3.0},{"damage":4.0,"enemies":"3 Louse","floor":5.0,"turns":5.0},{"damage":17.0,"enemies":"3 Sentries","floor":6.0,"turns":9.0},{"damage":3.0,"enemies":"Red Slaver","floor":7.0,"turns":4.0},{"damage":12.0,"enemies":"Gremlin Nob","floor":10.0,"turns":4.0},{"damage":9.0,"enemies":"Lots of Slimes","floor":11.0,"turns":5.0},{"damage":4.0,"enemies":"Blue Slaver","floor":12.0,"turns":3.0},{"damage":0.0,"enemies":"2 Fungi Beasts","floor":14.0,"turns":3.0},{"damage":6.0,"enemies":"Hexaghost","floor":16.0,"turns":10.0},{"damage":20.0,"enemies":"Spheric Guardian","floor":18.0,"turns":5.0},{"damage":15.0,"enemies":"3 Byrds","floor":24.0,"turns":5.0},{"damage":10.0,"enemies":"Centurion and Healer","floor":28.0,"turns":6.0},{"damage":11.0,"enemies":"Shelled Parasite and Fungi","floor":29.0,"turns":4.0},{"damage":19.0,"enemies":"Sentry and Sphere","floor":30.0,"turns":5.0},{"damage":0.0,"enemies":"3 Cultists","floor":31.0,"turns":5.0},{"damage":24.0,"enemies":"Automaton","floor":33.0,"turns":9.0},{"damage":21.0,"enemies":"3 Darklings","floor":35.0,"turns":7.0},{"damage":0.0,"enemies":"3 Shapes","floor":37.0,"turns":4.0},{"damage":8,"enemies":"Writhing Mass","floor":39,"turns":10},{"damage":31,"enemies":"Jaw Worm Horde","floor":45,"turns":5},{"damage":0,"enemies":"3 Darklings","floor":47,"turns":6},{"damage":1,"enemies":"Maw","floor":48,"turns":6},{"damage":24,"enemies":"Donu and Deca","floor":50,"turns":9}],"seed_played":"6675173870067394820","potions_obtained":[{"floor":1.0,"key":"PowerPotion"},{"floor":5.0,"key":"Weak Potion"},{"floor":7.0,"key":"SkillPotion"},{"floor":12.0,"key":"Energy Potion"},{"floor":14.0,"key":"GamblersBrew"},{"floor":24.0,"key":"Energy Potion"},{"floor":28.0,"key":"EntropicBrew"},{"floor":45,"key":"LiquidBronze"},{"floor":48,"key":"Swift Potion"}],"is_trial":false,"path_per_floor":["M","M","$","M","M","E","M","R","T","E","M","M","?","M","R","B",null,"M","?","?","?","?","R","M","R","T","$","M","M","M","M","R","B",null,"M","?","M","$","M","R","?","R","T","R","M","$","M","M","R","B",null],"character_chosen":"THE_SILENT","items_purchased":["Noxious Fumes","Art of War","Footwork","Deadly Poison","Whetstone","Fire Potion","Noxious Fumes","Block Potion"],"campfire_rested":2,"item_purchase_floors":[3,3,27,27,27,27,38,46],"current_hp_per_floor":[61,60,60,60,56,39,36,36,46,34,25,21,21,21,21,15,64,44,44,70,70,70,70,55,55,55,55,45,34,15,15,39,15,64,43,43,43,43,35,50,90,90,90,90,59,59,59,58,90,66],"gold":56,"neow_bonus":"HUNDRED_GOLD","is_prod":false,"is_daily":false,"chose_seed":false,"campfire_upgraded":7,"win_rate":0,"timestamp":1569338868,"path_taken":["M","M","$","M","M","E","M","R","T","E","M","M","?","M","R","BOSS","M","?","?","?","?","R","M","R","T","$","M","M","?","M","R","BOSS","M","?","M","$","M","R","?","R","T","R","M","$","M","M","R","BOSS"],"build_version":"2019-07-17","purchased_purges":2,"victory":true,"max_hp_per_floor":[70,70,70,70,70,70,70,70,80,80,80,80,80,80,80,80,80,80,80,80,80,80,80,80,80,80,80,80,80,80,80,80,80,80,80,80,80,80,80,80,90,90,90,90,90,90,90,90,90,90],"card_choices":[{"not_picked":["Prepared","Backflip"],"picked":"Skewer","floor":1.0},{"not_picked":["Bane","Deflect"],"picked":"Well Laid Plans","floor":2.0},{"not_picked":["Outmaneuver","Poisoned Stab"],"picked":"Backflip","floor":4.0},{"not_picked":["Underhanded Strike","Blur"],"picked":"Predator","floor":5.0},{"not_picked":["Cloak And Dagger","Quick Slash"],"picked":"Glass Knife","floor":6.0},{"not_picked":["Prepared","Bane"],"picked":"Catalyst","floor":7.0},{"not_picked":["Heel Hook","Tactician","Prepared"],"picked":"SKIP","floor":10.0},{"not_picked":["Bane","Dagger Spray","Prepared"],"picked":"SKIP","floor":11.0},{"not_picked":["Heel Hook","Caltrops"],"picked":"Poisoned Stab","floor":12.0},{"not_picked":["Predator","Flying Knee"],"picked":"Dodge and Roll","floor":14.0},{"not_picked":["Grand Finale","Envenom"],"picked":"A Thousand Cuts","floor":16.0},{"not_picked":["Catalyst","Bane","Dagger Throw"],"picked":"SKIP","floor":18.0},{"not_picked":["Prepared+1","Blur+1"],"picked":"Leg Sweep+1","floor":24.0},{"not_picked":["Blade Dance","Catalyst"],"picked":"Deadly Poison+1","floor":28.0},{"not_picked":["Concentrate+1","Dagger Throw+1"],"picked":"Prepared+1","floor":29.0},{"not_picked":["Riddle With Holes","Underhanded Strike","Dagger Throw+1"],"picked":"SKIP","floor":30.0},{"not_picked":["Sucker Punch","Dagger Throw"],"picked":"Crippling Poison","floor":31.0},{"not_picked":["After Image","Envenom"],"picked":"Wraith Form v2","floor":33.0},{"not_picked":["All Out Attack+1","Slice"],"picked":"Acrobatics+1","floor":35.0},{"not_picked":["Backflip","Well Laid Plans+1"],"picked":"Footwork+1","floor":37.0},{"not_picked":["Quick Slash+1","Sucker Punch"],"picked":"Noxious Fumes+1","floor":39},{"not_picked":["Finisher+1","Slice+1"],"picked":"Crippling Poison","floor":45},{"not_picked":["Slice+1","Flying Knee"],"picked":"PiercingWail+1","floor":47},{"not_picked":["Prepared","Cloak And Dagger+1","Flying Knee"],"picked":"SKIP","floor":48}],"player_experience":115693,"relics_obtained":[{"floor":6.0,"key":"Bottled Flame"},{"floor":9.0,"key":"Pear"},{"floor":10.0,"key":"Lantern"},{"floor":26.0,"key":"Tingsha"},{"floor":43,"key":"Boot"}],"event_choices":[{"cards_removed":["Strike_G"],"damage_healed":0.0,"max_hp_gain":0.0,"max_hp_loss":0.0,"gold_gain":0.0,"event_name":"Living Wall","player_choice":"Forget","floor":13.0,"gold_loss":0.0,"damage_taken":0.0},{"damage_healed":0.0,"max_hp_gain":0.0,"max_hp_loss":0.0,"gold_gain":99.0,"event_name":"Nest","player_choice":"Stole From Cult","floor":19.0,"gold_loss":0.0,"damage_taken":0.0},{"damage_healed":26.0,"max_hp_gain":0.0,"max_hp_loss":0.0,"gold_gain":0.0,"event_name":"The Library","player_choice":"Heal","floor":20.0,"gold_loss":0.0,"damage_taken":0.0},{"cards_removed":["Strike_G"],"damage_healed":0.0,"max_hp_gain":0.0,"max_hp_loss":0.0,"gold_gain":0.0,"event_name":"Beggar","player_choice":"Gave Gold","floor":21.0,"gold_loss":75.0,"damage_taken":0.0},{"damage_healed":0.0,"max_hp_gain":0.0,"max_hp_loss":0.0,"gold_gain":100.0,"event_name":"The Joust","player_choice":"Bet on Murderer","floor":22.0,"gold_loss":50.0,"damage_taken":0.0},{"cards_removed":["Poisoned Stab"],"damage_healed":0.0,"max_hp_gain":0.0,"max_hp_loss":0.0,"gold_gain":0.0,"event_name":"Falling","player_choice":"Removed Attack","floor":36.0,"gold_loss":0.0,"damage_taken":0.0},{"cards_removed":["Glass Knife"],"damage_healed":30,"gold_gain":0,"player_choice":"Offered Rare","damage_taken":0,"max_hp_gain":10,"max_hp_loss":0,"event_name":"Bonfire Elementals","floor":41,"gold_loss":0}],"is_beta":false,"boss_relics":[{"not_picked":["HoveringKite","Pandora\u0027s Box"],"picked":"Velvet Choker"},{"not_picked":["WristBlade","Runic Pyramid"],"picked":"Eternal Feather"}],"items_purged_floors":[27,38],"is_endless":false,"potions_floor_spawned":[1,5,7,12,14,24,28,29,45,48],"ascension_level":7}