{"gold_per_floor":[116,216,235,255,269,269,289,289,316,336,36,36,48,48,48,169],"floor_reached":16,"playtime":1166,"items_purged":[],"score":187,"play_id":"b91b5c14-b5fb-4c84-82d2-a29eef57157d","local_time":"20190110165224","is_ascension_mode":true,"campfire_choices":[{"data":"Prepared","floor":6,"key":"SMITH"},{"floor":12,"key":"REST"},{"data":"Skewer","floor":15,"key":"SMITH"}],"neow_cost":"NONE","seed_source_timestamp":131141688739021,"circlet_count":0,"master_deck":["Defend_G+1","Defend_G","Defend_G","Strike_G","Strike_G","Strike_G","Strike_G","Survivor","Neutralize","Acrobatics+1","Eviscerate+1","Leg Sweep+1","Well Laid Plans","Deadly Poison+1","Quick Slash","Prepared+1","Calculated Gamble","Poisoned Stab","Thinking Ahead","Skewer+1"],"relics":["Astrolabe","War Paint","Membership Card","Golden Idol"],"potions_floor_usage":[],"damage_taken":[{"damage":6,"enemies":"2 Louse","floor":1,"turns":5},{"damage":17,"enemies":"Cultist","floor":3,"turns":8},{"damage":7,"enemies":"Jaw Worm","floor":4,"turns":3},{"damage":12,"enemies":"3 Louse","floor":5,"turns":4},{"damage":12,"enemies":"Large Slime","floor":7,"turns":6},{"damage":2,"enemies":"Red Slaver","floor":10,"turns":4},{"damage":6,"enemies":"Looter","floor":13,"turns":3},{"damage":17,"enemies":"Hexaghost","floor":16,"turns":10}],"seed_played":"-5786131621192061729","potions_obtained":[{"floor":1,"key":"GamblersBrew"},{"floor":4,"key":"FearPotion"},{"floor":5,"key":"Dexterity Potion"}],"is_trial":false,"path_per_floor":["M","?","M","M","M","R","M","?","T","M","$","R","M","?","R","B"],"character_chosen":"THE_SILENT","items_purchased":["Membership Card","Thinking Ahead"],"campfire_rested":1,"item_purchase_floors":[11,11],"current_hp_per_floor":[57,57,40,33,21,21,9,9,9,7,7,28,22,22,22,5],"gold":169,"neow_bonus":"BOSS_RELIC","is_prod":false,"is_daily":false,"chose_seed":false,"campfire_upgraded":2,"win_rate":0,"timestamp":1547160744,"path_taken":["M","?","M","M","?","R","M","?","T","M","$","R","M","?","R","BOSS"],"build_version":"2019-01-03v4","purchased_purges":0,"victory":false,"max_hp_per_floor":[70,70,70,70,70,70,70,70,70,70,70,70,70,65,65,65],"card_choices":[{"not_picked":["All Out Attack","Cloak And Dagger"],"picked":"Well Laid Plans","floor":1},{"not_picked":["Well Laid Plans","Calculated Gamble"],"picked":"Deadly Poison","floor":3},{"not_picked":["Backflip","Calculated Gamble"],"picked":"Quick Slash","floor":4},{"not_picked":["Backflip","Dagger Spray"],"picked":"Prepared","floor":5},{"not_picked":["Outmaneuver","Blade Dance"],"picked":"Calculated Gamble","floor":7},{"not_picked":["Dodge and Roll","Terror"],"picked":"Poisoned Stab","floor":10},{"not_picked":["Escape Plan","Dagger Spray"],"picked":"Skewer","floor":13}],"player_experience":391507,"relics_obtained":[{"floor":9,"key":"War Paint"}],"event_choices":[{"damage_healed":0,"gold_gain":100,"player_choice":"Pray","damage_taken":0,"max_hp_gain":0,"max_hp_loss":0,"event_name":"Golden Shrine","floor":2,"gold_loss":0},{"damage_healed":0,"gold_gain":0,"player_choice":"Ignored","damage_taken":0,"max_hp_gain":0,"max_hp_loss":0,"event_name":"Shining Light","floor":8,"gold_loss":0},{"damage_healed":0,"gold_gain":0,"player_choice":"Lose Max HP","damage_taken":0,"relics_obtained":["Golden Idol"],"max_hp_gain":0,"max_hp_loss":5,"event_name":"Golden Idol","floor":14,"gold_loss":0}],"is_beta":false,"boss_relics":[],"items_purged_floors":[],"is_endless":false,"potions_floor_spawned":[1,4,5],"killed_by":"Hexaghost","ascension_level":6}