{"gold_per_floor":[113,124,140,157,13,13,45,63,63,63,89,89,89,122,122,220,220,232,242,242,262,262],"floor_reached":22,"playtime":2008,"items_purged":[],"score":237,"play_id":"6b7657c8-825a-404f-91be-a8317a2f8fb5","local_time":"20190130200013","is_ascension_mode":true,"campfire_choices":[{"data":"Bash","floor":6,"key":"SMITH"},{"data":"True Grit","floor":10,"key":"SMITH"},{"data":"Combust","floor":13,"key":"SMITH"},{"data":"True Grit","floor":15,"key":"SMITH"}],"neow_cost":"NONE","seed_source_timestamp":535338621501175,"circlet_count":0,"master_deck":["Strike_R","Strike_R","Strike_R","Strike_R","Strike_R","Defend_R","Defend_R","Defend_R","Defend_R","Bash+1","Sword Boomerang","Pommel Strike","Battle Trance","Combust+1","True Grit+1","Impervious","True Grit+1","Limit Break","Battle Trance","Spot Weakness","Whirlwind","Clothesline"],"relics":["Burning Blood","Vajra","WingedGreaves","Self Forming Clay","Pantograph","Orrery"],"potions_floor_usage":[7,14,22],"damage_taken":[{"damage":6,"enemies":"Cultist","floor":1,"turns":3},{"damage":2,"enemies":"2 Louse","floor":2,"turns":2},{"damage":8,"enemies":"Jaw Worm","floor":3,"turns":4},{"damage":15,"enemies":"2 Fungi Beasts","floor":4,"turns":3},{"damage":22,"enemies":"3 Sentries","floor":7,"turns":6},{"damage":7,"enemies":"Blue Slaver","floor":8,"turns":3},{"damage":20,"enemies":"Lagavulin","floor":11,"turns":6},{"damage":24,"enemies":"3 Sentries","floor":14,"turns":5},{"damage":36,"enemies":"The Guardian","floor":16,"turns":13},{"damage":32,"enemies":"Spheric Guardian","floor":18,"turns":6},{"damage":14,"enemies":"3 Byrds","floor":19,"turns":4},{"damage":18,"enemies":"3 Cultists","floor":21,"turns":4},{"damage":36,"enemies":"Sentry and Sphere","floor":22,"turns":5}],"seed_played":"-5652420486102110210","potions_obtained":[{"floor":4,"key":"Regen Potion"},{"floor":8,"key":"GamblersBrew"},{"floor":11,"key":"Ancient Potion"},{"floor":19,"key":"Block Potion"}],"is_trial":false,"path_per_floor":["M","M","M","M","$","R","E","M","T","R","E","?","R","E","R","B",null,"M","M","$","M","M"],"character_chosen":"IRONCLAD","items_purchased":["Vajra"],"campfire_rested":0,"item_purchase_floors":[5],"current_hp_per_floor":[80,80,78,69,69,69,68,67,67,67,53,53,53,35,35,30,80,54,46,46,34,0],"gold":262,"neow_bonus":"THREE_CARDS","is_prod":false,"is_daily":false,"chose_seed":false,"campfire_upgraded":4,"win_rate":0,"timestamp":1548900013,"path_taken":["M","M","M","M","$","R","E","M","T","R","E","?","R","E","R","BOSS","M","M","$","M","M"],"build_version":"2019-01-23","purchased_purges":0,"victory":false,"max_hp_per_floor":[80,80,80,80,80,80,80,80,80,80,80,80,80,80,80,80,80,80,80,80,80,80],"card_choices":[{"not_picked":["Power Through","Battle Trance"],"picked":"Sword Boomerang","floor":0},{"not_picked":["Sword Boomerang","Havoc"],"picked":"Pommel Strike","floor":1},{"not_picked":["Clash","Second Wind"],"picked":"Battle Trance","floor":2},{"not_picked":["Wild Strike","Havoc"],"picked":"Combust","floor":3},{"not_picked":["Bloodletting","Perfected Strike"],"picked":"True Grit","floor":4},{"not_picked":["Burning Pact","Second Wind","Exhume"],"picked":"SKIP","floor":7},{"not_picked":["Thunderclap","Cleave","Bloodletting"],"picked":"SKIP","floor":8},{"not_picked":["Thunderclap","Cleave","Bloodletting"],"picked":"SKIP","floor":8},{"not_picked":["Shockwave","Blood for Blood"],"picked":"Impervious","floor":11},{"not_picked":["Armaments","Uppercut"],"picked":"True Grit","floor":14},{"not_picked":["Feed","Offering"],"picked":"Limit Break","floor":16},{"not_picked":["Body Slam","Iron Wave"],"picked":"Battle Trance","floor":17},{"not_picked":["Cleave","Thunderclap"],"picked":"Spot Weakness","floor":17},{"not_picked":["Iron Wave","Havoc+1"],"picked":"Whirlwind","floor":18},{"not_picked":["Anger+1","Limit Break"],"picked":"Clothesline","floor":19},{"not_picked":["Armaments","Rampage+1","Heavy Blade"],"picked":"SKIP","floor":21}],"player_experience":50814,"relics_obtained":[{"floor":7,"key":"WingedGreaves"},{"floor":9,"key":"Self Forming Clay"},{"floor":11,"key":"Pantograph"}],"event_choices":[{"damage_healed":0,"gold_gain":0,"player_choice":"Ignored","damage_taken":0,"max_hp_gain":0,"max_hp_loss":0,"event_name":"Liars Game","floor":12,"gold_loss":0}],"is_beta":false,"boss_relics":[{"not_picked":["Eternal Feather","Black Blood"],"picked":"Orrery"}],"items_purged_floors":[],"is_endless":false,"potions_floor_spawned":[4,8,11,19],"killed_by":"Sentry and Sphere","ascension_level":3}