{"gold_per_floor":[114,128,128,128,151,151,191,191,217,242,582,95,109,123,123,214,214,214,214,214,214,214,214,214,214,214,214,7,7,7,7,7,7,7,7,7,7,7,7,7,7,7,7,7,7,7,7],"floor_reached":47,"playtime":3311,"items_purged":["Strike_G","Strike_G"],"score":1014,"play_id":"911dda79-c0df-4680-8821-e827c49c0433","local_time":"20191003213246","is_ascension_mode":true,"campfire_choices":[{"data":"Noxious Fumes","floor":6.0,"key":"SMITH"},{"data":"Neutralize","floor":8.0,"key":"SMITH"},{"data":"Footwork","floor":15.0,"key":"SMITH"},{"floor":27.0,"key":"REST"},{"floor":29.0,"key":"REST"},{"floor":32.0,"key":"REST"},{"floor":40.0,"key":"REST"},{"floor":44.0,"key":"REST"}],"neow_cost":"NONE","seed_source_timestamp":1149524978159047,"circlet_count":0,"master_deck":["AscendersBane","Survivor","Neutralize+1","Noxious Fumes+1","Dagger Spray","Backflip","Crippling Poison","Glass Knife","Footwork+1","Backflip","Dodge and Roll","Deadly Poison","Noxious Fumes","Corpse Explosion","Malaise","Skewer","Leg Sweep","Cloak And Dagger","Reflex","Dagger Spray","Unload","Escape Plan","Escape Plan","Acrobatics","Deadly Poison","Backflip","Deadly Poison+1","Noxious Fumes"],"special_seed":0,"relics":["Ring of the Snake","Bag of Preparation","Golden Idol","Toy Ornithopter","Happy Flower","Old Coin","Medical Kit","Potion Belt","Ectoplasm","CultistMask","Gambling Chip","Orichalcum","Whetstone","Pandora\u0027s Box","Darkstone Periapt","Dream Catcher"],"potions_floor_usage":[47,47],"damage_taken":[{"damage":9.0,"enemies":"Jaw Worm","floor":1.0,"turns":4.0},{"damage":0.0,"enemies":"2 Louse","floor":2.0,"turns":4.0},{"damage":1.0,"enemies":"Cultist","floor":5.0,"turns":4.0},{"damage":20.0,"enemies":"3 Sentries","floor":7.0,"turns":6.0},{"damage":7.0,"enemies":"Blue Slaver","floor":10.0,"turns":4.0},{"damage":24.0,"enemies":"Gremlin Nob","floor":11.0,"turns":4.0},{"damage":0.0,"enemies":"2 Fungi Beasts","floor":13.0,"turns":3.0},{"damage":0.0,"enemies":"Red Slaver","floor":14.0,"turns":4.0},{"damage":1.0,"enemies":"Hexaghost","floor":16.0,"turns":12.0},{"damage":2.0,"enemies":"Chosen","floor":18.0,"turns":6.0},{"damage":10.0,"enemies":"Shell Parasite","floor":20.0,"turns":6.0},{"damage":8.0,"enemies":"Centurion and Healer","floor":21.0,"turns":6.0},{"damage":16.0,"enemies":"Gremlin Leader","floor":23.0,"turns":7.0},{"damage":17.0,"enemies":"Cultist and Chosen","floor":24.0,"turns":6.0},{"damage":9.0,"enemies":"Shelled Parasite and Fungi","floor":25.0,"turns":5.0},{"damage":17.0,"enemies":"Book of Stabbing","floor":30.0,"turns":7.0},{"damage":52.0,"enemies":"Automaton","floor":33.0,"turns":12.0},{"damage":10.0,"enemies":"3 Shapes","floor":35.0,"turns":4.0},{"damage":15.0,"enemies":"3 Darklings","floor":36.0,"turns":3.0},{"damage":15.0,"enemies":"Sphere and 2 Shapes","floor":37.0,"turns":6.0},{"damage":18.0,"enemies":"Nemesis","floor":41.0,"turns":9.0},{"damage":15.0,"enemies":"Jaw Worm Horde","floor":45.0,"turns":3.0},{"damage":6.0,"enemies":"Writhing Mass","floor":46.0,"turns":6.0},{"damage":31,"enemies":"Spire Growth","floor":47,"turns":3}],"seed_played":"6548117128343496254","potions_obtained":[{"floor":2.0,"key":"Energy Potion"},{"floor":4.0,"key":"PowerPotion"},{"floor":4.0,"key":"Fruit Juice"},{"floor":10.0,"key":"Regen Potion"},{"floor":11.0,"key":"Strength Potion"},{"floor":13.0,"key":"Block Potion"},{"floor":14.0,"key":"FearPotion"},{"floor":18.0,"key":"Energy Potion"},{"floor":24.0,"key":"Weak Potion"},{"floor":33.0,"key":"Explosive Potion"},{"floor":35.0,"key":"Strength Potion"},{"floor":37.0,"key":"PowerPotion"},{"floor":46.0,"key":"SpeedPotion"}],"is_trial":false,"path_per_floor":["M","M","?","?","M","R","E","R","T","M","E","$","M","M","R","B",null,"M","?","M","M","?","E","M","M","T","R","$","R","E","$","R","B",null,"M","M","M","?","?","R","E","?","T","R","M","M","M"],"character_chosen":"THE_SILENT","items_purchased":["Medical Kit","Footwork","Potion Belt","Dexterity Potion","Swift Potion"],"campfire_rested":5,"item_purchase_floors":[12,12,12,28,28],"current_hp_per_floor":[50,50,50,50,49,49,29,29,29,22,27,27,27,27,27,31,57,55,55,45,37,37,26,9,15,15,34,34,53,46,46,65,13,52,42,27,12,12,12,31,18,18,18,37,27,21,0],"gold":7,"neow_bonus":"RANDOM_COMMON_RELIC","is_prod":false,"is_daily":false,"chose_seed":false,"campfire_upgraded":3,"win_rate":0,"timestamp":1570156366,"path_taken":["M","M","?","?","M","R","E","R","T","M","E","$","?","M","R","BOSS","M","?","M","M","?","E","M","M","T","R","$","R","E","$","R","BOSS","M","M","M","?","?","R","E","?","T","R","?","?","M"],"build_version":"2019-10-03","purchased_purges":2,"victory":false,"max_hp_per_floor":[66,66,60,60,60,60,60,60,60,60,65,65,65,65,65,65,65,65,65,65,65,65,65,65,65,65,65,65,65,65,65,65,65,65,65,65,65,65,65,65,65,65,65,65,65,65,65],"card_choices":[{"not_picked":["Deadly Poison","Catalyst"],"picked":"Noxious Fumes","floor":1.0},{"not_picked":["Blade Dance","Prepared"],"picked":"Dagger Spray","floor":2.0},{"not_picked":["Accuracy","Dagger Spray"],"picked":"Backflip","floor":5.0},{"not_picked":["Acrobatics","Calculated Gamble"],"picked":"Crippling Poison","floor":7.0},{"not_picked":["Accuracy","Prepared"],"picked":"Glass Knife","floor":10.0},{"not_picked":["Bullet Time","Dagger Throw","Distraction"],"picked":"SKIP","floor":11.0},{"not_picked":["Riddle With Holes","Dagger Throw"],"picked":"Backflip","floor":13.0},{"not_picked":["Underhanded Strike","Sucker Punch"],"picked":"Dodge and Roll","floor":14.0},{"not_picked":["Setup","Dodge and Roll"],"picked":"Deadly Poison","floor":18.0},{"not_picked":["Deflect","All Out Attack","Blade Dance"],"picked":"SKIP","floor":20.0},{"not_picked":["Flying Knee","Blade Dance"],"picked":"Noxious Fumes","floor":21.0},{"not_picked":["Flying Knee","Finisher","Endless Agony+1"],"picked":"SKIP","floor":23.0},{"not_picked":["Deflect","All Out Attack","Caltrops+1"],"picked":"SKIP","floor":24.0},{"not_picked":["Deflect","All Out Attack","Caltrops+1"],"picked":"SKIP","floor":24.0},{"not_picked":["Acrobatics","Noxious Fumes"],"picked":"Corpse Explosion","floor":25.0},{"not_picked":["Masterful Stab","Outmaneuver","Flying Knee"],"picked":"SKIP","floor":30.0},{"not_picked":["After Image","Adrenaline"],"picked":"Malaise","floor":33.0},{"not_picked":["Outmaneuver","Caltrops"],"picked":"Acrobatics","floor":35.0},{"not_picked":["Bane","Prepared","Distraction+1"],"picked":"SKIP","floor":36.0},{"not_picked":["Cloak And Dagger","Night Terror"],"picked":"Deadly Poison","floor":37.0},{"not_picked":["Prepared","Flying Knee+1"],"picked":"Backflip","floor":41.0},{"not_picked":["Underhanded Strike+1","Bouncing Flask"],"picked":"Deadly Poison+1","floor":45.0},{"not_picked":["All Out Attack","Dagger Spray"],"picked":"Noxious Fumes","floor":46.0}],"player_experience":780356,"relics_obtained":[{"floor":7.0,"key":"Toy Ornithopter"},{"floor":9.0,"key":"Happy Flower"},{"floor":11.0,"key":"Old Coin"},{"floor":23.0,"key":"Gambling Chip"},{"floor":26.0,"key":"Orichalcum"},{"floor":30.0,"key":"Whetstone"},{"floor":41.0,"key":"Darkstone Periapt"},{"floor":43.0,"key":"Dream Catcher"}],"event_choices":[{"damage_healed":0.0,"max_hp_gain":0.0,"max_hp_loss":6.0,"gold_gain":0.0,"event_name":"Golden Idol","player_choice":"Lose Max HP","floor":3.0,"gold_loss":0.0,"damage_taken":0.0,"relics_obtained":["Golden Idol"]},{"damage_healed":0.0,"max_hp_gain":0.0,"max_hp_loss":0.0,"gold_gain":0.0,"event_name":"Lab","player_choice":"Got Potions","floor":4.0,"gold_loss":0.0,"damage_taken":0.0},{"damage_healed":0.0,"max_hp_gain":0.0,"max_hp_loss":0.0,"gold_gain":0.0,"event_name":"Vampires","player_choice":"Ignored","floor":19.0,"gold_loss":0.0,"damage_taken":0.0},{"damage_healed":0.0,"max_hp_gain":0.0,"max_hp_loss":0.0,"gold_gain":0.0,"event_name":"FaceTrader","player_choice":"Trade","floor":22.0,"gold_loss":0.0,"damage_taken":0.0,"relics_obtained":["CultistMask"]},{"damage_healed":0.0,"max_hp_gain":0.0,"max_hp_loss":0.0,"gold_gain":0.0,"event_name":"SensoryStone","player_choice":"Memory 1","floor":38.0,"gold_loss":0.0,"damage_taken":0.0},{"damage_healed":0.0,"max_hp_gain":0.0,"max_hp_loss":0.0,"gold_gain":0.0,"event_name":"Mysterious Sphere","player_choice":"Ignored","floor":39.0,"gold_loss":0.0,"damage_taken":0.0},{"damage_healed":0.0,"max_hp_gain":0.0,"max_hp_loss":0.0,"gold_gain":300.0,"event_name":"Wheel of Change","player_choice":"Gold","floor":42.0,"gold_loss":0.0,"damage_taken":0.0}],"is_beta":true,"boss_relics":[{"not_picked":["Sozu","Snecko Eye"],"picked":"Ectoplasm"},{"not_picked":["Runic Pyramid","Coffee Dripper"],"picked":"Pandora\u0027s Box"}],"items_purged_floors":[12,28],"is_endless":false,"potions_floor_spawned":[2,10,11,13,14,18,24,33,35,37,46],"killed_by":"Spire Growth","ascension_level":20}