{"gold_per_floor":[109,59,59,74,74,74,100,100,182,212,224,251,295,324,336,450,512,544,65,65,78,93,93,126,126,175,175,175,175,75,87,87,188,188,207,207,207,218,218,218,218,231,256,269,269,295,295,295,295,295],"floor_reached":50,"playtime":2715,"items_purged":["Strike_B","Strike_B"],"score":711,"play_id":"bc6786b6-1138-47f4-99a8-421f7034fb1e","local_time":"20190101174839","is_ascension_mode":true,"campfire_choices":[{"data":"Dualcast","floor":6,"key":"SMITH"},{"floor":11,"key":"REST"},{"data":"Hello World","floor":15,"key":"SMITH"},{"floor":23,"key":"REST"},{"data":"Turbo","floor":25,"key":"SMITH"},{"data":"Echo Form","floor":27,"key":"SMITH"},{"data":"Seek","floor":29,"key":"SMITH"},{"floor":32,"key":"REST"},{"data":"Secret Weapon","floor":40,"key":"SMITH"},{"data":"Secret Technique","floor":45,"key":"SMITH"},{"floor":49,"key":"REST"}],"neow_cost":"NONE","seed_source_timestamp":1076056321178216,"circlet_count":0,"master_deck":["Strike_B","Defend_B+1","Defend_B+1","Defend_B","Zap+1","Dualcast+1","Chill","Hello World+1","Coolheaded+1","Ball Lightning+1","Skim","Echo Form+1","Go for the Eyes+1","Gash+1","Gash+1","Loop+1","Ball Lightning+1","Turbo+1","Seek+1","Fusion+1","All For One+1","Beam Cell+1","Secret Weapon+1","Dramatic Entrance+1","Secret Technique+1","Cold Snap+1"],"relics":["Cracked Core","Pen Nib","Molten Egg 2","MawBank","Nunchaku","Tiny House","Juzu Bracelet","Anchor","Mango","War Paint","Nuclear Battery","FaceOfCleric","Vajra","Bronze Scales"],"potions_floor_usage":[22,33],"damage_taken":[{"damage":2,"enemies":"Jaw Worm","floor":1,"turns":3},{"damage":1,"enemies":"Small Slimes","floor":4,"turns":3},{"damage":32,"enemies":"Lagavulin","floor":7,"turns":6},{"damage":22,"enemies":"3 Sentries","floor":10,"turns":8},{"damage":0,"enemies":"2 Louse","floor":12,"turns":3},{"damage":13,"enemies":"Gremlin Nob","floor":13,"turns":3},{"damage":2,"enemies":"Exordium Wildlife","floor":14,"turns":4},{"damage":6,"enemies":"The Guardian","floor":16,"turns":11},{"damage":24,"enemies":"2 Thieves","floor":18,"turns":4},{"damage":1,"enemies":"Chosen","floor":21,"turns":5},{"damage":23,"enemies":"Centurion and Healer","floor":22,"turns":5},{"damage":8,"enemies":"Gremlin Leader","floor":24,"turns":6},{"damage":1,"enemies":"Snake Plant","floor":31,"turns":3},{"damage":34,"enemies":"Champ","floor":33,"turns":11},{"damage":0,"enemies":"Orb Walker","floor":35,"turns":3},{"damage":17,"enemies":"3 Shapes","floor":38,"turns":4},{"damage":32,"enemies":"Maw","floor":42,"turns":6},{"damage":0,"enemies":"Jaw Worm Horde","floor":44,"turns":3},{"damage":47,"enemies":"Nemesis","floor":46,"turns":9},{"damage":53,"enemies":"Time Eater","floor":50,"turns":3}],"seed_played":"8767985865206749304","potions_obtained":[{"floor":1,"key":"Strength Potion"},{"floor":4,"key":"AttackPotion"},{"floor":14,"key":"SpeedPotion"},{"floor":17,"key":"Weak Potion"},{"floor":24,"key":"FearPotion"},{"floor":38,"key":"SteroidPotion"},{"floor":46,"key":"PowerPotion"}],"is_trial":false,"path_per_floor":["M","?","?","M","?","R","E","?","T","E","R","M","E","M","R","B",null,"M","$","?","M","M","R","E","R","T","R","?","R","$","M","R","B",null,"M","?","?","M","?","R","?","M","T","M","R","E","?","?","R","B"],"character_chosen":"DEFECT","items_purchased":["Gash+1","Juzu Bracelet","Anchor","Loop"],"campfire_rested":4,"item_purchase_floors":[19,19,19,19],"current_hp_per_floor":[80,80,73,72,72,72,40,67,67,45,69,69,56,54,54,48,79,55,55,55,54,31,57,63,63,63,63,63,63,63,62,92,58,90,90,80,80,64,64,64,90,59,59,60,60,14,14,14,45,0],"gold":295,"neow_bonus":"TEN_PERCENT_HP_BONUS","is_prod":false,"is_daily":false,"chose_seed":false,"campfire_upgraded":7,"win_rate":0,"timestamp":1546386519,"path_taken":["M","?","?","M","?","R","E","?","T","E","R","M","E","M","R","BOSS","M","$","?","M","M","R","E","R","T","R","?","R","$","M","R","BOSS","M","?","?","M","?","R","?","M","T","M","R","E","?","?","R","BOSS"],"build_version":"2018-12-20","purchased_purges":2,"victory":false,"max_hp_per_floor":[82,82,82,82,82,82,82,82,82,82,82,82,82,82,82,82,87,87,87,87,87,87,87,101,101,101,101,101,101,101,101,101,101,101,101,101,101,102,102,102,102,103,103,104,104,105,105,105,105,105],"card_choices":[{"not_picked":["Turbo","Static Discharge"],"picked":"Chill","floor":1},{"not_picked":["Stack","Force Field","Storm"],"picked":"SKIP","floor":4},{"not_picked":["Streamline","Chaos"],"picked":"Hello World","floor":7},{"not_picked":["Beam Cell+1","Steam"],"picked":"Coolheaded","floor":10},{"not_picked":["Reinforced Body","Beam Cell+1"],"picked":"Ball Lightning+1","floor":12},{"not_picked":["Lockon+1","Scrape+1"],"picked":"Ball Lightning+1","floor":13},{"not_picked":["Melter+1","Undo"],"picked":"Skim","floor":14},{"not_picked":["All For One+1","Buffer"],"picked":"Echo Form","floor":16},{"not_picked":["Ball Lightning+1","Barrage+1"],"picked":"Go for the Eyes+1","floor":17},{"not_picked":["Ball Lightning+1","Sweeping Beam+1"],"picked":"Gash+1","floor":18},{"not_picked":["Compile Driver+1","Reprogram"],"picked":"Ball Lightning+1","floor":21},{"not_picked":["Barrage+1","Blizzard+1","Streamline+1"],"picked":"SKIP","floor":22},{"not_picked":["Barrage+1","Ball Lightning+1"],"picked":"Turbo","floor":24},{"not_picked":["Rainbow","Stack"],"picked":"Fusion+1","floor":31},{"not_picked":["Core Surge+1","Amplify"],"picked":"All For One+1","floor":33},{"not_picked":["Stack","Steam+1"],"picked":"Beam Cell+1","floor":35},{"not_picked":["Forethought","Enlightenment"],"picked":"Secret Weapon","floor":36},{"not_picked":["Enlightenment","Secret Weapon"],"picked":"Dramatic Entrance+1","floor":36},{"not_picked":["Secret Weapon","Impatience"],"picked":"Secret Technique","floor":36},{"not_picked":["Consume","Conserve Battery","Compile Driver+1"],"picked":"SKIP","floor":38},{"not_picked":["Ball Lightning+1","Steam+1","Turbo+1"],"picked":"SKIP","floor":42},{"not_picked":["Rebound+1","Compile Driver+1","Ball Lightning+1"],"picked":"SKIP","floor":44},{"not_picked":["Electrodynamics","Streamline+1"],"picked":"Cold Snap+1","floor":46}],"player_experience":364745,"relics_obtained":[{"floor":7,"key":"Pen Nib"},{"floor":9,"key":"Molten Egg 2"},{"floor":10,"key":"MawBank"},{"floor":13,"key":"Nunchaku"},{"floor":24,"key":"Mango"},{"floor":26,"key":"War Paint"},{"floor":43,"key":"Vajra"},{"floor":46,"key":"Bronze Scales"}],"event_choices":[{"cards_removed":["Strike_B"],"damage_healed":0,"gold_gain":0,"player_choice":"Card Removal","damage_taken":0,"max_hp_gain":0,"max_hp_loss":0,"event_name":"The Cleric","floor":2,"gold_loss":50},{"cards_removed":["Defend_B"],"damage_healed":0,"gold_gain":0,"player_choice":"Card Removal","damage_taken":7,"max_hp_gain":0,"max_hp_loss":0,"event_name":"Golden Wing","floor":3,"gold_loss":0},{"damage_healed":0,"gold_gain":0,"player_choice":"Grow","damage_taken":0,"max_hp_gain":0,"max_hp_loss":0,"event_name":"Living Wall","floor":5,"gold_loss":0,"cards_upgraded":["Zap"]},{"damage_healed":27,"gold_gain":0,"player_choice":"Banana","damage_taken":0,"max_hp_gain":0,"max_hp_loss":0,"event_name":"Big Fish","floor":8,"gold_loss":0},{"damage_healed":0,"gold_gain":0,"player_choice":"Ignored","damage_taken":0,"max_hp_gain":0,"max_hp_loss":0,"event_name":"Vampires","floor":20,"gold_loss":0},{"damage_healed":0,"gold_gain":0,"player_choice":"Read","damage_taken":0,"max_hp_gain":0,"max_hp_loss":0,"event_name":"The Library","floor":28,"gold_loss":0,"cards_obtained":["Seek"]},{"damage_healed":0,"gold_gain":0,"player_choice":"Memory 3","damage_taken":10,"max_hp_gain":0,"max_hp_loss":0,"event_name":"SensoryStone","floor":36,"gold_loss":0},{"damage_healed":0,"gold_gain":0,"player_choice":"Trade","damage_taken":0,"relics_obtained":["FaceOfCleric"],"max_hp_gain":0,"max_hp_loss":0,"event_name":"FaceTrader","floor":37,"gold_loss":0},{"cards_removed":["Ball Lightning"],"damage_healed":0,"gold_gain":0,"player_choice":"Removed Attack","damage_taken":0,"max_hp_gain":0,"max_hp_loss":0,"event_name":"Falling","floor":39,"gold_loss":0},{"damage_healed":26,"gold_gain":0,"player_choice":"Writhe","damage_taken":0,"max_hp_gain":0,"max_hp_loss":0,"event_name":"Winding Halls","floor":41,"gold_loss":0,"cards_obtained":["Writhe"]},{"damage_healed":0,"gold_gain":0,"player_choice":"Upgraded","damage_taken":0,"max_hp_gain":0,"max_hp_loss":0,"event_name":"Upgrade Shrine","floor":47,"gold_loss":0,"cards_upgraded":["Loop"]},{"cards_removed":["Writhe"],"damage_healed":0,"gold_gain":0,"player_choice":"Purged","damage_taken":0,"max_hp_gain":0,"max_hp_loss":0,"event_name":"Purifier","floor":48,"gold_loss":0}],"is_beta":false,"boss_relics":[{"not_picked":["Black Star","Orrery"],"picked":"Tiny House"},{"not_picked":["Philosopher\u0027s Stone","Cursed Key"],"picked":"Nuclear Battery"}],"items_purged_floors":[19,30],"is_endless":false,"potions_floor_spawned":[1,4,14,18,24,38,44,46],"killed_by":"Time Eater","ascension_level":5}