{"gold_per_floor":[112,112,128,146,158,183,183,183,183,210,175,188,113,113,113,216,216,229,245,262,262,274,274,274],"floor_reached":24,"playtime":2813,"items_purged":["Strike_G"],"score":208,"play_id":"8bdf27dd-0d29-4408-b4d2-027b5a82455a","local_time":"20181123115251","is_ascension_mode":false,"campfire_choices":[{"data":"Dodge and Roll","floor":8,"key":"SMITH"},{"floor":15,"key":"REST"},{"floor":23,"key":"REST"}],"neow_cost":"NONE","seed_source_timestamp":828017432291433,"circlet_count":0,"master_deck":["Defend_G","Defend_G","Defend_G","Defend_G","Defend_G+1","Strike_G","Strike_G+1","Strike_G","Strike_G","Survivor","Neutralize","Dagger Spray","Deflect","Dagger Spray","Dodge and Roll+1","Sucker Punch","Flying Knee","Doppelganger","Deflect+1","Slice","Backstab","Decay","Blade Dance+1"],"relics":["Ring of the Snake","Strawberry","Pantograph","Sundial","Anchor","White Beast Statue"],"potions_floor_usage":[10,16,16,20,22,24],"damage_taken":[{"damage":5,"enemies":"Small Slimes","floor":1,"turns":4},{"damage":0,"enemies":"2 Louse","floor":3,"turns":3},{"damage":0,"enemies":"Cultist","floor":4,"turns":4},{"damage":6,"enemies":"Exordium Wildlife","floor":5,"turns":6},{"damage":11,"enemies":"3 Sentries","floor":6,"turns":7},{"damage":21,"enemies":"Gremlin Nob","floor":10,"turns":5},{"damage":0,"enemies":"2 Fungi Beasts","floor":12,"turns":3},{"damage":40,"enemies":"The Guardian","floor":16,"turns":16},{"damage":8,"enemies":"Shell Parasite","floor":18,"turns":8},{"damage":0,"enemies":"Chosen","floor":19,"turns":6},{"damage":27,"enemies":"Snake Plant","floor":20,"turns":7},{"damage":54,"enemies":"Centurion and Healer","floor":22,"turns":12},{"damage":30,"enemies":"Slavers","floor":24,"turns":7}],"seed_played":"8029064869104718391","potions_obtained":[{"floor":5,"key":"Swift Potion"},{"floor":10,"key":"LiquidBronze"},{"floor":12,"key":"SkillPotion"},{"floor":18,"key":"FearPotion"},{"floor":19,"key":"Poison Potion"},{"floor":20,"key":"FairyPotion"},{"floor":22,"key":"EssenceOfSteel"}],"is_trial":false,"path_per_floor":["M","?","M","M","M","E","?","R","T","E","?","M","$","?","R","B",null,"M","M","M","?","M","R","E"],"character_chosen":"THE_SILENT","items_purchased":[],"campfire_rested":2,"item_purchase_floors":[],"current_hp_per_floor":[72,72,72,72,66,55,38,38,38,17,38,38,38,43,68,44,84,76,76,49,49,4,29,0],"gold":274,"neow_bonus":"TEN_PERCENT_HP_BONUS","is_prod":false,"is_daily":false,"chose_seed":false,"campfire_upgraded":1,"win_rate":0.0,"timestamp":1542995571,"path_taken":["M","?","M","M","M","E","?","R","T","E","?","M","$","?","R","BOSS","M","M","M","?","M","R","E"],"build_version":"2018-11-15","purchased_purges":1,"victory":false,"max_hp_per_floor":[77,84,84,84,84,84,84,84,84,84,84,84,84,84,84,84,84,84,84,84,84,84,84,84],"card_choices":[{"not_picked":["Quick Slash","Predator"],"picked":"Dagger Spray","floor":1},{"not_picked":["Deadly Poison","Slice"],"picked":"Deflect","floor":3},{"not_picked":["Reflex","Caltrops"],"picked":"Dagger Spray","floor":4},{"not_picked":["Escape Plan","Riddle With Holes"],"picked":"Dodge and Roll","floor":5},{"not_picked":["Prepared","Bane"],"picked":"Blade Dance","floor":6},{"not_picked":["Predator","Dagger Throw"],"picked":"Sucker Punch","floor":10},{"not_picked":["Predator","Deflect"],"picked":"Flying Knee","floor":12},{"not_picked":["Night Terror","Wraith Form v2"],"picked":"Doppelganger","floor":16},{"not_picked":["Dodge and Roll","Expertise"],"picked":"Deflect+1","floor":18},{"not_picked":["Bouncing Flask+1","Calculated Gamble"],"picked":"Slice","floor":19},{"not_picked":["Dagger Spray","Tactician"],"picked":"Backstab","floor":20},{"not_picked":["Backflip","Quick Slash"],"picked":"Blade Dance+1","floor":22}],"player_experience":34639,"relics_obtained":[{"floor":6,"key":"Pantograph"},{"floor":9,"key":"Sundial"},{"floor":10,"key":"Anchor"}],"event_choices":[{"damage_healed":0,"gold_gain":0,"player_choice":"Success","damage_taken":7,"relics_obtained":["Strawberry"],"max_hp_gain":0,"max_hp_loss":0,"event_name":"Scrap Ooze","floor":2,"gold_loss":0},{"damage_healed":0,"gold_gain":0,"player_choice":"Entered Light","damage_taken":17,"max_hp_gain":0,"max_hp_loss":0,"event_name":"Shining Light","floor":7,"gold_loss":0,"cards_upgraded":["Defend_G","Strike_G"]},{"damage_healed":21,"gold_gain":0,"player_choice":"Healed","damage_taken":0,"max_hp_gain":0,"max_hp_loss":0,"event_name":"The Cleric","floor":11,"gold_loss":35},{"cards_removed":["Blade Dance"],"damage_healed":5,"gold_gain":0,"player_choice":"Offered Common","damage_taken":0,"max_hp_gain":0,"max_hp_loss":0,"event_name":"Bonfire Elementals","floor":14,"gold_loss":0},{"cards_removed":["Blade Dance"],"damage_healed":5,"gold_gain":0,"player_choice":"Offered Special","damage_taken":0,"max_hp_gain":0,"max_hp_loss":0,"event_name":"Bonfire Elementals","floor":14,"gold_loss":0},{"damage_healed":0,"gold_gain":0,"player_choice":"Smashed Altar","damage_taken":0,"max_hp_gain":0,"max_hp_loss":0,"event_name":"Forgotten Altar","floor":21,"gold_loss":0,"cards_obtained":["Decay"]}],"is_beta":false,"boss_relics":[{"not_picked":["Cursed Key","Ring of the Serpent"],"picked":"White Beast Statue"}],"items_purged_floors":[13],"is_endless":false,"potions_floor_spawned":[5,10,12,18,19,20,22],"killed_by":"Slavers","ascension_level":0}