{"gold_per_floor":[116,126,142,157,157,157,182,182,207,241,12,12,40,115,115,220,220,234,60,78,178,194,194,194,220,220,247,264,264,264,279,279,374,374,390,390,390,81,81,81,81,98,98,112,112,160,160,180,180,180],"floor_reached":51,"playtime":2757,"items_purged":["Strike_G","Strike_G","Finisher"],"score":969,"play_id":"f10488b0-58a9-4480-a028-d40f97e54994","local_time":"20191008150635","is_ascension_mode":true,"campfire_choices":[{"data":"Deadly Poison","floor":6.0,"key":"SMITH"},{"data":"Backflip","floor":8.0,"key":"SMITH"},{"data":"Dagger Spray","floor":12.0,"key":"SMITH"},{"data":"Noxious Fumes","floor":15.0,"key":"SMITH"},{"data":"Well Laid Plans","floor":23,"key":"SMITH"},{"floor":29,"key":"REST"},{"data":"Backflip","floor":32,"key":"SMITH"},{"data":"Footwork","floor":40,"key":"SMITH"},{"data":"Malaise","floor":45,"key":"SMITH"},{"data":"PiercingWail","floor":47,"key":"SMITH"},{"floor":49,"key":"REST"}],"neow_cost":"NONE","seed_source_timestamp":0,"circlet_count":0,"master_deck":["Strike_G+1","Defend_G","Defend_G","Survivor","Neutralize+1","Dagger Throw","Deadly Poison+1","Backflip+1","PiercingWail+1","Poisoned Stab","Dagger Spray+1","Noxious Fumes+1","Backflip+1","Well Laid Plans+1","Deadly Poison+1","Noxious Fumes","Corpse Explosion","Malaise+1","Footwork+1"],"special_seed":0,"relics":["Empty Cage","PreservedInsect","Juzu Bracelet","Whetstone","Snake Skull","Mummified Hand","Cursed Key","Bag of Preparation","Blood Vial","SacredBark","TwistedFunnel","Ice Cream"],"potions_floor_usage":[16,50],"damage_taken":[{"damage":0.0,"enemies":"Small Slimes","floor":1.0,"turns":3.0},{"damage":0.0,"enemies":"Cultist","floor":2.0,"turns":4.0},{"damage":0.0,"enemies":"2 Louse","floor":3.0,"turns":2.0},{"damage":5.0,"enemies":"Gremlin Gang","floor":4.0,"turns":6.0},{"damage":2.0,"enemies":"Lagavulin","floor":7.0,"turns":6.0},{"damage":10.0,"enemies":"Gremlin Nob","floor":10.0,"turns":4.0},{"damage":12.0,"enemies":"Lagavulin","floor":13.0,"turns":5.0},{"damage":14,"enemies":"The Guardian","floor":16,"turns":8},{"damage":8,"enemies":"Shell Parasite","floor":18,"turns":4},{"damage":0,"enemies":"2 Thieves","floor":20,"turns":4},{"damage":2,"enemies":"Shelled Parasite and Fungi","floor":22,"turns":5},{"damage":7,"enemies":"Gremlin Leader","floor":25,"turns":4},{"damage":6,"enemies":"Book of Stabbing","floor":27,"turns":3},{"damage":8,"enemies":"Snecko","floor":28,"turns":4},{"damage":0,"enemies":"3 Cultists","floor":31,"turns":3},{"damage":26,"enemies":"Automaton","floor":33,"turns":8},{"damage":2,"enemies":"Orb Walker","floor":35,"turns":3},{"damage":0,"enemies":"3 Darklings","floor":42,"turns":2},{"damage":3,"enemies":"Jaw Worm Horde","floor":44,"turns":2},{"damage":19,"enemies":"2 Orb Walkers","floor":46,"turns":3},{"damage":9,"enemies":"Transient","floor":48,"turns":5},{"damage":31,"enemies":"Time Eater","floor":50,"turns":12}],"seed_played":"-5190888369647737585","potions_obtained":[{"floor":2.0,"key":"Poison Potion"},{"floor":4.0,"key":"PowerPotion"},{"floor":7.0,"key":"FearPotion"},{"floor":22,"key":"Ancient Potion"},{"floor":25,"key":"DuplicationPotion"},{"floor":31,"key":"Weak Potion"},{"floor":33,"key":"SpeedPotion"},{"floor":42,"key":"Energy Potion"}],"is_trial":false,"path_per_floor":["M","M","M","M","?","R","E","R","T","E","$","R","E","?","R","B",null,"M","$","M","?","M","R","?","E","T","E","M","R","?","M","R","B",null,"M","?","?","$","?","R","?","M","T","M","R","?","R","M","R","B",null],"character_chosen":"THE_SILENT","items_purchased":["Snake Skull","Well Laid Plans","Footwork","TwistedFunnel"],"campfire_rested":2,"item_purchase_floors":[11,19,38,38],"current_hp_per_floor":[63,63,63,58,58,58,56,56,56,46,46,46,34,23,23,9,55,47,47,47,47,45,45,45,38,38,32,26,47,47,49,49,25,59,59,59,59,59,59,59,59,61,61,60,60,43,43,36,55,26],"gold":180,"neow_bonus":"BOSS_RELIC","is_prod":false,"is_daily":false,"chose_seed":false,"campfire_upgraded":9,"win_rate":0,"timestamp":1570565195,"path_taken":["M","M","M","M","?","R","E","R","T","E","$","R","E","?","R","BOSS","M","$","M","?","M","R","?","E","T","E","M","R","?","M","R","BOSS","M","?","?","$","?","R","?","M","T","M","R","?","R","M","R","BOSS"],"build_version":"2019-10-08","purchased_purges":3,"victory":true,"max_hp_per_floor":[70,70,70,70,70,70,70,70,70,70,70,70,70,70,70,70,70,70,70,70,70,70,70,70,70,70,70,70,70,70,70,70,70,70,70,70,70,70,70,70,66,66,66,66,66,66,66,66,66,66],"card_choices":[{"not_picked":["Underhanded Strike","Blade Dance"],"picked":"Dagger Throw","floor":1.0},{"not_picked":["Flechettes","Dagger Throw"],"picked":"Deadly Poison","floor":2.0},{"not_picked":["All Out Attack","Night Terror"],"picked":"Backflip","floor":3.0},{"not_picked":["Expertise","Quick Slash"],"picked":"PiercingWail","floor":4.0},{"not_picked":["Endless Agony","Bane"],"picked":"Poisoned Stab","floor":7.0},{"not_picked":["Sucker Punch","Backflip"],"picked":"Dagger Spray","floor":10.0},{"not_picked":["Flechettes","After Image"],"picked":"Noxious Fumes","floor":13.0},{"not_picked":["Predator","Heel Hook"],"picked":"Backflip","floor":18},{"not_picked":["Calculated Gamble","Sucker Punch"],"picked":"Deadly Poison+1","floor":20},{"not_picked":["Sucker Punch","Eviscerate"],"picked":"Noxious Fumes","floor":22},{"not_picked":["Flying Knee","Heel Hook"],"picked":"Corpse Explosion","floor":25},{"not_picked":["Outmaneuver","Reflex","Prepared"],"picked":"SKIP","floor":27},{"not_picked":["Quick Slash","Sucker Punch","Flechettes"],"picked":"SKIP","floor":28},{"not_picked":["Slice","Dagger Spray","Dagger Throw"],"picked":"SKIP","floor":31},{"not_picked":["Unload","Doppelganger"],"picked":"Malaise","floor":33},{"not_picked":["Acrobatics","Poisoned Stab","Slice"],"picked":"SKIP","floor":35},{"not_picked":["Flying Knee+1","Blade Dance+1","Distraction"],"picked":"SKIP","floor":42},{"not_picked":["Acrobatics","Escape Plan+1","Dagger Throw"],"picked":"SKIP","floor":44},{"not_picked":["Predator","Flying Knee+1","Underhanded Strike"],"picked":"SKIP","floor":48}],"player_experience":184863,"relics_obtained":[{"floor":7.0,"key":"PreservedInsect"},{"floor":9.0,"key":"Juzu Bracelet"},{"floor":10.0,"key":"Whetstone"},{"floor":13.0,"key":"Mummified Hand"},{"floor":25,"key":"Bag of Preparation"},{"floor":27,"key":"Blood Vial"},{"floor":46,"key":"Ice Cream"}],"event_choices":[{"damage_healed":0.0,"max_hp_gain":0.0,"max_hp_loss":0.0,"gold_gain":0.0,"event_name":"Upgrade Shrine","player_choice":"Upgraded","floor":5.0,"gold_loss":0.0,"damage_taken":0.0,"cards_upgraded":["Neutralize"]},{"damage_healed":0.0,"max_hp_gain":0.0,"max_hp_loss":0.0,"gold_gain":75.0,"event_name":"World of Goop","player_choice":"Gather Gold","floor":14.0,"gold_loss":0.0,"damage_taken":11.0},{"damage_healed":0,"gold_gain":100,"player_choice":"Pray","damage_taken":0,"max_hp_gain":0,"max_hp_loss":0,"event_name":"Golden Shrine","floor":21,"gold_loss":0},{"damage_healed":0,"gold_gain":0,"cards_transformed":["Defend_G","Defend_G"],"player_choice":"Became Test Subject","damage_taken":0,"max_hp_gain":0,"max_hp_loss":0,"event_name":"Drug Dealer","floor":24,"gold_loss":0,"cards_obtained":["Finisher","Masterful Stab"]},{"cards_removed":["Masterful Stab"],"damage_healed":0,"gold_gain":0,"player_choice":"Purged","damage_taken":0,"max_hp_gain":0,"max_hp_loss":0,"event_name":"Purifier","floor":30,"gold_loss":0},{"cards_removed":["Strike_G"],"damage_healed":0,"gold_gain":0,"player_choice":"Removed Attack","damage_taken":0,"max_hp_gain":0,"max_hp_loss":0,"event_name":"Falling","floor":36,"gold_loss":0},{"damage_healed":0,"gold_gain":0,"player_choice":"Ignored","damage_taken":0,"max_hp_gain":0,"max_hp_loss":0,"event_name":"Tomb of Lord Red Mask","floor":37,"gold_loss":0},{"damage_healed":0,"gold_gain":0,"player_choice":"Memory 1","damage_taken":0,"max_hp_gain":0,"max_hp_loss":0,"event_name":"SensoryStone","floor":39,"gold_loss":0},{"damage_healed":0,"gold_gain":0,"player_choice":"Max HP","damage_taken":0,"max_hp_gain":0,"max_hp_loss":4,"event_name":"Winding Halls","floor":41,"gold_loss":0},{"damage_healed":0,"gold_gain":0,"player_choice":"Fight","damage_taken":0,"max_hp_gain":0,"max_hp_loss":0,"event_name":"Mysterious Sphere","floor":46,"gold_loss":0}],"is_beta":true,"boss_relics":[{"not_picked":["Astrolabe","Busted Crown"],"picked":"Cursed Key"},{"not_picked":["Pandora\u0027s Box","Tiny House"],"picked":"SacredBark"}],"items_purged_floors":[11,19,38],"is_endless":false,"potions_floor_spawned":[2,4,7,22,25,31,33,35,42,48],"ascension_level":9}