{"gold_per_floor":[113,133,150,150,4,4,19,19,19,19,19,19,57,71,71,201,201,226,249,249],"floor_reached":20,"playtime":1678,"items_purged":[],"score":174,"play_id":"342578d2-fd99-44e6-a6e3-4b79026c1b2c","local_time":"20181123130345","is_ascension_mode":false,"campfire_choices":[{"data":"Pommel Strike","floor":6,"key":"SMITH"},{"data":"Hemokinesis","floor":8,"key":"SMITH"},{"data":"Spot Weakness","floor":15,"key":"SMITH"}],"neow_cost":"NONE","seed_source_timestamp":833406159688204,"circlet_count":0,"master_deck":["Strike_R","Strike_R","Strike_R","Strike_R","Strike_R","Defend_R","Defend_R","Defend_R","Defend_R","Bash","Bludgeon+1","Shockwave","Flex","Pommel Strike+1","Hemokinesis+1","Injury","Spot Weakness+1","Demon Form+1","Inflame+1","Cleave+1"],"relics":["Burning Blood","Bag of Preparation","Frozen Egg 2","Golden Idol","Unceasing Top","Black Star"],"potions_floor_usage":[16,18,20],"damage_taken":[{"damage":3,"enemies":"Jaw Worm","floor":1,"turns":4},{"damage":3,"enemies":"Small Slimes","floor":2,"turns":4},{"damage":0,"enemies":"2 Louse","floor":3,"turns":3},{"damage":0,"enemies":"2 Fungi Beasts","floor":7,"turns":2},{"damage":20,"enemies":"3 Sentries","floor":13,"turns":5},{"damage":2,"enemies":"Large Slime","floor":14,"turns":3},{"damage":64,"enemies":"Slime Boss","floor":16,"turns":11},{"damage":12,"enemies":"Spheric Guardian","floor":18,"turns":3},{"damage":58,"enemies":"3 Byrds","floor":19,"turns":8},{"damage":28,"enemies":"Centurion and Healer","floor":20,"turns":3}],"seed_played":"-7662793793024017794","potions_obtained":[{"floor":3,"key":"SpeedPotion"},{"floor":16,"key":"AttackPotion"},{"floor":19,"key":"EssenceOfSteel"}],"is_trial":false,"path_per_floor":["M","M","M","?","$","R","M","R","T","?","?","$","E","M","R","B",null,"M","M","M"],"character_chosen":"IRONCLAD","items_purchased":["Bag of Preparation"],"campfire_rested":0,"item_purchase_floors":[5],"current_hp_per_floor":[80,80,80,80,80,80,80,80,80,85,85,85,71,75,75,17,85,79,27,0],"gold":249,"neow_bonus":"ONE_RANDOM_RARE_CARD","is_prod":false,"is_daily":false,"chose_seed":false,"campfire_upgraded":3,"win_rate":0.0,"timestamp":1542999825,"path_taken":["M","M","M","?","$","R","M","R","T","?","?","$","E","M","R","BOSS","M","M","M"],"build_version":"2018-11-15","purchased_purges":0,"victory":false,"max_hp_per_floor":[80,80,80,80,80,80,80,80,80,85,85,85,85,85,85,85,85,85,85,85],"card_choices":[{"not_picked":["Clash","True Grit"],"picked":"Shockwave","floor":1},{"not_picked":["Clash","Cleave"],"picked":"Flex","floor":2},{"not_picked":["Bloodletting","Body Slam"],"picked":"Pommel Strike","floor":3},{"not_picked":["Pummel","Armaments"],"picked":"Hemokinesis","floor":7},{"not_picked":["Pommel Strike","Anger","Sever Soul"],"picked":"SKIP","floor":13},{"not_picked":["Clothesline","Clash"],"picked":"Spot Weakness","floor":14},{"not_picked":["Limit Break","Bludgeon"],"picked":"Demon Form+1","floor":16},{"not_picked":["Shockwave","Warcry"],"picked":"Inflame+1","floor":18},{"not_picked":["Dropkick","Clash"],"picked":"Cleave+1","floor":19}],"player_experience":39962,"relics_obtained":[{"floor":9,"key":"Frozen Egg 2"},{"floor":13,"key":"Unceasing Top"}],"event_choices":[{"damage_healed":0,"gold_gain":0,"player_choice":"Grow","damage_taken":0,"max_hp_gain":0,"max_hp_loss":0,"event_name":"Living Wall","floor":4,"gold_loss":0,"cards_upgraded":["Bludgeon"]},{"damage_healed":0,"gold_gain":0,"player_choice":"Donut","damage_taken":0,"max_hp_gain":5,"max_hp_loss":0,"event_name":"Big Fish","floor":10,"gold_loss":0},{"damage_healed":0,"gold_gain":0,"player_choice":"Take Wound","damage_taken":0,"relics_obtained":["Golden Idol"],"max_hp_gain":0,"max_hp_loss":0,"event_name":"Golden Idol","floor":11,"gold_loss":0,"cards_obtained":["Injury"]}],"is_beta":false,"boss_relics":[{"not_picked":["Coffee Dripper","Busted Crown"],"picked":"Black Star"}],"items_purged_floors":[],"is_endless":false,"potions_floor_spawned":[3,16,19],"killed_by":"Centurion and Healer","ascension_level":0}