{"gold_per_floor":[219,238,255,266,276,276,286,286,286,312,312,341,341,217,217,320,320,336,351,363,48,62,95,95,125,150,150,110,110,129,157,157,157],"floor_reached":33,"playtime":2447,"items_purged":["Defend_G"],"score":380,"play_id":"84b5d3ce-fd21-467f-b9da-fdf10a05fa37","local_time":"20190131135402","is_ascension_mode":true,"campfire_choices":[{"data":"Dagger Throw","floor":6,"key":"SMITH"},{"floor":8,"key":"REST"},{"data":"Leg Sweep","floor":11,"key":"SMITH"},{"data":"Well Laid Plans","floor":15,"key":"SMITH"},{"floor":24,"key":"REST"},{"floor":27,"key":"REST"},{"floor":29,"key":"REST"},{"floor":32,"key":"REST"}],"neow_cost":"NONE","seed_source_timestamp":599329646798660,"circlet_count":0,"master_deck":["Defend_G","Defend_G+1","Defend_G","Defend_G+1","Strike_G+1","Strike_G","Strike_G+1","Strike_G","Strike_G+1","Survivor","Neutralize+1","Leg Sweep+1","Sucker Punch","Well Laid Plans+1","Dagger Throw+1","PiercingWail","Quick Slash+1","Die Die Die+1","Deadly Poison+1","PiercingWail+1","Skewer+1","After Image","Poisoned Stab+1","Quick Slash+1","Dagger Throw+1"],"relics":["Ring of the Snake","Molten Egg 2","Ancient Tea Set","Matryoshka","Black Star","Membership Card","Centennial Puzzle","Question Card","Bottled Tornado","Lantern","Toxic Egg 2","Whetstone","War Paint","Prayer Wheel","Mercury Hourglass"],"potions_floor_usage":[23,23,31,33],"damage_taken":[{"damage":1,"enemies":"Cultist","floor":1,"turns":4},{"damage":0,"enemies":"Jaw Worm","floor":2,"turns":5},{"damage":1,"enemies":"2 Louse","floor":3,"turns":3},{"damage":24,"enemies":"Gremlin Gang","floor":4,"turns":7},{"damage":11,"enemies":"3 Louse","floor":5,"turns":4},{"damage":8,"enemies":"2 Fungi Beasts","floor":7,"turns":4},{"damage":17,"enemies":"3 Sentries","floor":10,"turns":9},{"damage":10,"enemies":"Lagavulin","floor":12,"turns":9},{"damage":40,"enemies":"The Guardian","floor":16,"turns":19},{"damage":11,"enemies":"2 Thieves","floor":18,"turns":5},{"damage":11,"enemies":"Spheric Guardian","floor":19,"turns":5},{"damage":10,"enemies":"Centurion and Healer","floor":20,"turns":8},{"damage":4,"enemies":"Snake Plant","floor":22,"turns":4},{"damage":11,"enemies":"Gremlin Leader","floor":23,"turns":7},{"damage":37,"enemies":"Book of Stabbing","floor":25,"turns":7},{"damage":2,"enemies":"Snecko","floor":30,"turns":5},{"damage":25,"enemies":"Slavers","floor":31,"turns":5},{"damage":44,"enemies":"Champ","floor":33,"turns":12}],"seed_played":"1994418378384065461","potions_obtained":[{"floor":3,"key":"Ancient Potion"},{"floor":7,"key":"SmokeBomb"},{"floor":10,"key":"Poison Potion"},{"floor":12,"key":"Dexterity Potion"},{"floor":25,"key":"Explosive Potion"},{"floor":31,"key":"Weak Potion"}],"is_trial":false,"path_per_floor":["M","M","M","M","M","R","M","R","T","E","R","E","?","$","R","B",null,"M","M","M","$","M","E","R","E","T","R","?","R","M","E","R","B"],"character_chosen":"THE_SILENT","items_purchased":["Quick Slash+1","Membership Card","Skewer+1","Centennial Puzzle"],"campfire_rested":5,"item_purchase_floors":[14,21,21,21],"current_hp_per_floor":[69,69,68,44,33,33,25,46,46,29,29,19,70,70,70,30,70,59,48,38,38,34,23,44,7,7,28,28,49,47,22,43,0],"gold":157,"neow_bonus":"HUNDRED_GOLD","is_prod":false,"is_daily":false,"chose_seed":false,"campfire_upgraded":3,"win_rate":0,"timestamp":1548964442,"path_taken":["M","?","M","M","M","R","M","R","T","E","R","E","?","?","R","BOSS","M","M","M","$","M","E","R","E","T","R","?","R","M","E","R","BOSS"],"build_version":"2019-01-23","purchased_purges":1,"victory":false,"max_hp_per_floor":[70,70,70,70,70,70,70,70,70,70,70,70,70,70,70,70,70,70,70,70,70,70,70,70,70,70,70,70,70,70,70,70,70],"card_choices":[{"not_picked":["Outmaneuver","Cloak And Dagger"],"picked":"Leg Sweep","floor":1},{"not_picked":["Escape Plan","Outmaneuver"],"picked":"Sucker Punch","floor":2},{"not_picked":["Acrobatics","Backflip"],"picked":"Well Laid Plans","floor":3},{"not_picked":["Acrobatics","Poisoned Stab"],"picked":"Dagger Throw","floor":4},{"not_picked":["Dodge and Roll","Underhanded Strike","Venomology"],"picked":"SKIP","floor":5},{"not_picked":["Blade Dance","Underhanded Strike"],"picked":"All Out Attack","floor":7},{"not_picked":["Outmaneuver","Terror"],"picked":"PiercingWail","floor":10},{"not_picked":["Underhanded Strike+1","Tactician","Concentrate"],"picked":"SKIP","floor":12},{"not_picked":["Envenom","Wraith Form v2"],"picked":"Die Die Die+1","floor":16},{"not_picked":["Bane+1","Well Laid Plans"],"picked":"Deadly Poison+1","floor":18},{"not_picked":["Caltrops","Prepared"],"picked":"PiercingWail+1","floor":19},{"not_picked":["Choke+1","PiercingWail","Bane+1"],"picked":"SKIP","floor":20},{"not_picked":["Storm of Steel","Caltrops","Slice+1"],"picked":"SKIP","floor":22},{"not_picked":["Catalyst","Deflect"],"picked":"After Image","floor":23},{"not_picked":["Finisher+1","Accuracy","Acrobatics"],"picked":"Poisoned Stab+1","floor":25},{"not_picked":["Heel Hook+1","Flying Knee+1","Dagger Throw+1"],"picked":"Quick Slash+1","floor":30},{"not_picked":["Deadly Poison+1","Concentrate+1","Slice+1"],"picked":"Dagger Throw+1","floor":31}],"player_experience":72648,"relics_obtained":[{"floor":9,"key":"Molten Egg 2"},{"floor":10,"key":"Ancient Tea Set"},{"floor":12,"key":"Matryoshka"},{"floor":23,"key":"Question Card"},{"floor":23,"key":"Bottled Tornado"},{"floor":25,"key":"Lantern"},{"floor":25,"key":"Toxic Egg 2"},{"floor":26,"key":"Whetstone"},{"floor":26,"key":"War Paint"},{"floor":31,"key":"Prayer Wheel"},{"floor":31,"key":"Mercury Hourglass"}],"event_choices":[{"cards_removed":["All Out Attack"],"damage_healed":51,"gold_gain":0,"player_choice":"Offered Uncommon","damage_taken":0,"max_hp_gain":0,"max_hp_loss":0,"event_name":"Bonfire Elementals","floor":13,"gold_loss":0},{"damage_healed":0,"gold_gain":0,"player_choice":"Upgraded Two","damage_taken":0,"max_hp_gain":0,"max_hp_loss":0,"event_name":"Designer","floor":28,"gold_loss":40,"cards_upgraded":["Neutralize","Strike_G"]}],"is_beta":false,"boss_relics":[{"not_picked":["Eternal Feather","Busted Crown"],"picked":"Black Star"}],"items_purged_floors":[14],"is_endless":false,"potions_floor_spawned":[3,7,10,12,22,25,31],"killed_by":"Champ","ascension_level":4}