{"gold_per_floor":[113,124,144,104,124,124,153,133,133,144,43,62,62,77,77,148,148,165,165,11,24,24,24,36,36,36,86,116,142,142],"floor_reached":30,"playtime":2743,"items_purged":["Strike_G","Decay"],"score":500,"play_id":"3b57f421-f4ec-494e-a3bb-297b11444319","local_time":"20190703211436","is_ascension_mode":true,"campfire_choices":[{"floor":6,"key":"REST"},{"floor":15,"key":"REST"},{"floor":23,"key":"REST"},{"floor":25,"key":"REST"}],"neow_cost":"NONE","seed_source_timestamp":365871037077854,"circlet_count":0,"master_deck":["AscendersBane","Strike_G","Strike_G","Strike_G","Strike_G","Defend_G","Defend_G","Defend_G","Defend_G","Defend_G","Survivor","Neutralize","Quick Slash","Leg Sweep","Backflip","Poisoned Stab","Noxious Fumes","Footwork","Malaise","Dodge and Roll","Dodge and Roll","PiercingWail","Corpse Explosion","Well Laid Plans","Writhe","Well Laid Plans+1"],"relics":["Ring of the Snake","Art of War","Kunai","Darkstone Periapt","Fusion Hammer","Blood Vial","Mummified Hand","Strawberry","Red Mask"],"potions_floor_usage":[5,7,12,28,29,29],"damage_taken":[{"damage":8,"enemies":"Jaw Worm","floor":1,"turns":6},{"damage":7,"enemies":"Cultist","floor":2,"turns":5},{"damage":1,"enemies":"2 Louse","floor":3,"turns":4},{"damage":3,"enemies":"Looter","floor":4,"turns":4},{"damage":12,"enemies":"Large Slime","floor":5,"turns":11},{"damage":27,"enemies":"Lagavulin","floor":7,"turns":11},{"damage":5,"enemies":"Blue Slaver","floor":10,"turns":5},{"damage":8,"enemies":"Lots of Slimes","floor":12,"turns":7},{"damage":0,"enemies":"Looter","floor":14,"turns":5},{"damage":5,"enemies":"The Guardian","floor":16,"turns":15},{"damage":13,"enemies":"Spheric Guardian","floor":18,"turns":5},{"damage":17,"enemies":"Chosen","floor":21,"turns":7},{"damage":14,"enemies":"Shelled Parasite and Fungi","floor":24,"turns":7},{"damage":32,"enemies":"Gremlin Leader","floor":28,"turns":9},{"damage":44,"enemies":"Masked Bandits","floor":29,"turns":4},{"damage":10,"enemies":"Cultist and Chosen","floor":30,"turns":3}],"seed_played":"-7746503509760879261","potions_obtained":[{"floor":2,"key":"SpeedPotion"},{"floor":5,"key":"Swift Potion"},{"floor":8,"key":"FearPotion"},{"floor":10,"key":"SpeedPotion"},{"floor":14,"key":"Weak Potion"},{"floor":28,"key":"Energy Potion"}],"is_trial":false,"path_per_floor":["M","M","M","M","M","R","E","?","T","M","$","M","?","M","R","B",null,"M","?","$","M","?","R","M","R","T","?","E","?","M"],"character_chosen":"THE_SILENT","items_purchased":["Dodge and Roll","SkillPotion"],"campfire_rested":4,"item_purchase_floors":[11,20],"current_hp_per_floor":[51,44,43,40,28,47,20,20,20,15,15,7,7,7,26,21,55,42,48,48,31,37,60,48,71,71,71,48,6,0],"gold":142,"neow_bonus":"RANDOM_COMMON_RELIC","is_prod":false,"is_daily":false,"chose_seed":false,"campfire_upgraded":0,"win_rate":0,"timestamp":1562206476,"path_taken":["M","M","M","M","M","R","E","?","T","M","$","?","?","M","R","BOSS","M","?","$","M","?","R","M","R","T","?","E","?","M"],"build_version":"2019-07-01","purchased_purges":2,"victory":false,"max_hp_per_floor":[66,66,66,66,66,66,66,66,66,66,66,66,66,66,66,66,66,66,72,72,72,78,78,78,78,78,78,85,85,85],"card_choices":[{"not_picked":["Sucker Punch","Predator"],"picked":"Quick Slash","floor":1},{"not_picked":["Outmaneuver","Sucker Punch"],"picked":"Leg Sweep","floor":2},{"not_picked":["Accuracy","Blade Dance"],"picked":"Backflip","floor":3},{"not_picked":["Flying Knee","Sucker Punch"],"picked":"Poisoned Stab","floor":4},{"not_picked":["Heel Hook","Endless Agony"],"picked":"Noxious Fumes","floor":5},{"not_picked":["Expertise","Tactician"],"picked":"Footwork","floor":7},{"not_picked":["Prepared","Predator"],"picked":"Malaise","floor":10},{"not_picked":["All Out Attack","Calculated Gamble"],"picked":"Dodge and Roll","floor":12},{"not_picked":["Deflect","Leg Sweep"],"picked":"PiercingWail","floor":14},{"not_picked":["Night Terror","A Thousand Cuts"],"picked":"Corpse Explosion","floor":16},{"not_picked":["Dagger Spray","Sucker Punch","Finisher"],"picked":"SKIP","floor":18},{"not_picked":["Deflect","Outmaneuver"],"picked":"Well Laid Plans","floor":21},{"not_picked":["Dodge and Roll+1","Terror"],"picked":"Well Laid Plans+1","floor":24},{"not_picked":["Dodge and Roll","Flechettes","Dagger Throw"],"picked":"SKIP","floor":28}],"player_experience":684522,"relics_obtained":[{"floor":7,"key":"Kunai"},{"floor":9,"key":"Darkstone Periapt"},{"floor":26,"key":"Mummified Hand"},{"floor":28,"key":"Strawberry"},{"floor":29,"key":"Red Mask"}],"event_choices":[{"damage_healed":0,"gold_gain":0,"player_choice":"Bought 1 Potion","damage_taken":0,"max_hp_gain":0,"max_hp_loss":0,"event_name":"The Woman in Blue","floor":8,"gold_loss":0},{"damage_healed":0,"gold_gain":0,"player_choice":"Ignored","damage_taken":0,"max_hp_gain":0,"max_hp_loss":0,"event_name":"Golden Wing","floor":13,"gold_loss":0},{"damage_healed":0,"gold_gain":0,"player_choice":"Smashed Altar","damage_taken":0,"max_hp_gain":0,"max_hp_loss":0,"event_name":"Forgotten Altar","floor":19,"gold_loss":0,"cards_obtained":["Decay"]},{"damage_healed":0,"gold_gain":0,"player_choice":"Opened","damage_taken":0,"relics_obtained":["Blood Vial"],"max_hp_gain":0,"max_hp_loss":0,"event_name":"The Mausoleum","floor":22,"gold_loss":0,"cards_obtained":["Writhe"]},{"damage_healed":0,"gold_gain":50,"player_choice":"Stole From Cult","damage_taken":0,"max_hp_gain":0,"max_hp_loss":0,"event_name":"Nest","floor":27,"gold_loss":0},{"damage_healed":0,"gold_gain":0,"player_choice":"Fought Bandits","damage_taken":0,"max_hp_gain":0,"max_hp_loss":0,"event_name":"Masked Bandits","floor":29,"gold_loss":0}],"is_beta":false,"boss_relics":[{"not_picked":["Eternal Feather","Lizard Tail"],"picked":"Fusion Hammer"}],"items_purged_floors":[11,20],"is_endless":false,"potions_floor_spawned":[2,5,10,14,16,21,28],"killed_by":"Cultist and Chosen","ascension_level":18}