{"gold_per_floor":[113,128,128,79,96,130,130,160,160,160,13,13,25,25,25,129,129,145,159,170,95,95,95,120,132,157,157,185,185,199,216,216,312,312,328,338,354,354,365,391,391,391,417,417,417,435,446,463,463,463],"floor_reached":50,"playtime":2809,"items_purged":["Strike_B"],"score":602,"play_id":"de5432b1-e231-4e7f-abbc-fec97691b0a7","local_time":"20181210202852","is_ascension_mode":true,"campfire_choices":[{"floor":7,"key":"REST"},{"data":"Zap","floor":10,"key":"SMITH"},{"data":"Leap","floor":12,"key":"SMITH"},{"data":"Dualcast","floor":15,"key":"SMITH"},{"floor":23,"key":"REST"},{"floor":27,"key":"REST"},{"data":"Echo Form","floor":29,"key":"SMITH"},{"floor":32,"key":"REST"},{"floor":41,"key":"REST"},{"floor":44,"key":"RECALL"},{"floor":49,"key":"REST"}],"neow_cost":"NONE","seed_source_timestamp":2327788614786387,"circlet_count":0,"master_deck":["Strike_B","Strike_B","Strike_B","Defend_B","Defend_B","Defend_B","Defend_B","Zap+1","Dualcast+1","Chill","Ball Lightning","Sweeping Beam","Leap+1","Core Surge","Compile Driver","Coolheaded+1","Echo Form+1","Capacitor+1","Electrodynamics","Leap","Electrodynamics","Conserve Battery+1","Biased Cognition","Clumsy","Ball Lightning","Glacier","Consume"],"relics":["Cracked Core","NeowsBlessing","Gremlin Horn","Shuriken","WingedGreaves","Singing Bowl","PreservedInsect","Lizard Tail","Prayer Wheel","Strawberry","DataDisk","Cursed Key","Bag of Preparation"],"potions_floor_usage":[6,25,37,45,46,46,47,50],"damage_taken":[{"damage":0,"enemies":"Jaw Worm","floor":1,"turns":1},{"damage":0,"enemies":"Small Slimes","floor":2,"turns":1},{"damage":0,"enemies":"Cultist","floor":5,"turns":1},{"damage":25,"enemies":"Gremlin Nob","floor":6,"turns":5},{"damage":11,"enemies":"3 Sentries","floor":8,"turns":8},{"damage":0,"enemies":"Gremlin Gang","floor":13,"turns":2},{"damage":22,"enemies":"Hexaghost","floor":16,"turns":9},{"damage":12,"enemies":"Spheric Guardian","floor":18,"turns":4},{"damage":5,"enemies":"Shell Parasite","floor":19,"turns":6},{"damage":12,"enemies":"Snake Plant","floor":20,"turns":5},{"damage":36,"enemies":"Slavers","floor":24,"turns":4},{"damage":11,"enemies":"Snecko","floor":25,"turns":7},{"damage":23,"enemies":"Gremlin Leader","floor":28,"turns":6},{"damage":10,"enemies":"Cultist and Chosen","floor":30,"turns":6},{"damage":12,"enemies":"Centurion and Healer","floor":31,"turns":5},{"damage":36,"enemies":"Collector","floor":33,"turns":9},{"damage":0,"enemies":"3 Shapes","floor":35,"turns":4},{"damage":37,"enemies":"3 Darklings","floor":36,"turns":4},{"damage":26,"enemies":"Transient","floor":37,"turns":5},{"damage":0,"enemies":"Jaw Worm Horde","floor":39,"turns":4},{"damage":8,"enemies":"Reptomancer","floor":40,"turns":5},{"damage":0,"enemies":"Writhing Mass","floor":45,"turns":1},{"damage":10,"enemies":"Maw","floor":46,"turns":8},{"damage":30,"enemies":"Spire Growth","floor":47,"turns":5},{"damage":10,"enemies":"3 Darklings","floor":48,"turns":4},{"damage":138,"enemies":"Time Eater","floor":50,"turns":14}],"seed_played":"-2354114186325645923","potions_obtained":[{"floor":1,"key":"Explosive Potion"},{"floor":2,"key":"Poison Potion"},{"floor":5,"key":"LiquidBronze"},{"floor":18,"key":"Dexterity Potion"},{"floor":19,"key":"Ancient Potion"},{"floor":25,"key":"Weak Potion"},{"floor":39,"key":"PowerPotion"},{"floor":40,"key":"Block Potion"},{"floor":42,"key":"SmokeBomb"},{"floor":46,"key":"PowerPotion"},{"floor":48,"key":"PowerPotion"}],"is_trial":false,"path_per_floor":["M","M","?","$","M","E","R","E","T","R","$","R","M","$","R","B",null,"M","M","M","$","?","R","E","M","T","R","E","R","M","M","R","B",null,"M","M","M","?","M","E","R","?","T","R","M","M","M","M","R","B"],"character_chosen":"DEFECT","items_purchased":["Sweeping Beam","PreservedInsect"],"campfire_rested":6,"item_purchase_floors":[4,11],"current_hp_per_floor":[75,75,68,68,68,43,65,54,54,54,54,54,56,56,56,36,79,67,64,52,52,52,76,42,33,40,67,44,44,36,26,54,18,96,98,65,43,43,47,39,72,72,72,72,72,64,34,28,62,0],"gold":463,"neow_bonus":"THREE_ENEMY_KILL","is_prod":false,"is_daily":false,"chose_seed":false,"campfire_upgraded":4,"win_rate":0,"timestamp":1544495332,"path_taken":["M","M","?","$","M","E","R","E","T","R","$","R","M","$","R","BOSS","M","M","M","$","?","R","E","M","T","R","E","R","M","?","R","BOSS","M","M","?","?","M","E","R","?","T","R","M","M","M","?","R","BOSS"],"build_version":"2018-12-06","purchased_purges":1,"victory":false,"max_hp_per_floor":[75,75,75,75,75,75,75,75,75,75,75,75,77,77,77,79,79,79,81,81,81,81,81,83,85,92,92,92,92,94,96,96,96,96,98,102,106,106,110,110,110,110,110,110,110,112,112,116,116,116],"card_choices":[{"not_picked":["Conserve Battery","Fusion"],"picked":"Chill","floor":1},{"not_picked":["Skim","Double Energy"],"picked":"Ball Lightning","floor":2},{"not_picked":["Steam","Aggregate"],"picked":"Leap","floor":5},{"not_picked":["Leap","Sweeping Beam"],"picked":"Core Surge","floor":6},{"not_picked":["Turbo","FTL"],"picked":"Compile Driver","floor":8},{"not_picked":["Leap","Steam","Stack"],"picked":"Singing Bowl","floor":13},{"not_picked":["Core Surge","Hyperbeam","Meteor Strike"],"picked":"Singing Bowl","floor":16},{"not_picked":["Capacitor","Redo+1"],"picked":"Coolheaded+1","floor":18},{"not_picked":["Go for the Eyes","Redo","Fusion"],"picked":"Singing Bowl","floor":19},{"not_picked":["Cold Snap","Streamline"],"picked":"Echo Form","floor":20},{"not_picked":["Stack","Consume","Fusion"],"picked":"Singing Bowl","floor":24},{"not_picked":["Auto Shields","Scrape+1","Rebound"],"picked":"Singing Bowl","floor":25},{"not_picked":["Fusion","Beam Cell","Gash"],"picked":"SKIP","floor":25},{"not_picked":["Stack","Cold Snap+1"],"picked":"Capacitor+1","floor":28},{"not_picked":["Consume","Streamline","Double Energy"],"picked":"Singing Bowl","floor":30},{"not_picked":["Cold Snap","Rebound"],"picked":"Electrodynamics","floor":30},{"not_picked":["Sunder+1","Cold Snap"],"picked":"Leap","floor":31},{"not_picked":["Streamline","Chaos","Fusion"],"picked":"Singing Bowl","floor":31},{"not_picked":["Machine Learning","Creative AI"],"picked":"Electrodynamics","floor":33},{"not_picked":["Beam Cell","Ball Lightning"],"picked":"Conserve Battery+1","floor":35},{"not_picked":["Streamline+1","Turbo+1","Barrage+1"],"picked":"Singing Bowl","floor":35},{"not_picked":["Redo","Seek","Genetic Algorithm+1"],"picked":"Singing Bowl","floor":36},{"not_picked":["Skim+1","Redo+1","Recycle"],"picked":"Singing Bowl","floor":36},{"not_picked":["Turbo","Lockon","Streamline"],"picked":"Singing Bowl","floor":37},{"not_picked":["Steam Power+1","Sweeping Beam+1","Aggregate+1"],"picked":"Singing Bowl","floor":37},{"not_picked":["Tempest","Conserve Battery+1","Gash"],"picked":"Singing Bowl","floor":39},{"not_picked":["Melter","Compile Driver+1","Sweeping Beam+1"],"picked":"Singing Bowl","floor":39},{"not_picked":["Rebound","Rainbow"],"picked":"Biased Cognition","floor":40},{"not_picked":["Cold Snap+1","Genetic Algorithm+1","Blizzard"],"picked":"Singing Bowl","floor":46},{"not_picked":["Reinforced Body+1","Beam Cell+1"],"picked":"Ball Lightning","floor":46},{"not_picked":["Self Repair","Scrape"],"picked":"Glacier","floor":47},{"not_picked":["Ball Lightning+1","Go for the Eyes"],"picked":"Consume","floor":47},{"not_picked":["Redo","Stack+1","Compile Driver"],"picked":"Singing Bowl","floor":48},{"not_picked":["Beam Cell+1","Doom and Gloom","Hello World"],"picked":"Singing Bowl","floor":48}],"player_experience":255548,"relics_obtained":[{"floor":6,"key":"Shuriken"},{"floor":8,"key":"WingedGreaves"},{"floor":9,"key":"Singing Bowl"},{"floor":24,"key":"Prayer Wheel"},{"floor":26,"key":"Strawberry"},{"floor":28,"key":"DataDisk"},{"floor":40,"key":"Bag of Preparation"}],"event_choices":[{"damage_healed":0,"gold_gain":0,"player_choice":"Success","damage_taken":7,"relics_obtained":["Gremlin Horn"],"max_hp_gain":0,"max_hp_loss":0,"event_name":"Scrap Ooze","floor":3,"gold_loss":0},{"damage_healed":0,"gold_gain":0,"player_choice":"Bought 0 Potions","damage_taken":0,"max_hp_gain":0,"max_hp_loss":0,"event_name":"The Woman in Blue","floor":22,"gold_loss":0},{"damage_healed":0,"gold_gain":0,"player_choice":"Ignored","damage_taken":0,"max_hp_gain":0,"max_hp_loss":0,"event_name":"Mysterious Sphere","floor":38,"gold_loss":0},{"damage_healed":0,"gold_gain":0,"player_choice":"Got Potions","damage_taken":0,"max_hp_gain":0,"max_hp_loss":0,"event_name":"Lab","floor":42,"gold_loss":0}],"is_beta":false,"boss_relics":[{"not_picked":["Coffee Dripper","Runic Dome"],"picked":"Lizard Tail"},{"not_picked":["Nuclear Battery","Eternal Feather"],"picked":"Cursed Key"}],"items_purged_floors":[21],"is_endless":false,"potions_floor_spawned":[1,2,5,18,19,25,28,33,39,40,46,48],"killed_by":"Time Eater","ascension_level":1}