{"gold_per_floor":[110,37,37,52,9,43,43,70,70,86,99,99,128,146,146,246,246,256,256,266,266,281,313,313,342,342,342,342,376,44,44,44,141,141,161,175,175,0,14,14,34,34,59,71,88,88,88,101,101,101],"floor_reached":51,"playtime":3963,"items_purged":["Defend_G"],"score":970,"play_id":"93e1c6e6-b145-4b3a-a4a0-a7df3b06b5c5","local_time":"20181013222613","is_ascension_mode":true,"campfire_choices":[{"data":"Footwork","floor":7,"key":"SMITH"},{"floor":12,"key":"REST"},{"floor":15,"key":"REST"},{"data":"Adrenaline","floor":24,"key":"SMITH"},{"data":"Flechettes","floor":27,"key":"SMITH"},{"floor":32,"key":"REST"},{"floor":40,"key":"REST"},{"data":"Noxious Fumes","floor":46,"key":"SMITH"},{"floor":49,"key":"REST"}],"neow_cost":"","seed_source_timestamp":349756814812097,"circlet_count":0,"master_deck":["Defend_G","Defend_G","Defend_G","Survivor","Neutralize","Backstab","Footwork+1","Backflip","Flechettes+1","Adrenaline+1","Footwork","Corpse Explosion","Cloak And Dagger","Bite","Bite","Bite","Bite","Bite","Dodge and Roll","Blur","Burst","Terror+1","Noxious Fumes+1","Blur","After Image"],"relics":["Ring of the Snake","FossilizedHelix","Sundial","Shuriken","Letter Opener","Runic Pyramid","Bag of Preparation","Happy Flower","Meat on the Bone","Kunai","Molten Egg 2","Orichalcum","Velvet Choker","Mango","Red Mask","Anchor"],"potions_floor_usage":[6,8,13,29,33,50],"damage_taken":[{"damage":2,"enemies":"Jaw Worm","floor":1,"turns":4},{"damage":0,"enemies":"Small Slimes","floor":4,"turns":2},{"damage":6,"enemies":"3 Sentries","floor":6,"turns":9},{"damage":32,"enemies":"Gremlin Nob","floor":8,"turns":6},{"damage":0,"enemies":"2 Louse","floor":10,"turns":2},{"damage":0,"enemies":"Blue Slaver","floor":11,"turns":5},{"damage":10,"enemies":"3 Sentries","floor":13,"turns":7},{"damage":1,"enemies":"Large Slime","floor":14,"turns":6},{"damage":8,"enemies":"Slime Boss","floor":16,"turns":11},{"damage":0,"enemies":"Chosen","floor":18,"turns":5},{"damage":9,"enemies":"Shell Parasite","floor":20,"turns":6},{"damage":0,"enemies":"Cultist and Chosen","floor":22,"turns":6},{"damage":21,"enemies":"Slavers","floor":23,"turns":7},{"damage":20,"enemies":"Gremlin Leader","floor":25,"turns":6},{"damage":14,"enemies":"Slavers","floor":29,"turns":3},{"damage":23,"enemies":"Collector","floor":33,"turns":11},{"damage":9,"enemies":"3 Shapes","floor":35,"turns":2},{"damage":0,"enemies":"3 Darklings","floor":36,"turns":4},{"damage":0,"enemies":"Mind Bloom Boss Battle","floor":37,"turns":6},{"damage":23,"enemies":"Transient","floor":39,"turns":5},{"damage":0,"enemies":"Spire Growth","floor":41,"turns":5},{"damage":0,"enemies":"3 Darklings","floor":44,"turns":2},{"damage":9,"enemies":"Reptomancer","floor":45,"turns":5},{"damage":25,"enemies":"Spire Growth","floor":48,"turns":6},{"damage":67,"enemies":"Time Eater","floor":50,"turns":16}],"seed_played":"-3440235043352434173","potions_obtained":[{"floor":4,"key":"Fire Potion"},{"floor":6,"key":"EssenceOfSteel"},{"floor":8,"key":"GhostInAJar"},{"floor":16,"key":"SteroidPotion"},{"floor":22,"key":"Swift Potion"},{"floor":25,"key":"PowerPotion"},{"floor":29,"key":"Weak Potion"},{"floor":35,"key":"SpeedPotion"}],"is_trial":false,"path_per_floor":["M","$","?","M","?","E","R","E","T","M","M","R","E","M","R","B",null,"M","?","M","?","M","E","R","E","T","R","?","E","$","?","R","B",null,"M","M","?","?","M","R","M","?","T","M","M","R","$","M","R","B"],"character_chosen":"THE_SILENT","items_purchased":["Backstab","Molten Egg 2"],"campfire_rested":5,"item_purchase_floors":[2,30],"current_hp_per_floor":[61,61,66,66,66,60,60,28,28,28,28,50,40,39,61,53,70,70,56,47,47,56,43,43,35,35,35,35,37,37,37,53,47,54,47,51,70,70,47,68,70,70,70,70,67,67,67,49,70,41],"gold":101,"neow_bonus":"","is_prod":false,"is_daily":false,"chose_seed":false,"campfire_upgraded":4,"win_rate":0,"timestamp":1539483973,"path_taken":["M","$","?","M","?","E","R","E","T","M","M","R","E","M","R","BOSS","M","?","M","?","M","E","R","E","T","R","?","E","?","?","R","BOSS","M","M","?","?","M","R","M","?","T","M","M","R","?","M","R","BOSS"],"build_version":"2018-10-11","purchased_purges":1,"victory":true,"max_hp_per_floor":[70,70,75,75,75,75,75,75,75,75,75,75,75,75,75,75,75,75,80,80,56,56,56,56,56,56,56,56,56,56,56,56,56,56,56,56,70,70,70,70,70,70,70,70,70,70,70,70,70,70],"card_choices":[{"not_picked":["Dagger Throw","All Out Attack"],"picked":"Dagger Spray","floor":1},{"not_picked":["Bane","Skewer"],"picked":"Footwork","floor":4},{"not_picked":["Poisoned Stab","Sucker Punch"],"picked":"Backflip","floor":6},{"not_picked":["Slice","Acrobatics","Masterful Stab"],"picked":"SKIP","floor":8},{"not_picked":["Underhanded Strike","Setup","Prepared"],"picked":"SKIP","floor":10},{"not_picked":["Slice","Skewer"],"picked":"Flechettes","floor":11},{"not_picked":["Quick Slash","Calculated Gamble"],"picked":"Adrenaline","floor":13},{"not_picked":["Eviscerate","Dodge and Roll"],"picked":"Footwork","floor":14},{"not_picked":["Malaise","Night Terror"],"picked":"Corpse Explosion","floor":16},{"not_picked":["Prepared","Catalyst"],"picked":"Cloak And Dagger","floor":18},{"not_picked":["Caltrops","Deflect+1","Accuracy"],"picked":"SKIP","floor":20},{"not_picked":["Dagger Spray","Blade Dance+1"],"picked":"Dodge and Roll","floor":22},{"not_picked":["Riddle With Holes","Underhanded Strike","Flying Knee"],"picked":"SKIP","floor":23},{"not_picked":["Predator+1","Heel Hook+1","Infinite Blades+1"],"picked":"SKIP","floor":25},{"not_picked":["Flying Knee","Slice"],"picked":"Blur","floor":29},{"not_picked":["Doppelganger","Grand Finale+1"],"picked":"Burst","floor":33},{"not_picked":["Blade Dance","Infinite Blades+1"],"picked":"Terror+1","floor":35},{"not_picked":["Crippling Poison","Bane+1","Quick Slash+1"],"picked":"SKIP","floor":36},{"not_picked":["Calculated Gamble","Dagger Throw+1","Predator+1"],"picked":"SKIP","floor":39},{"not_picked":["Dagger Spray+1","Outmaneuver","Blade Dance"],"picked":"SKIP","floor":41},{"not_picked":["Tactician","Dagger Spray+1"],"picked":"Noxious Fumes","floor":44},{"not_picked":["Eviscerate+1","Acrobatics+1"],"picked":"Blur","floor":45},{"not_picked":["Crippling Poison","Concentrate+1"],"picked":"After Image","floor":48}],"player_experience":118206,"relics_obtained":[{"floor":6,"key":"FossilizedHelix"},{"floor":8,"key":"Sundial"},{"floor":9,"key":"Shuriken"},{"floor":13,"key":"Letter Opener"},{"floor":23,"key":"Bag of Preparation"},{"floor":25,"key":"Happy Flower"},{"floor":26,"key":"Meat on the Bone"},{"floor":29,"key":"Kunai"},{"floor":37,"key":"Mango"},{"floor":43,"key":"Anchor"}],"event_choices":[{"event_name":"Big Fish","player_choice":"Donut","floor":3,"damage_taken":0},{"event_name":"World of Goop","player_choice":"Left","floor":5,"damage_taken":0},{"event_name":"Forgotten Altar","player_choice":"Shed Blood","floor":19,"damage_taken":0},{"event_name":"Vampires","player_choice":"Became a vampire","floor":21,"damage_taken":0},{"event_name":"Wheel of Change","player_choice":"Card Removal","floor":28,"damage_taken":0},{"event_name":"The Mausoleum","player_choice":"Yes","floor":31,"damage_taken":0},{"event_name":"MindBloom","player_choice":"Fight","floor":37,"damage_taken":0},{"event_name":"Tomb of Lord Red Mask","player_choice":"Paid","floor":38,"damage_taken":0},{"event_name":"Falling","player_choice":"Removed Attack","floor":42,"damage_taken":0}],"is_beta":false,"boss_relics":[{"not_picked":["WristBlade","White Beast Statue"],"picked":"Runic Pyramid"},{"not_picked":["Eternal Feather","HoveringKite"],"picked":"Velvet Choker"}],"items_purged_floors":[30],"is_endless":false,"potions_floor_spawned":[4,6,8,16,22,25,29,35,36,45],"ascension_level":7}