{"gold_per_floor":[114,130,148,159,175,200,225,237,272,284],"floor_reached":10,"playtime":582,"items_purged":[],"score":76,"play_id":"dbd5b832-d354-4072-b101-d8819f61b787","local_time":"20191009100342","is_ascension_mode":true,"campfire_choices":[{"floor":8,"key":"REST"}],"neow_cost":"NONE","seed_source_timestamp":180671713424400,"circlet_count":0,"master_deck":["Strike_G","Strike_G","Strike_G","Strike_G","Strike_G","Defend_G","Defend_G","Defend_G","Defend_G","Defend_G","Survivor","Neutralize","Cloak And Dagger","Infinite Blades","Blur","Acrobatics"],"relics":["Ring of the Snake","NeowsBlessing","MawBank","Oddly Smooth Stone"],"potions_floor_usage":[5,6,6,10],"damage_taken":[{"damage":0,"enemies":"Cultist","floor":1,"turns":1},{"damage":0,"enemies":"2 Louse","floor":2,"turns":1},{"damage":0,"enemies":"Jaw Worm","floor":3,"turns":1},{"damage":2,"enemies":"Exordium Wildlife","floor":4,"turns":6},{"damage":10,"enemies":"Gremlin Gang","floor":5,"turns":6},{"damage":52,"enemies":"Lagavulin","floor":6,"turns":13},{"damage":1,"enemies":"Looter","floor":7,"turns":4},{"damage":27,"enemies":"3 Sentries","floor":10,"turns":8}],"seed_played":"6532988799151779739","potions_obtained":[{"floor":1,"key":"Block Potion"},{"floor":3,"key":"SteroidPotion"},{"floor":4,"key":"Swift Potion"},{"floor":6,"key":"Explosive Potion"}],"is_trial":false,"path_per_floor":["M","M","M","M","M","E","M","R","T","E"],"character_chosen":"THE_SILENT","items_purchased":[],"campfire_rested":1,"item_purchase_floors":[],"current_hp_per_floor":[70,70,70,68,58,6,5,26,26,0],"gold":284,"neow_bonus":"THREE_ENEMY_KILL","is_prod":false,"is_daily":false,"chose_seed":false,"campfire_upgraded":0,"win_rate":0,"timestamp":1570629822,"path_taken":["M","M","?","M","M","E","M","R","T","E"],"build_version":"2019-07-17","purchased_purges":0,"victory":false,"max_hp_per_floor":[70,70,70,70,70,70,70,70,70,70],"card_choices":[{"not_picked":["Heel Hook","Bane"],"picked":"Cloak And Dagger","floor":1},{"not_picked":["PiercingWail","Escape Plan"],"picked":"Infinite Blades","floor":2},{"not_picked":["Dagger Spray","Reflex"],"picked":"Blur","floor":3},{"not_picked":["Sucker Punch","Leg Sweep","Deadly Poison"],"picked":"SKIP","floor":4},{"not_picked":["Catalyst","Underhanded Strike","Distraction"],"picked":"SKIP","floor":5},{"not_picked":["Deadly Poison","Dagger Spray","Expertise"],"picked":"SKIP","floor":6},{"not_picked":["Riddle With Holes","Blur"],"picked":"Acrobatics","floor":7}],"player_experience":110601,"relics_obtained":[{"floor":6,"key":"MawBank"},{"floor":9,"key":"Oddly Smooth Stone"}],"event_choices":[],"is_beta":false,"boss_relics":[],"items_purged_floors":[],"is_endless":false,"potions_floor_spawned":[1,3,4,6],"killed_by":"3 Sentries","ascension_level":1}