{"gold_per_floor":[364,377,153,173,193,223,223,235,235,235,235,235,263,277,277,377,377,388,399,399,449,461,488,488,502,502,502,515,532,532,552,552,655,655,667,488,501,520,42,74,74,94,121,131,146,165,197,212,212,212,212,212,67,101,101],"floor_reached":56,"playtime":14858,"items_purged":["Normality","Strike_R","Strike_R"],"score":1297,"play_id":"e5aaf6c7-f33c-4550-90c3-7f964d657d12","local_time":"20190916232314","is_ascension_mode":false,"campfire_choices":[{"data":"Uppercut","floor":7.0,"key":"SMITH"},{"data":"Battle Trance","floor":10.0,"key":"SMITH"},{"data":"Flame Barrier","floor":15.0,"key":"SMITH"},{"floor":27,"key":"RECALL"},{"data":"Shockwave","floor":30,"key":"SMITH"},{"data":"Feed","floor":32,"key":"SMITH"},{"floor":41,"key":"REST"},{"floor":49,"key":"REST"},{"floor":52,"key":"REST"}],"neow_cost":"CURSE","seed_source_timestamp":0,"circlet_count":0,"master_deck":["Strike_R","Strike_R","Defend_R","Defend_R","Defend_R+1","Defend_R","Bash+1","Uppercut+1","Flame Barrier+1","Battle Trance+1","Pummel","Demon Form","Carnage","Barricade","Sentinel+1","Blood for Blood","Shockwave+1","Feed+1","Impervious","Shrug It Off+1","Whirlwind","True Grit+1","Exhume","Sword Boomerang+1","Dual Wield","Entrench","Ghostly Armor","Carnage","Entrench"],"special_seed":0,"relics":["Burning Blood","Ancient Tea Set","Calipers","Sundial","Potion Belt","Snecko Eye","Ice Cream","Ginger","Fusion Hammer","Strange Spoon","Lantern","Mummified Hand","Bag of Preparation","Vajra"],"potions_floor_usage":[25,29,29,31,33,33,42,45,54,54,55,55,55,55],"damage_taken":[{"damage":5.0,"enemies":"2 Louse","floor":1.0,"turns":2.0},{"damage":6.0,"enemies":"Jaw Worm","floor":2.0,"turns":3.0},{"damage":6.0,"enemies":"Cultist","floor":4.0,"turns":3.0},{"damage":16.0,"enemies":"Large Slime","floor":5.0,"turns":8.0},{"damage":27.0,"enemies":"Gremlin Nob","floor":6.0,"turns":5.0},{"damage":7.0,"enemies":"Lots of Slimes","floor":8.0,"turns":5.0},{"damage":14.0,"enemies":"Lagavulin","floor":13.0,"turns":9.0},{"damage":0.0,"enemies":"Looter","floor":14.0,"turns":2.0},{"damage":14.0,"enemies":"The Guardian","floor":16.0,"turns":13.0},{"damage":0.0,"enemies":"3 Byrds","floor":18.0,"turns":3.0},{"damage":1.0,"enemies":"2 Thieves","floor":19.0,"turns":4.0},{"damage":14,"enemies":"Snecko","floor":22,"turns":4},{"damage":42,"enemies":"Slavers","floor":23,"turns":8},{"damage":0,"enemies":"Snake Plant","floor":25,"turns":3},{"damage":0,"enemies":"Centurion and Healer","floor":28,"turns":7},{"damage":2,"enemies":"Shelled Parasite and Fungi","floor":29,"turns":10},{"damage":3,"enemies":"3 Cultists","floor":31,"turns":5},{"damage":3,"enemies":"Automaton","floor":33,"turns":10},{"damage":8,"enemies":"3 Darklings","floor":35,"turns":4},{"damage":2,"enemies":"3 Shapes","floor":37,"turns":4},{"damage":9,"enemies":"Sphere and 2 Shapes","floor":38,"turns":8},{"damage":0,"enemies":"Giant Head","floor":40,"turns":10},{"damage":1,"enemies":"Jaw Worm Horde","floor":42,"turns":6},{"damage":0,"enemies":"Spire Growth","floor":44,"turns":6},{"damage":18,"enemies":"4 Shapes","floor":45,"turns":4},{"damage":0,"enemies":"Sphere and 2 Shapes","floor":46,"turns":13},{"damage":0,"enemies":"Reptomancer","floor":47,"turns":9},{"damage":0,"enemies":"Jaw Worm Horde","floor":48,"turns":10},{"damage":14,"enemies":"Awakened One","floor":50,"turns":13},{"damage":3,"enemies":"Shield and Spear","floor":54,"turns":12},{"damage":52,"enemies":"The Heart","floor":55,"turns":12}],"seed_played":"-84295843568091554","potions_obtained":[{"floor":2.0,"key":"SkillPotion"},{"floor":6.0,"key":"BloodPotion"},{"floor":13.0,"key":"Energy Potion"},{"floor":16.0,"key":"Explosive Potion"},{"floor":18.0,"key":"Fire Potion"},{"floor":24,"key":"EssenceOfSteel"},{"floor":28,"key":"Block Potion"},{"floor":29,"key":"Fruit Juice"},{"floor":31,"key":"Weak Potion"},{"floor":38,"key":"SkillPotion"},{"floor":40,"key":"GamblersBrew"},{"floor":44,"key":"Fire Potion"},{"floor":46,"key":"Weak Potion"},{"floor":47,"key":"Fire Potion"},{"floor":54,"key":"Fire Potion"}],"is_trial":false,"path_per_floor":["M","M","$","M","M","E","R","M","T","R","?","?","E","M","R","B",null,"M","M","?","?","M","E","?","M","T","R","M","M","R","M","R","B",null,"M","$","M","M","$","E","R","M","T","M","M","M","E","M","R","B",null,"R","$","E","B",null],"character_chosen":"IRONCLAD","items_purchased":["Ancient Tea Set","Whirlwind","Strange Spoon","Exhume","Bag of Preparation"],"campfire_rested":3,"item_purchase_floors":[3,36,39,39,53],"current_hp_per_floor":[80,80,80,80,70,49,49,48,48,48,32,32,24,30,30,22,80,80,80,80,80,72,36,36,62,62,62,68,72,72,80,80,87,89,91,91,97,98,98,105,105,113,113,117,117,135,145,157,157,161,169,169,169,177,135],"gold":101,"neow_bonus":"TWO_FIFTY_GOLD","is_prod":false,"is_daily":false,"chose_seed":false,"campfire_upgraded":5,"win_rate":0,"timestamp":1568690594,"path_taken":["M","M","$","M","M","E","R","M","T","R","?","?","E","M","R","BOSS","M","M","?","?","?","E","?","M","T","R","?","M","R","?","R","BOSS","M","$","M","M","$","E","R","M","T","M","M","M","E","M","R","BOSS","R","$","E","BOSS"],"build_version":"2019-07-17","purchased_purges":3,"victory":true,"max_hp_per_floor":[80,80,80,80,80,80,80,80,80,80,80,80,80,80,80,80,80,80,80,80,80,80,80,80,80,80,80,80,80,80,85,85,89,89,93,93,97,101,101,105,105,113,113,117,129,141,145,157,157,169,169,169,169,177,181],"card_choices":[{"not_picked":["Armaments","Pommel Strike"],"picked":"Uppercut","floor":1.0},{"not_picked":["Clash","Heavy Blade"],"picked":"Flame Barrier","floor":2.0},{"not_picked":["Berserk","True Grit","Twin Strike"],"picked":"SKIP","floor":4.0},{"not_picked":["Havoc","Headbutt","Perfected Strike"],"picked":"SKIP","floor":5.0},{"not_picked":["Intimidate","Iron Wave"],"picked":"Battle Trance","floor":6.0},{"not_picked":["Combust","Wild Strike","Perfected Strike"],"picked":"SKIP","floor":8.0},{"not_picked":["Sentinel","Thunderclap"],"picked":"Pummel","floor":13.0},{"not_picked":["Anger","Uppercut","Dropkick"],"picked":"SKIP","floor":14.0},{"not_picked":["Exhume","Immolate"],"picked":"Demon Form","floor":16.0},{"not_picked":["Intimidate","Pommel Strike","Cleave"],"picked":"SKIP","floor":18.0},{"not_picked":["Infernal Blade","Perfected Strike+1"],"picked":"Carnage","floor":19.0},{"not_picked":["True Grit+1","Pommel Strike+1","Disarm"],"picked":"SKIP","floor":22},{"not_picked":["True Grit+1","Pommel Strike+1","Disarm"],"picked":"SKIP","floor":22},{"not_picked":["Bloodletting","Twin Strike"],"picked":"Sentinel+1","floor":23},{"not_picked":["Spot Weakness","Combust+1"],"picked":"Blood for Blood","floor":25},{"not_picked":["Combust","Thunderclap"],"picked":"Shockwave","floor":28},{"not_picked":["Bloodletting+1","Rupture","Anger+1"],"picked":"SKIP","floor":29},{"not_picked":["Evolve","Seeing Red"],"picked":"Feed","floor":31},{"not_picked":["Brutality","Feed"],"picked":"Impervious","floor":33},{"not_picked":["True Grit+1","Twin Strike"],"picked":"Shrug It Off+1","floor":35},{"not_picked":["Flex","Perfected Strike+1","Anger"],"picked":"SKIP","floor":37},{"not_picked":["Flex","Sentinel"],"picked":"True Grit+1","floor":38},{"not_picked":["Sentinel","Twin Strike+1"],"picked":"Sword Boomerang+1","floor":40},{"not_picked":["Rampage+1","Shockwave"],"picked":"Dual Wield","floor":42},{"not_picked":["Feel No Pain","Burning Pact","Hemokinesis+1"],"picked":"SKIP","floor":44},{"not_picked":["Berserk","Pummel+1"],"picked":"Entrench","floor":45},{"not_picked":["Pommel Strike+1","Armaments+1"],"picked":"Ghostly Armor","floor":46},{"not_picked":["Searing Blow","Pommel Strike"],"picked":"Carnage","floor":47},{"not_picked":["Anger","Pommel Strike+1"],"picked":"Entrench","floor":48},{"not_picked":["Battle Trance+1","Sword Boomerang","Flex"],"picked":"SKIP","floor":54}],"player_experience":157209,"relics_obtained":[{"floor":6.0,"key":"Calipers"},{"floor":9.0,"key":"Sundial"},{"floor":13.0,"key":"Potion Belt"},{"floor":23,"key":"Ice Cream"},{"floor":26,"key":"Ginger"},{"floor":40,"key":"Lantern"},{"floor":47,"key":"Mummified Hand"},{"floor":54,"key":"Vajra"}],"event_choices":[{"damage_healed":0.0,"max_hp_gain":0.0,"max_hp_loss":0.0,"gold_gain":0.0,"event_name":"Shining Light","player_choice":"Entered Light","floor":11.0,"gold_loss":0.0,"damage_taken":16.0,"cards_upgraded":["Bash","Defend_R"]},{"cards_removed":["Strike_R"],"damage_healed":0.0,"max_hp_gain":0.0,"max_hp_loss":0.0,"gold_gain":0.0,"event_name":"Living Wall","player_choice":"Forget","floor":12.0,"gold_loss":0.0,"damage_taken":0.0},{"damage_healed":0.0,"max_hp_gain":0.0,"max_hp_loss":0.0,"gold_gain":0.0,"event_name":"The Library","player_choice":"Read","floor":20.0,"gold_loss":0.0,"damage_taken":0.0,"cards_obtained":["Barricade"]},{"damage_healed":0,"gold_gain":100,"player_choice":"Bet on Murderer","damage_taken":0,"max_hp_gain":0,"max_hp_loss":0,"event_name":"The Joust","floor":21,"gold_loss":50},{"damage_healed":0,"gold_gain":0,"player_choice":"Got Potions","damage_taken":0,"max_hp_gain":0,"max_hp_loss":0,"event_name":"Lab","floor":24,"gold_loss":0}],"is_beta":false,"boss_relics":[{"not_picked":["Busted Crown","Orrery"],"picked":"Snecko Eye"},{"not_picked":["Cursed Key","Runic Cube"],"picked":"Fusion Hammer"}],"items_purged_floors":[3,36,39],"is_endless":false,"potions_floor_spawned":[2,6,13,16,18,28,29,31,38,40,44,46,47,54],"ascension_level":0}