{"gold_per_floor":[117,130,52,52,62,62,78,88,88,119,137,137,153,185,185,257,257,267,287,304,304,177,177,205,221,221,235,235,264,281,281,281,281],"floor_reached":33,"playtime":1750,"items_purged":["Strike_R"],"score":497,"play_id":"5dac5203-1c59-4a89-8038-a509f5cd542c","local_time":"20190511111844","is_ascension_mode":true,"campfire_choices":[{"data":"Whirlwind","floor":6,"key":"SMITH"},{"data":"Inflame","floor":12,"key":"SMITH"},{"data":"Pommel Strike","floor":15,"key":"SMITH"},{"floor":23,"key":"REST"},{"floor":32,"key":"RECALL"}],"neow_cost":"NONE","seed_source_timestamp":1109011099187903,"circlet_count":0,"master_deck":["AscendersBane","Strike_R","Strike_R","Strike_R","Strike_R","Defend_R","Defend_R","Defend_R","Defend_R","Bash+1","Metallicize","Whirlwind+1","Inflame+1","Rampage","Pommel Strike+1","Metallicize","Reaper","J.A.X.","Shrug It Off","Metallicize","Feed","Disarm","Battle Trance"],"relics":["Burning Blood","Nunchaku","Bottled Tornado","WingedGreaves","Fusion Hammer","Red Skull","Matryoshka","Pear"],"potions_floor_usage":[10,11,16,20,24,29,33],"damage_taken":[{"damage":1,"enemies":"Cultist","floor":1,"turns":3},{"damage":11,"enemies":"Small Slimes","floor":2,"turns":5},{"damage":6,"enemies":"2 Louse","floor":5,"turns":4},{"damage":11,"enemies":"Looter","floor":7,"turns":2},{"damage":6,"enemies":"Exordium Wildlife","floor":8,"turns":2},{"damage":12,"enemies":"Lagavulin","floor":10,"turns":6},{"damage":0,"enemies":"Large Slime","floor":11,"turns":3},{"damage":3,"enemies":"2 Fungi Beasts","floor":13,"turns":3},{"damage":26,"enemies":"Gremlin Nob","floor":14,"turns":4},{"damage":27,"enemies":"Slime Boss","floor":16,"turns":9},{"damage":32,"enemies":"Shell Parasite","floor":18,"turns":5},{"damage":7,"enemies":"3 Byrds","floor":19,"turns":3},{"damage":27,"enemies":"Snake Plant","floor":20,"turns":6},{"damage":60,"enemies":"Gremlin Leader","floor":24,"turns":8},{"damage":9,"enemies":"Cultist and Chosen","floor":25,"turns":3},{"damage":11,"enemies":"Snecko","floor":27,"turns":5},{"damage":57,"enemies":"Slavers","floor":29,"turns":7},{"damage":14,"enemies":"Chosen and Byrds","floor":30,"turns":7},{"damage":60,"enemies":"Automaton","floor":33,"turns":6}],"seed_played":"2124299688461764034","potions_obtained":[{"floor":1,"key":"Swift Potion"},{"floor":2,"key":"Fire Potion"},{"floor":4,"key":"Block Potion"},{"floor":11,"key":"SpeedPotion"},{"floor":14,"key":"Weak Potion"},{"floor":19,"key":"Explosive Potion"},{"floor":27,"key":"EssenceOfSteel"},{"floor":30,"key":"Swift Potion"}],"is_trial":false,"path_per_floor":["M","M","$","?","M","R","M","M","T","E","M","R","M","E","R","B",null,"M","M","M","?","$","R","E","M","T","M","?","E","M","?","R","B"],"character_chosen":"IRONCLAD","items_purchased":["Inflame","Shrug It Off"],"campfire_rested":1,"item_purchase_floors":[3,22],"current_hp_per_floor":[77,72,72,72,72,72,67,67,67,61,67,67,70,50,50,29,67,51,59,38,38,38,62,41,38,38,51,51,43,44,44,44,0],"gold":281,"neow_bonus":"UPGRADE_CARD","is_prod":false,"is_daily":false,"chose_seed":false,"campfire_upgraded":3,"win_rate":0,"timestamp":1557591524,"path_taken":["M","?","$","?","M","R","M","M","T","E","?","R","M","E","R","BOSS","M","?","M","?","$","R","E","M","T","M","?","E","M","?","R","BOSS"],"build_version":"2019-01-23","purchased_purges":1,"victory":false,"max_hp_per_floor":[80,80,80,80,80,80,80,80,80,80,80,80,80,80,80,80,80,80,80,80,80,80,80,80,80,80,80,80,93,93,93,93,93],"card_choices":[{"not_picked":["Corruption","Pommel Strike"],"picked":"Metallicize","floor":1},{"not_picked":["Headbutt","Shockwave"],"picked":"Whirlwind","floor":2},{"not_picked":["Twin Strike","Sword Boomerang"],"picked":"Rampage","floor":5},{"not_picked":["Warcry","Havoc","Twin Strike"],"picked":"SKIP","floor":7},{"not_picked":["Rupture","Berserk"],"picked":"Pommel Strike","floor":8},{"not_picked":["Cleave","Twin Strike","Dual Wield"],"picked":"SKIP","floor":10},{"not_picked":["Entrench","Armaments","Combust"],"picked":"SKIP","floor":11},{"not_picked":["Armaments","Heavy Blade"],"picked":"Metallicize","floor":13},{"not_picked":["Cleave","Warcry","Dropkick"],"picked":"SKIP","floor":14},{"not_picked":["Brutality","Dark Embrace"],"picked":"Reaper","floor":16},{"not_picked":["Sword Boomerang","True Grit","Corruption+1"],"picked":"SKIP","floor":18},{"not_picked":["Heavy Blade","Seeing Red","Iron Wave"],"picked":"SKIP","floor":19},{"not_picked":["Fire Breathing","Sentinel","True Grit"],"picked":"SKIP","floor":20},{"not_picked":["Wild Strike","Bloodletting"],"picked":"Metallicize","floor":24},{"not_picked":["Flex","Armaments","Clash"],"picked":"SKIP","floor":25},{"not_picked":["Fire Breathing","Armaments"],"picked":"Feed","floor":27},{"not_picked":["Anger","Flex"],"picked":"Disarm","floor":29},{"not_picked":["Dual Wield","Thunderclap+1","Fire Breathing"],"picked":"SKIP","floor":30}],"player_experience":532259,"relics_obtained":[{"floor":9,"key":"Nunchaku"},{"floor":10,"key":"Bottled Tornado"},{"floor":14,"key":"WingedGreaves"},{"floor":24,"key":"Red Skull"},{"floor":26,"key":"Matryoshka"},{"floor":29,"key":"Pear"}],"event_choices":[{"damage_healed":0,"gold_gain":0,"player_choice":"Got Potions","damage_taken":0,"max_hp_gain":0,"max_hp_loss":0,"event_name":"Lab","floor":4,"gold_loss":0},{"damage_healed":0,"gold_gain":0,"player_choice":"Obtain J.A.X.","damage_taken":0,"max_hp_gain":0,"max_hp_loss":0,"event_name":"Drug Dealer","floor":21,"gold_loss":0,"cards_obtained":["J.A.X."]},{"damage_healed":0,"gold_gain":0,"player_choice":"Ignored","damage_taken":0,"max_hp_gain":0,"max_hp_loss":0,"event_name":"Cursed Tome","floor":28,"gold_loss":0},{"damage_healed":0,"gold_gain":0,"player_choice":"Read","damage_taken":0,"max_hp_gain":0,"max_hp_loss":0,"event_name":"The Library","floor":31,"gold_loss":0,"cards_obtained":["Battle Trance"]}],"is_beta":false,"boss_relics":[{"not_picked":["Empty Cage","Tiny House"],"picked":"Fusion Hammer"}],"items_purged_floors":[22],"is_endless":false,"potions_floor_spawned":[1,2,5,8,11,14,19,27,30],"killed_by":"Automaton","ascension_level":13}