{"gold_per_floor":[111,126,126,141,160,160,171,171,197,213,248,259,259,271,271,376,376,394,394,394,394,394,427,447,447],"floor_reached":25,"playtime":1924,"items_purged":[],"score":236,"play_id":"a28b8929-1098-4891-9346-8fc945114de6","local_time":"20181203212905","is_ascension_mode":true,"campfire_choices":[{"data":"Deflect","floor":6,"key":"SMITH"},{"data":"Deflect","floor":8,"key":"SMITH"},{"data":"Terror","floor":13,"key":"SMITH"},{"floor":15,"key":"REST"}],"neow_cost":"NONE","seed_source_timestamp":1727483740482547,"circlet_count":0,"master_deck":["Survivor","Neutralize","Slice","Prepared","Heel Hook","Deadly Poison","Expertise","Backflip","Poisoned Stab","Backflip","Poisoned Stab","Terror+1","Bane","PiercingWail","Deflect+1","Deflect+1","Prepared","Bane","All Out Attack","Cloak And Dagger","Catalyst","Adrenaline","Dodge and Roll","PiercingWail","Catalyst","Deflect+1"],"relics":["Pandora\u0027s Box","FaceOfCleric","Dream Catcher","Smiling Mask","Lizard Tail","Nilry\u0027s Codex","Anchor","Oddly Smooth Stone"],"potions_floor_usage":[12,23,25,25],"damage_taken":[{"damage":0,"enemies":"Small Slimes","floor":1,"turns":3},{"damage":0,"enemies":"Cultist","floor":2,"turns":2},{"damage":8,"enemies":"Jaw Worm","floor":4,"turns":2},{"damage":0,"enemies":"3 Louse","floor":5,"turns":3},{"damage":4,"enemies":"Blue Slaver","floor":7,"turns":3},{"damage":3,"enemies":"Looter","floor":10,"turns":2},{"damage":10,"enemies":"3 Sentries","floor":11,"turns":7},{"damage":14,"enemies":"Lots of Slimes","floor":12,"turns":4},{"damage":12,"enemies":"3 Louse","floor":14,"turns":2},{"damage":2,"enemies":"Hexaghost","floor":16,"turns":8},{"damage":0,"enemies":"Chosen","floor":18,"turns":3},{"damage":10,"enemies":"Slavers","floor":23,"turns":8},{"damage":9,"enemies":"Shell Parasite","floor":24,"turns":6},{"damage":95,"enemies":"Gremlin Leader","floor":25,"turns":11}],"seed_played":"-3169328364282436688","potions_obtained":[{"floor":1,"key":"Dexterity Potion"},{"floor":5,"key":"SteroidPotion"},{"floor":7,"key":"PowerPotion"},{"floor":10,"key":"Dexterity Potion"},{"floor":14,"key":"Fire Potion"},{"floor":18,"key":"Block Potion"}],"is_trial":false,"path_per_floor":["M","M","?","M","M","R","M","R","T","M","E","M","R","M","R","B",null,"M","?","?","T","?","E","M","E"],"character_chosen":"THE_SILENT","items_purchased":[],"campfire_rested":1,"item_purchase_floors":[],"current_hp_per_floor":[70,70,70,63,64,64,61,61,61,59,50,37,37,26,49,48,78,79,63,63,63,63,54,46,0],"gold":447,"neow_bonus":"BOSS_RELIC","is_prod":false,"is_daily":false,"chose_seed":false,"campfire_upgraded":3,"win_rate":0,"timestamp":1543894145,"path_taken":["M","M","?","M","M","R","?","R","T","M","E","M","R","M","R","BOSS","M","?","?","?","?","E","M","E"],"build_version":"2018-11-15","purchased_purges":0,"victory":false,"max_hp_per_floor":[70,70,70,71,72,72,73,73,73,74,75,76,76,77,77,78,78,79,79,79,79,79,80,81,81],"card_choices":[{"not_picked":["Escape Plan","PiercingWail"],"picked":"Bane","floor":1},{"not_picked":["Infinite Blades","Slice"],"picked":"PiercingWail","floor":2},{"not_picked":["Outmaneuver","PiercingWail"],"picked":"Deflect","floor":4},{"not_picked":["Blade Dance","Deadly Poison"],"picked":"Deflect","floor":5},{"not_picked":["A Thousand Cuts","Outmaneuver"],"picked":"Prepared","floor":7},{"not_picked":["Infinite Blades","Prepared"],"picked":"Bane","floor":10},{"not_picked":["Endless Agony","PiercingWail"],"picked":"All Out Attack","floor":11},{"not_picked":["Bane","Sucker Punch"],"picked":"Cloak And Dagger","floor":12},{"not_picked":["Blade Dance","Footwork"],"picked":"Catalyst","floor":14},{"not_picked":["Wraith Form v2","Corpse Explosion"],"picked":"Adrenaline","floor":16},{"not_picked":["Quick Slash","Acrobatics"],"picked":"Dodge and Roll","floor":18},{"not_picked":["Blade Dance","Leg Sweep+1"],"picked":"Deflect+1","floor":23},{"not_picked":["Eviscerate","All Out Attack","Dagger Spray"],"picked":"SKIP","floor":24}],"player_experience":195501,"relics_obtained":[{"floor":9,"key":"Dream Catcher"},{"floor":11,"key":"Smiling Mask"},{"floor":19,"key":"Nilry\u0027s Codex"},{"floor":21,"key":"Anchor"},{"floor":23,"key":"Oddly Smooth Stone"}],"event_choices":[{"damage_healed":0,"gold_gain":0,"player_choice":"Trade","damage_taken":0,"relics_obtained":["FaceOfCleric"],"max_hp_gain":0,"max_hp_loss":0,"event_name":"FaceTrader","floor":3,"gold_loss":0},{"damage_healed":0,"gold_gain":0,"player_choice":"Obtained Book","damage_taken":16,"max_hp_gain":0,"max_hp_loss":0,"event_name":"Cursed Tome","floor":19,"gold_loss":0},{"damage_healed":0,"gold_gain":0,"player_choice":"Read","damage_taken":0,"max_hp_gain":0,"max_hp_loss":0,"event_name":"The Library","floor":20,"gold_loss":0,"cards_obtained":["PiercingWail"]},{"damage_healed":0,"gold_gain":0,"player_choice":"Copied","damage_taken":0,"max_hp_gain":0,"max_hp_loss":0,"event_name":"Duplicator","floor":22,"gold_loss":0,"cards_obtained":["Catalyst"]}],"is_beta":false,"boss_relics":[{"not_picked":["Eternal Feather","Fusion Hammer"],"picked":"Lizard Tail"}],"items_purged_floors":[],"is_endless":false,"potions_floor_spawned":[1,5,7,10,14,18],"killed_by":"Gremlin Leader","ascension_level":1}