{"gold_per_floor":[113,113,131,81,95,127,127,127,181,181,205,205,230,250,250,370,370,393,408,432,451,451,451,180,211,238,257,257,275,275,309,309,309],"floor_reached":33,"playtime":2100,"items_purged":["Defend_R"],"score":357,"play_id":"c4ac5145-dfd1-45ed-abf2-3d5bda0fb3bc","local_time":"20181224142316","is_ascension_mode":true,"campfire_choices":[{"data":"Armaments","floor":7,"key":"SMITH"},{"data":"Cleave","floor":10,"key":"SMITH"},{"data":"Flame Barrier","floor":12,"key":"SMITH"},{"data":"Shrug It Off","floor":15,"key":"SMITH"},{"data":"Clothesline","floor":23,"key":"SMITH"},{"data":"Pommel Strike","floor":28,"key":"SMITH"},{"floor":32,"key":"REST"}],"neow_cost":"NONE","seed_source_timestamp":373143948698781,"circlet_count":0,"master_deck":["Defend_R","Defend_R","Defend_R","Bash+1","Clothesline+1","Anger","Cleave+1","Armaments+1","Flame Barrier+1","Twin Strike","Shrug It Off+1","Limit Break","True Grit","True Grit+1","Bite","Bite","Bite","Bite","Bite","Pommel Strike+1","Spot Weakness"],"relics":["Burning Blood","NeowsBlessing","Golden Idol","Anchor","Velvet Choker","Medical Kit","Dream Catcher","Omamori","Bag of Preparation"],"potions_floor_usage":[20,31,31,31],"damage_taken":[{"damage":0,"enemies":"Small Slimes","floor":1,"turns":1},{"damage":0,"enemies":"Cultist","floor":3,"turns":1},{"damage":0,"enemies":"Jaw Worm","floor":5,"turns":1},{"damage":35,"enemies":"3 Sentries","floor":6,"turns":8},{"damage":3,"enemies":"Looter","floor":11,"turns":3},{"damage":1,"enemies":"Exordium Thugs","floor":13,"turns":4},{"damage":0,"enemies":"2 Fungi Beasts","floor":14,"turns":2},{"damage":36,"enemies":"Hexaghost","floor":16,"turns":11},{"damage":5,"enemies":"Chosen","floor":18,"turns":5},{"damage":9,"enemies":"3 Byrds","floor":19,"turns":5},{"damage":0,"enemies":"Snake Plant","floor":20,"turns":3},{"damage":11,"enemies":"Snecko","floor":21,"turns":6},{"damage":7,"enemies":"Book of Stabbing","floor":25,"turns":6},{"damage":8,"enemies":"Centurion and Healer","floor":27,"turns":5},{"damage":11,"enemies":"Snake Plant","floor":29,"turns":5},{"damage":67,"enemies":"Gremlin Leader","floor":31,"turns":11},{"damage":78,"enemies":"Collector","floor":33,"turns":7}],"seed_played":"-200184276657969523","potions_obtained":[{"floor":1,"key":"Ancient Potion"},{"floor":2,"key":"PowerPotion"},{"floor":2,"key":"SneckoOil"},{"floor":3,"key":"Regen Potion"},{"floor":13,"key":"SteroidPotion"},{"floor":21,"key":"Strength Potion"},{"floor":27,"key":"Energy Potion"}],"is_trial":false,"path_per_floor":["M","?","M","?","M","E","R","?","T","R","M","R","M","M","R","B",null,"M","M","M","M","?","R","$","E","T","M","R","M","?","E","R","B"],"character_chosen":"IRONCLAD","items_purchased":["Medical Kit"],"campfire_rested":1,"item_purchase_floors":[24],"current_hp_per_floor":[80,80,80,80,80,51,51,51,51,51,56,56,63,71,71,43,74,74,71,74,69,69,69,69,74,74,74,74,74,74,34,56,0],"gold":309,"neow_bonus":"THREE_ENEMY_KILL","is_prod":false,"is_daily":false,"chose_seed":false,"campfire_upgraded":6,"win_rate":0,"timestamp":1545682996,"path_taken":["M","?","?","?","M","E","R","?","T","R","?","R","M","M","R","BOSS","M","M","M","M","?","R","$","E","T","M","R","M","?","E","R","BOSS"],"build_version":"2018-12-20","purchased_purges":1,"victory":false,"max_hp_per_floor":[80,80,80,80,80,80,80,74,74,74,74,74,74,74,74,74,74,74,74,74,74,74,74,74,74,74,74,74,74,74,74,74,74],"card_choices":[{"not_picked":["Fire Breathing","Flex"],"picked":"Clothesline","floor":1},{"not_picked":["Thunderclap","Pummel"],"picked":"Anger","floor":3},{"not_picked":["Second Wind","Rage"],"picked":"Cleave","floor":5},{"not_picked":["Fire Breathing","Hemokinesis"],"picked":"Armaments","floor":6},{"not_picked":["Cleave","Wild Strike"],"picked":"Flame Barrier","floor":11},{"not_picked":["Evolve","Sever Soul"],"picked":"Twin Strike","floor":13},{"not_picked":["Pommel Strike","Feel No Pain"],"picked":"Shrug It Off","floor":14},{"not_picked":["Reaper","Feed"],"picked":"Limit Break","floor":16},{"not_picked":["Cleave","Ghostly Armor"],"picked":"True Grit","floor":18},{"not_picked":["Warcry","Twin Strike"],"picked":"True Grit+1","floor":19},{"not_picked":["Berserk","Cleave+1","Sword Boomerang+1"],"picked":"SKIP","floor":20},{"not_picked":["Clothesline+1","Wild Strike+1","Havoc+1"],"picked":"SKIP","floor":21},{"not_picked":["Impervious","True Grit"],"picked":"Pommel Strike","floor":25},{"not_picked":["Clash","Sword Boomerang","Rage"],"picked":"SKIP","floor":27},{"not_picked":["Power Through","Pommel Strike+1","Sever Soul"],"picked":"SKIP","floor":29},{"not_picked":["Power Through","Pommel Strike+1","Sever Soul"],"picked":"SKIP","floor":29},{"not_picked":["Pummel","Shrug It Off"],"picked":"Spot Weakness","floor":31}],"player_experience":297917,"relics_obtained":[{"floor":6,"key":"Blood Vial"},{"floor":9,"key":"Anchor"},{"floor":25,"key":"Dream Catcher"},{"floor":26,"key":"Omamori"},{"floor":31,"key":"Bag of Preparation"}],"event_choices":[{"damage_healed":0,"gold_gain":0,"player_choice":"Got Potions","damage_taken":0,"max_hp_gain":0,"max_hp_loss":0,"event_name":"Lab","floor":2,"gold_loss":0},{"cards_removed":["Strike_R"],"damage_healed":0,"gold_gain":0,"player_choice":"Card Removal","damage_taken":0,"max_hp_gain":0,"max_hp_loss":0,"event_name":"The Cleric","floor":4,"gold_loss":50},{"damage_healed":0,"gold_gain":0,"player_choice":"Lose Max HP","damage_taken":0,"relics_obtained":["Golden Idol"],"max_hp_gain":0,"max_hp_loss":6,"event_name":"Golden Idol","floor":8,"gold_loss":0},{"damage_healed":0,"gold_gain":0,"player_choice":"Became a vampire (Vial)","damage_taken":0,"max_hp_gain":0,"max_hp_loss":0,"event_name":"Vampires","floor":22,"relics_lost":["Blood Vial"],"gold_loss":0,"cards_obtained":["Bite","Bite","Bite","Bite","Bite"]},{"damage_healed":0,"gold_gain":0,"player_choice":"Upgraded","damage_taken":0,"max_hp_gain":0,"max_hp_loss":0,"event_name":"Upgrade Shrine","floor":30,"gold_loss":0,"cards_upgraded":["Bash"]}],"is_beta":false,"boss_relics":[{"not_picked":["Fusion Hammer","Runic Cube"],"picked":"Velvet Choker"}],"items_purged_floors":[24],"is_endless":false,"potions_floor_spawned":[1,3,13,16,21,27],"killed_by":"Collector","ascension_level":3}