{"gold_per_floor":[116,135,149,324,100,129,204,204,204,204,12,40,40,60,60,157,157,173,187,287,38,38,38,49,49,72,72,72,98,116,129,129,224,224,238,251,271,146,146,146,181,181,181,191,191,209,0,31,31,31],"floor_reached":51,"playtime":3872,"items_purged":["Doubt","Strike_R","Bash"],"score":1122,"play_id":"74828a18-61aa-4105-9ef2-3a93714d7db5","local_time":"20190209201515","is_ascension_mode":true,"campfire_choices":[{"data":"Spot Weakness","floor":8,"key":"SMITH"},{"data":"Flame Barrier","floor":15,"key":"SMITH"},{"data":"Limit Break","floor":23,"key":"SMITH"},{"floor":25,"key":"REST"},{"data":"Heavy Blade","floor":28,"key":"SMITH"},{"floor":32,"key":"REST"},{"floor":40,"key":"DIG"},{"floor":42,"key":"DIG"},{"floor":45,"key":"REST"},{"floor":49,"key":"REST"}],"neow_cost":"NONE","seed_source_timestamp":35607862018791,"circlet_count":0,"master_deck":["AscendersBane","Strike_R+1","Strike_R+1","Defend_R+1","Defend_R+1","Defend_R+1","Flame Barrier+1","Whirlwind","Spot Weakness+1","Demon Form","Ghostly Armor","Master of Strategy","Heavy Blade+1","Limit Break+1","Thunderclap+1","Brutality+1","Heavy Blade+1","Pummel+1","Flame Barrier","Disarm","Anger","Reaper","Impervious","Burning Pact+1"],"relics":["Burning Blood","Mango","Pocketwatch","Orichalcum","Anchor","Astrolabe","Shovel","Paper Frog","Vajra","MutagenicStrength","Matryoshka","Fusion Hammer","Kunai","Champion Belt","Pantograph","Mummified Hand","Ginger","Red Mask","Meat on the Bone"],"potions_floor_usage":[20,24,33,35,44,44,50],"damage_taken":[{"damage":2,"enemies":"2 Louse","floor":1,"turns":4},{"damage":2,"enemies":"Jaw Worm","floor":2,"turns":5},{"damage":8,"enemies":"Small Slimes","floor":3,"turns":4},{"damage":24,"enemies":"Gremlin Nob","floor":6,"turns":4},{"damage":3,"enemies":"3 Sentries","floor":12,"turns":5},{"damage":11,"enemies":"Red Slaver","floor":14,"turns":4},{"damage":12,"enemies":"The Guardian","floor":16,"turns":12},{"damage":3,"enemies":"3 Byrds","floor":18,"turns":4},{"damage":18,"enemies":"Shell Parasite","floor":19,"turns":4},{"damage":18,"enemies":"Colosseum Slavers","floor":20,"turns":5},{"damage":36,"enemies":"Colosseum Nobs","floor":20,"turns":4},{"damage":20,"enemies":"Centurion and Healer","floor":24,"turns":6},{"damage":26,"enemies":"Gremlin Leader","floor":29,"turns":3},{"damage":41,"enemies":"3 Cultists","floor":30,"turns":6},{"damage":0,"enemies":"Chosen and Byrds","floor":31,"turns":4},{"damage":32,"enemies":"Collector","floor":33,"turns":6},{"damage":21,"enemies":"3 Darklings","floor":35,"turns":4},{"damage":5,"enemies":"Orb Walker","floor":36,"turns":3},{"damage":38,"enemies":"Sphere and 2 Shapes","floor":37,"turns":6},{"damage":59,"enemies":"Reptomancer","floor":41,"turns":5},{"damage":4,"enemies":"Transient","floor":44,"turns":5},{"damage":38,"enemies":"Writhing Mass","floor":46,"turns":5},{"damage":37,"enemies":"Giant Head","floor":48,"turns":6},{"damage":105,"enemies":"Donu and Deca","floor":50,"turns":7}],"seed_played":"-6725084244103802353","potions_obtained":[{"floor":1,"key":"Weak Potion"},{"floor":2,"key":"LiquidBronze"},{"floor":24,"key":"Swift Potion"},{"floor":30,"key":"Dexterity Potion"},{"floor":33,"key":"Ancient Potion"},{"floor":35,"key":"Poison Potion"},{"floor":48,"key":"Energy Potion"}],"is_trial":false,"path_per_floor":["M","M","M","?","$","E","?","R","T","T","$","E","$","M","R","B",null,"M","M","?","$","?","R","M","R","T","?","R","E","M","M","R","B",null,"M","M","M","$","?","R","E","R","T","M","R","M","?","E","R","B",null],"character_chosen":"IRONCLAD","items_purchased":["Demon Form","Master of Strategy","Flame Barrier","Regen Potion"],"campfire_rested":4,"item_purchase_floors":[5,11,21,21],"current_hp_per_floor":[84,88,86,86,86,82,71,71,71,71,71,74,74,69,69,63,92,95,83,41,41,41,41,41,71,71,71,71,51,16,22,52,26,83,80,81,90,90,90,90,37,37,37,39,69,61,61,30,60,30],"gold":31,"neow_bonus":"TEN_PERCENT_HP_BONUS","is_prod":false,"is_daily":false,"chose_seed":false,"campfire_upgraded":4,"win_rate":0,"timestamp":1549764915,"path_taken":["M","M","M","?","$","E","?","R","T","?","$","E","$","M","R","BOSS","M","M","?","$","?","R","M","R","T","?","R","E","M","M","R","BOSS","M","M","M","$","?","R","E","R","T","?","R","M","?","E","R","BOSS"],"build_version":"2019-01-23","purchased_purges":3,"victory":true,"max_hp_per_floor":[88,88,88,88,88,102,102,102,102,102,102,102,102,102,102,102,102,102,102,102,102,102,102,102,102,102,102,102,102,102,102,102,102,102,102,102,102,102,102,102,102,102,102,102,102,102,102,102,102,102],"card_choices":[{"not_picked":["Shockwave","Twin Strike"],"picked":"Flame Barrier","floor":1},{"not_picked":["Pommel Strike","Wild Strike"],"picked":"Whirlwind","floor":2},{"not_picked":["Clothesline","Anger"],"picked":"Spot Weakness","floor":3},{"not_picked":["Clothesline","Perfected Strike"],"picked":"Ghostly Armor","floor":6},{"not_picked":["True Grit","Clothesline"],"picked":"Heavy Blade","floor":12},{"not_picked":["Dropkick","Clash","Body Slam"],"picked":"SKIP","floor":14},{"not_picked":["Juggernaut","Demon Form"],"picked":"Limit Break","floor":16},{"not_picked":["Warcry","Perfected Strike","Clothesline"],"picked":"SKIP","floor":18},{"not_picked":["Fire Breathing+1","True Grit+1"],"picked":"Pummel+1","floor":19},{"not_picked":["Second Wind","Pommel Strike+1","Reckless Charge"],"picked":"SKIP","floor":24},{"not_picked":["True Grit","Burning Pact"],"picked":"Disarm","floor":29},{"not_picked":["Evolve+1","Clash"],"picked":"Anger","floor":30},{"not_picked":["Havoc","Infernal Blade","Cleave"],"picked":"SKIP","floor":31},{"not_picked":["Dark Embrace","Barricade"],"picked":"Reaper","floor":33},{"not_picked":["True Grit","Uppercut+1","Body Slam"],"picked":"SKIP","floor":35},{"not_picked":["Thunderclap+1","Carnage","Blood for Blood+1"],"picked":"SKIP","floor":36},{"not_picked":["Anger+1","Spot Weakness"],"picked":"Impervious","floor":37},{"not_picked":["Havoc+1","Wild Strike+1","True Grit"],"picked":"SKIP","floor":41},{"not_picked":["Cleave+1","Wild Strike","Sword Boomerang"],"picked":"SKIP","floor":44},{"not_picked":["Fire Breathing","Whirlwind+1","Reckless Charge"],"picked":"SKIP","floor":46},{"not_picked":["Havoc+1","Spot Weakness"],"picked":"Burning Pact+1","floor":48}],"player_experience":506933,"relics_obtained":[{"floor":6,"key":"Mango"},{"floor":9,"key":"Pocketwatch"},{"floor":10,"key":"Orichalcum"},{"floor":12,"key":"Anchor"},{"floor":20,"key":"Shovel"},{"floor":20,"key":"Paper Frog"},{"floor":26,"key":"Vajra"},{"floor":29,"key":"Matryoshka"},{"floor":40,"key":"Kunai"},{"floor":41,"key":"Champion Belt"},{"floor":42,"key":"Pantograph"},{"floor":43,"key":"Mummified Hand"},{"floor":43,"key":"Ginger"},{"floor":48,"key":"Meat on the Bone"}],"event_choices":[{"damage_healed":0,"gold_gain":175,"player_choice":"AGREE","damage_taken":0,"max_hp_gain":0,"max_hp_loss":0,"event_name":"Liars Game","floor":4,"gold_loss":0,"cards_obtained":["Doubt"]},{"damage_healed":0,"gold_gain":75,"player_choice":"Gather Gold","damage_taken":11,"max_hp_gain":0,"max_hp_loss":0,"event_name":"World of Goop","floor":7,"gold_loss":0},{"damage_healed":0,"gold_gain":0,"player_choice":"Fight","damage_taken":0,"max_hp_gain":0,"max_hp_loss":0,"event_name":"Colosseum","floor":20,"gold_loss":0},{"damage_healed":0,"gold_gain":0,"player_choice":"Fought Nobs","damage_taken":0,"max_hp_gain":0,"max_hp_loss":0,"event_name":"Colosseum","floor":20,"gold_loss":0},{"damage_healed":0,"gold_gain":0,"player_choice":"Simplicity","damage_taken":0,"max_hp_gain":0,"max_hp_loss":0,"event_name":"Back to Basics","floor":22,"gold_loss":0,"cards_upgraded":["Strike_R","Strike_R","Defend_R","Defend_R","Defend_R"]},{"damage_healed":0,"gold_gain":0,"player_choice":"Inject Mutagens","damage_taken":0,"relics_obtained":["MutagenicStrength"],"max_hp_gain":0,"max_hp_loss":0,"event_name":"Drug Dealer","floor":27,"gold_loss":0},{"damage_healed":0,"gold_gain":0,"player_choice":"Bought 0 Potions","damage_taken":0,"max_hp_gain":0,"max_hp_loss":0,"event_name":"The Woman in Blue","floor":39,"gold_loss":0},{"damage_healed":0,"gold_gain":0,"player_choice":"Paid","damage_taken":0,"relics_obtained":["Red Mask"],"max_hp_gain":0,"max_hp_loss":0,"event_name":"Tomb of Lord Red Mask","floor":47,"gold_loss":209}],"is_beta":false,"boss_relics":[{"not_picked":["Mark of Pain","Black Blood"],"picked":"Astrolabe"},{"not_picked":["Runic Dome","White Beast Statue"],"picked":"Fusion Hammer"}],"items_purged_floors":[5,21,38],"is_endless":false,"potions_floor_spawned":[1,2,14,18,24,30,33,35,36,41,48],"ascension_level":11}