{"gold_per_floor":[119,135,135,153,165,190,190,190,190,224,224,244,169,179,179,281,281,298,298,388,405,419,419,445,46,46,46,57,57,73,88,88,183,183,194,207,207,52,66,66,66,66,66,86,86],"floor_reached":45,"playtime":2774,"items_purged":["Strike_G","Strike_G"],"score":953,"play_id":"9b97eb83-89dd-4ffd-ad29-bae9b74cbd4e","local_time":"20190201214035","is_ascension_mode":true,"campfire_choices":[{"floor":8,"key":"REST"},{"data":"Skewer","floor":15,"key":"SMITH"},{"floor":23,"key":"REST"},{"floor":27,"key":"REST"},{"data":"A Thousand Cuts","floor":29,"key":"SMITH"},{"floor":32,"key":"REST"},{"floor":40,"key":"REST"},{"data":"Night Terror","floor":42,"key":"SMITH"}],"neow_cost":"NONE","seed_source_timestamp":5027392416307,"circlet_count":0,"master_deck":["AscendersBane","Survivor","Neutralize","Quick Slash+1","Skewer+1","Leg Sweep","Crippling Poison","Dash","Malaise","Backflip","Backstab","A Thousand Cuts+1","Noxious Fumes","PiercingWail","Dash","Backflip","Noxious Fumes","PiercingWail","Corpse Explosion","Footwork","Backstab","PiercingWail","Catalyst","Wraith Form v2","Slice","Night Terror+1","Unload","PiercingWail","Escape Plan","Footwork","Blur","Footwork","Deadly Poison","Dodge and Roll+1"],"special_seed":0,"relics":["Cursed Key","Question Card","Bronze Scales","Orrery","Enchiridion","Tough Bandages","Happy Flower","Pandora\u0027s Box","Snake Skull"],"potions_floor_usage":[6,33,33,37],"damage_taken":[{"damage":4,"enemies":"Jaw Worm","floor":1,"turns":4},{"damage":1,"enemies":"Small Slimes","floor":2,"turns":5},{"damage":0,"enemies":"2 Louse","floor":4,"turns":3},{"damage":3,"enemies":"Exordium Thugs","floor":5,"turns":4},{"damage":17,"enemies":"Lagavulin","floor":6,"turns":8},{"damage":6,"enemies":"3 Sentries","floor":10,"turns":9},{"damage":0,"enemies":"Blue Slaver","floor":12,"turns":2},{"damage":0,"enemies":"Exordium Wildlife","floor":14,"turns":3},{"damage":6,"enemies":"The Guardian","floor":16,"turns":12},{"damage":1,"enemies":"3 Byrds","floor":18,"turns":4},{"damage":1,"enemies":"Spheric Guardian","floor":21,"turns":5},{"damage":10,"enemies":"Chosen and Byrds","floor":22,"turns":5},{"damage":8,"enemies":"Book of Stabbing","floor":24,"turns":7},{"damage":6,"enemies":"Shelled Parasite and Fungi","floor":28,"turns":5},{"damage":16,"enemies":"Centurion and Healer","floor":30,"turns":4},{"damage":1,"enemies":"Sentry and Sphere","floor":31,"turns":5},{"damage":13,"enemies":"Automaton","floor":33,"turns":12},{"damage":3,"enemies":"Orb Walker","floor":35,"turns":4},{"damage":12,"enemies":"3 Darklings","floor":36,"turns":2},{"damage":0,"enemies":"Spire Growth","floor":37,"turns":2},{"damage":18,"enemies":"Maw","floor":39,"turns":8},{"damage":14,"enemies":"Transient","floor":44,"turns":5},{"damage":67,"enemies":"Giant Head","floor":45,"turns":9}],"seed_played":"-7671475183524832472","potions_obtained":[{"floor":1,"key":"FearPotion"},{"floor":6,"key":"GhostInAJar"},{"floor":12,"key":"PowerPotion"},{"floor":35,"key":"SmokeBomb"},{"floor":39,"key":"Ancient Potion"}],"is_trial":false,"path_per_floor":["M","M","?","M","M","E","?","R","T","E","?","M","$","M","R","B",null,"M","?","?","M","M","R","E","$","T","R","M","R","M","M","R","B",null,"M","M","M","$","M","R","?","R","T","M","E"],"character_chosen":"THE_SILENT","items_purchased":["Footwork","Happy Flower","Backstab","Snake Skull"],"campfire_rested":5,"item_purchase_floors":[25,25,25,38],"current_hp_per_floor":[59,58,58,58,55,38,24,45,45,39,62,62,62,62,62,56,67,66,50,36,35,25,46,38,38,38,59,53,53,37,36,57,44,64,61,49,49,49,31,52,52,52,52,38,0],"gold":86,"neow_bonus":"BOSS_RELIC","is_prod":false,"is_daily":false,"chose_seed":false,"campfire_upgraded":3,"win_rate":0,"timestamp":1549078835,"path_taken":["M","M","?","M","M","E","?","R","T","E","?","?","$","M","R","BOSS","M","?","?","M","M","R","E","$","T","R","M","R","M","M","R","BOSS","M","M","?","$","M","R","?","R","T","M","E"],"build_version":"2019-01-23","purchased_purges":2,"victory":false,"max_hp_per_floor":[70,70,70,70,70,70,70,70,70,70,70,70,70,70,70,70,70,70,70,70,70,70,70,70,70,70,70,70,70,70,70,70,70,70,70,70,70,70,70,70,70,70,70,70,70],"card_choices":[{"not_picked":["Caltrops","Flying Knee"],"picked":"Quick Slash","floor":1},{"not_picked":["Dagger Throw","Expertise"],"picked":"Skewer","floor":2},{"not_picked":["Dagger Throw","Flechettes"],"picked":"Leg Sweep","floor":4},{"not_picked":["Slice","Escape Plan"],"picked":"Crippling Poison","floor":5},{"not_picked":["Backstab","Sucker Punch"],"picked":"Dash","floor":6},{"not_picked":["Bane","Reflex","Poisoned Stab"],"picked":"Malaise","floor":10},{"not_picked":["Backstab","Slice","Skewer"],"picked":"Backflip","floor":12},{"not_picked":["Dodge and Roll","Quick Slash","Cloak And Dagger"],"picked":"Backstab","floor":14},{"not_picked":["Phantasmal Killer","Tools of the Trade","Grand Finale"],"picked":"A Thousand Cuts","floor":16},{"not_picked":["Infinite Blades","Deflect","Deadly Poison"],"picked":"Noxious Fumes","floor":17},{"not_picked":["Poisoned Stab","Backflip","Underhanded Strike"],"picked":"PiercingWail","floor":17},{"not_picked":["Eviscerate","Backflip","Sucker Punch"],"picked":"Dash","floor":17},{"not_picked":["Prepared","Reflex","Phantasmal Killer"],"picked":"Backflip","floor":17},{"not_picked":["Underhanded Strike","Reflex","Dagger Spray"],"picked":"Noxious Fumes","floor":18},{"not_picked":["Flying Knee","Riddle With Holes","Bane+1","Tactician+1"],"picked":"SKIP","floor":21},{"not_picked":["Reflex","Endless Agony","Dagger Throw"],"picked":"PiercingWail","floor":22},{"not_picked":["Sucker Punch","Finisher+1","PiercingWail"],"picked":"Corpse Explosion","floor":24},{"not_picked":["Dagger Throw","Acrobatics","Reflex"],"picked":"PiercingWail","floor":28},{"not_picked":["Quick Slash","Eviscerate","Outmaneuver","Backflip"],"picked":"SKIP","floor":30},{"not_picked":["Deadly Poison","Malaise","Acrobatics"],"picked":"Catalyst","floor":31},{"not_picked":["Storm of Steel","Doppelganger","Malaise"],"picked":"Wraith Form v2","floor":33},{"not_picked":["Underhanded Strike","Predator","Dagger Throw+1"],"picked":"Deadly Poison","floor":35},{"not_picked":["Predator+1","Slice+1","Dagger Throw","Concentrate+1"],"picked":"SKIP","floor":36},{"not_picked":["Quick Slash+1","Outmaneuver+1","Prepared"],"picked":"Dodge and Roll+1","floor":39},{"not_picked":["Slice+1","Deflect","Predator","Prepared"],"picked":"SKIP","floor":44}],"player_experience":498281,"relics_obtained":[{"floor":6,"key":"Question Card"},{"floor":10,"key":"Bronze Scales"},{"floor":19,"key":"Enchiridion"},{"floor":24,"key":"Tough Bandages"}],"event_choices":[{"damage_healed":0,"gold_gain":0,"player_choice":"Ignored","damage_taken":0,"max_hp_gain":0,"max_hp_loss":0,"event_name":"Liars Game","floor":3,"gold_loss":0},{"damage_healed":0,"gold_gain":0,"player_choice":"Entered Light","damage_taken":14,"max_hp_gain":0,"max_hp_loss":0,"event_name":"Shining Light","floor":7,"gold_loss":0,"cards_upgraded":["Quick Slash","Strike_G"]},{"damage_healed":23,"gold_gain":0,"player_choice":"Banana","damage_taken":0,"max_hp_gain":0,"max_hp_loss":0,"event_name":"Big Fish","floor":11,"gold_loss":0},{"damage_healed":0,"gold_gain":0,"player_choice":"Obtained Book","damage_taken":16,"max_hp_gain":0,"max_hp_loss":0,"event_name":"Cursed Tome","floor":19,"gold_loss":0},{"damage_healed":0,"gold_gain":90,"player_choice":"GOLD ","damage_taken":14,"max_hp_gain":0,"max_hp_loss":0,"event_name":"Knowing Skull","floor":20,"potions_obtained":[],"gold_loss":0,"cards_obtained":[]},{"damage_healed":0,"gold_gain":0,"player_choice":"Ignored","damage_taken":0,"max_hp_gain":0,"max_hp_loss":0,"event_name":"Mysterious Sphere","floor":41,"gold_loss":0}],"is_beta":false,"boss_relics":[{"not_picked":["Astrolabe","Runic Dome"],"picked":"Orrery"},{"not_picked":["Fusion Hammer","Coffee Dripper"],"picked":"Pandora\u0027s Box"}],"items_purged_floors":[13,25],"is_endless":false,"potions_floor_spawned":[1,6,12,16,21,22,28,35,37,39],"killed_by":"Giant Head","ascension_level":11}