{"gold_per_floor":[115,190,115,40,53,53,69,69,69,69,103,117,146,146,146,224,224,236,255,305,305,305,305,333,248,248,248,37,72,15,26,26,101,101,119,137,150,1149,1163,1163,1163,1176,1176,446,446,446],"floor_reached":46,"playtime":1885,"items_purged":["Defend_B","Capacitor","Normality"],"score":953,"play_id":"cd46a76f-49d3-43f3-a89b-cde42d70d2c6","local_time":"20190223175707","is_ascension_mode":true,"campfire_choices":[{"data":"Genetic Algorithm","floor":6,"key":"SMITH"},{"data":"Zap","floor":8,"key":"SMITH"},{"floor":10,"key":"REST"},{"data":"Darkness","floor":15,"key":"SMITH"},{"floor":23,"key":"REST"},{"data":"Hyperbeam","floor":27,"key":"SMITH"},{"floor":32,"key":"REST"},{"floor":40,"key":"REST"},{"floor":45,"key":"REST"}],"neow_cost":"NONE","seed_source_timestamp":14173075029400,"circlet_count":0,"master_deck":["AscendersBane","Zap+1","Dualcast","Glacier","Genetic Algorithm+1","Darkness+1","Echo Form","Hyperbeam+1","Necronomicurse","Seek","Hologram+1","Seek","Ball Lightning+1","White Noise+1","Force Field+1","Cold Snap","Normality","Hyperbeam+1","White Noise+1","Self Repair","Apotheosis","PanicButton"],"relics":["Cracked Core","Torii","Bag of Preparation","Cables","Pandora\u0027s Box","Necronomicon","Shuriken","Question Card","Gambling Chip","Shovel","Astrolabe","Bottled Lightning","TheAbacus"],"potions_floor_usage":[16,18,19,29,29,33,33,46,46],"damage_taken":[{"damage":3,"enemies":"Small Slimes","floor":1,"turns":3},{"damage":4,"enemies":"2 Louse","floor":5,"turns":6},{"damage":11,"enemies":"Jaw Worm","floor":7,"turns":5},{"damage":3,"enemies":"Lagavulin","floor":11,"turns":9},{"damage":8,"enemies":"Large Slime","floor":12,"turns":5},{"damage":14,"enemies":"3 Sentries","floor":13,"turns":9},{"damage":7,"enemies":"Slime Boss","floor":16,"turns":9},{"damage":15,"enemies":"Shell Parasite","floor":18,"turns":5},{"damage":18,"enemies":"Chosen","floor":19,"turns":4},{"damage":1,"enemies":"Gremlin Leader","floor":24,"turns":7},{"damage":30,"enemies":"Book of Stabbing","floor":29,"turns":6},{"damage":0,"enemies":"Centurion and Healer","floor":31,"turns":5},{"damage":2,"enemies":"Champ","floor":33,"turns":18},{"damage":14,"enemies":"3 Shapes","floor":35,"turns":1},{"damage":0,"enemies":"Orb Walker","floor":36,"turns":3},{"damage":0,"enemies":"Jaw Worm Horde","floor":37,"turns":1},{"damage":0,"enemies":"3 Darklings","floor":39,"turns":1},{"damage":13,"enemies":"Maw","floor":42,"turns":8},{"damage":85,"enemies":"Transient","floor":46,"turns":5}],"seed_played":"2860635827210570018","potions_obtained":[{"floor":1,"key":"Weak Potion"},{"floor":7,"key":"PowerPotion"},{"floor":16,"key":"Regen Potion"},{"floor":29,"key":"Energy Potion"},{"floor":33,"key":"Explosive Potion"},{"floor":35,"key":"Swift Potion"},{"floor":39,"key":"PowerPotion"}],"is_trial":false,"path_per_floor":["M","?","?","$","M","R","M","R","T","R","E","M","E","?","R","B",null,"M","M","?","?","?","R","E","?","T","R","$","E","$","M","R","B",null,"M","M","M","?","M","R","?","M","T","$","R","M"],"character_chosen":"DEFECT","items_purchased":["Block Potion","Energy Potion","Fire Potion","Self Repair","TheAbacus","Apotheosis","PanicButton"],"campfire_rested":5,"item_purchase_floors":[28,28,30,44,44,44,44],"current_hp_per_floor":[61,50,50,50,46,46,35,35,35,56,53,45,31,54,54,47,65,59,41,41,20,20,41,40,40,40,40,40,10,10,10,31,29,61,47,47,47,47,47,68,68,55,55,55,71,0],"gold":446,"neow_bonus":"REMOVE_CARD","is_prod":false,"is_daily":false,"chose_seed":false,"campfire_upgraded":4,"win_rate":0,"timestamp":1550937427,"path_taken":["M","?","?","$","M","R","M","R","T","R","E","M","E","?","R","BOSS","M","M","?","?","?","R","E","?","T","R","$","E","$","M","R","BOSS","M","M","M","?","M","R","?","M","T","$","R","M"],"build_version":"2019-01-23","purchased_purges":3,"victory":false,"max_hp_per_floor":[71,71,71,71,71,71,71,71,71,71,71,71,71,71,71,71,71,71,71,71,71,71,71,71,71,71,71,71,71,71,71,71,71,71,71,71,71,71,71,71,71,71,71,71,71,71],"card_choices":[{"not_picked":["Hello World","Rebound"],"picked":"Glacier","floor":1},{"not_picked":["Coolheaded","Blizzard"],"picked":"Genetic Algorithm","floor":5},{"not_picked":["Steam","Storm","Streamline"],"picked":"SKIP","floor":7},{"not_picked":["Compile Driver","Barrage","Coolheaded"],"picked":"SKIP","floor":11},{"not_picked":["Steam","Auto Shields"],"picked":"Darkness","floor":12},{"not_picked":["Capacitor","Reinforced Body","Reprogram"],"picked":"SKIP","floor":13},{"not_picked":["Creative AI","Biased Cognition"],"picked":"Echo Form","floor":16},{"not_picked":["Steam","Streamline","Beam Cell"],"picked":"SKIP","floor":18},{"not_picked":["Storm","Hologram"],"picked":"BootSequence","floor":19},{"not_picked":["Glacier","Redo","Sunder"],"picked":"SKIP","floor":24},{"not_picked":["Scrape","Recycle","Reprogram"],"picked":"Hologram+1","floor":29},{"not_picked":["Barrage","Reinforced Body","Turbo","Hologram"],"picked":"SKIP","floor":31},{"not_picked":["All For One","Electrodynamics","Reboot"],"picked":"Seek","floor":33},{"not_picked":["Barrage","Rip and Tear","Steam+1"],"picked":"Cold Snap","floor":35},{"not_picked":["Undo+1","Streamline","Redo","Fusion"],"picked":"SKIP","floor":36},{"not_picked":["Skim+1","Go for the Eyes","Steam","Rebound"],"picked":"SKIP","floor":37},{"not_picked":["Go for the Eyes","Static Discharge","Double Energy","Scrape"],"picked":"SKIP","floor":39},{"not_picked":["Cold Snap+1","Stack","Machine Learning"],"picked":"White Noise+1","floor":42}],"player_experience":919393,"relics_obtained":[{"floor":9,"key":"Torii"},{"floor":11,"key":"Bag of Preparation"},{"floor":13,"key":"Cables"},{"floor":21,"key":"Necronomicon"},{"floor":24,"key":"Shuriken"},{"floor":26,"key":"Gambling Chip"},{"floor":29,"key":"Shovel"},{"floor":43,"key":"Bottled Lightning"}],"event_choices":[{"damage_healed":0,"gold_gain":75,"player_choice":"Gather Gold","damage_taken":11,"max_hp_gain":0,"max_hp_loss":0,"event_name":"World of Goop","floor":2,"gold_loss":0},{"cards_removed":["Strike_B"],"damage_healed":0,"gold_gain":0,"player_choice":"Card Removal","damage_taken":0,"max_hp_gain":0,"max_hp_loss":0,"event_name":"The Cleric","floor":3,"gold_loss":75},{"damage_healed":23,"gold_gain":0,"player_choice":"Banana","damage_taken":0,"max_hp_gain":0,"max_hp_loss":0,"event_name":"Big Fish","floor":14,"gold_loss":0},{"damage_healed":0,"gold_gain":50,"player_choice":"Stole From Cult","damage_taken":0,"max_hp_gain":0,"max_hp_loss":0,"event_name":"Nest","floor":20,"gold_loss":0},{"damage_healed":0,"gold_gain":0,"player_choice":"Obtained Book","damage_taken":21,"max_hp_gain":0,"max_hp_loss":0,"event_name":"Cursed Tome","floor":21,"gold_loss":0},{"damage_healed":0,"gold_gain":0,"cards_transformed":["FTL","Static Discharge"],"player_choice":"Became Test Subject","damage_taken":0,"max_hp_gain":0,"max_hp_loss":0,"event_name":"Drug Dealer","floor":22,"gold_loss":0,"cards_obtained":["Seek","Chaos"]},{"damage_healed":0,"gold_gain":0,"player_choice":"Obtained Relic","damage_taken":0,"relics_obtained":["Question Card"],"max_hp_gain":0,"max_hp_loss":0,"event_name":"Addict","floor":25,"gold_loss":85},{"damage_healed":0,"gold_gain":999,"player_choice":"Gold","damage_taken":0,"max_hp_gain":0,"max_hp_loss":0,"event_name":"MindBloom","floor":38,"gold_loss":0,"cards_obtained":["Normality","Normality"]},{"damage_healed":0,"gold_gain":0,"player_choice":"Copied","damage_taken":0,"max_hp_gain":0,"max_hp_loss":0,"event_name":"Duplicator","floor":41,"gold_loss":0,"cards_obtained":["Hyperbeam"]}],"is_beta":false,"boss_relics":[{"not_picked":["White Beast Statue","Fusion Hammer"],"picked":"Pandora\u0027s Box"},{"not_picked":["Inserter","Empty Cage"],"picked":"Astrolabe"}],"items_purged_floors":[4,28,44],"is_endless":false,"potions_floor_spawned":[1,7,12,16,29,33,35,39],"killed_by":"Transient","ascension_level":20}