{"gold_per_floor":[112,124,124,124,134,168,15,27,27,38,50,50,50,70,70,167,167,179,52,52,62,40,68,68,68],"floor_reached":25,"playtime":1696,"items_purged":[],"score":223,"play_id":"e9dc3f3c-9c3d-47a4-89c3-b603c45e6f03","local_time":"20190118050356","is_ascension_mode":false,"campfire_choices":[{"floor":12,"key":"REST"},{"floor":15,"key":"REST"},{"data":"Go for the Eyes","floor":24,"key":"SMITH"}],"neow_cost":"NONE","seed_source_timestamp":116290322777172,"circlet_count":0,"master_deck":["Strike_B","Strike_B","Strike_B","Strike_B","Defend_B","Defend_B","Defend_B","Zap","Dualcast","Redo","Sweeping Beam","Rebound","Reinforced Body","Hello World","Swift Strike","Cold Snap","Go for the Eyes","Fusion","Rebound","Core Surge","Aggregate+1","Self Repair","Go for the Eyes+1","BootSequence","Gash","Echo Form"],"relics":["Cracked Core","Bag of Marbles","Ancient Tea Set","Art of War","Ginger","Inserter","Toxic Egg 2"],"potions_floor_usage":[16,21],"damage_taken":[{"damage":7,"enemies":"2 Louse","floor":1,"turns":3},{"damage":7,"enemies":"Small Slimes","floor":2,"turns":4},{"damage":6,"enemies":"Cultist","floor":5,"turns":3},{"damage":36,"enemies":"Lagavulin","floor":6,"turns":5},{"damage":5,"enemies":"Exordium Thugs","floor":8,"turns":5},{"damage":8,"enemies":"Red Slaver","floor":10,"turns":3},{"damage":0,"enemies":"Lots of Slimes","floor":11,"turns":2},{"damage":0,"enemies":"Exordium Wildlife","floor":14,"turns":1},{"damage":41,"enemies":"The Guardian","floor":16,"turns":11},{"damage":5,"enemies":"3 Byrds","floor":18,"turns":5},{"damage":12,"enemies":"Shell Parasite","floor":21,"turns":8},{"damage":36,"enemies":"Gremlin Leader","floor":23,"turns":9},{"damage":32,"enemies":"Sentry and Sphere","floor":25,"turns":5}],"seed_played":"1987968796294895511","potions_obtained":[{"floor":1,"key":"SpeedPotion"},{"floor":14,"key":"Regen Potion"},{"floor":16,"key":"SkillPotion"},{"floor":23,"key":"Fire Potion"}],"is_trial":false,"path_per_floor":["M","M","?","?","M","E","$","M","T","M","M","R","T","M","R","B",null,"M","$","?","M","$","E","R","M"],"character_chosen":"DEFECT","items_purchased":["Hello World","Swift Strike","Self Repair","Go for the Eyes","Gash"],"campfire_rested":2,"item_purchase_floors":[7,7,19,19,22],"current_hp_per_floor":[68,61,61,75,69,33,33,28,28,20,20,42,42,42,64,38,75,70,70,70,65,65,29,29,0],"gold":68,"neow_bonus":"RANDOM_COMMON_RELIC","is_prod":false,"is_daily":false,"chose_seed":false,"campfire_upgraded":1,"win_rate":0.0,"timestamp":1547805836,"path_taken":["M","M","?","?","M","E","$","M","T","M","?","R","?","M","R","BOSS","M","$","?","M","$","E","R","M"],"build_version":"2019-01-17","purchased_purges":0,"victory":false,"max_hp_per_floor":[75,75,75,75,75,75,75,75,75,75,75,75,75,75,75,75,75,75,75,75,75,75,75,75,75],"card_choices":[{"not_picked":["Capacitor","Auto Shields"],"picked":"Redo","floor":1},{"not_picked":["Streamline","Undo"],"picked":"Sweeping Beam","floor":2},{"not_picked":["Sweeping Beam","Coolheaded"],"picked":"Rebound","floor":5},{"not_picked":["Glacier","Storm"],"picked":"Reinforced Body","floor":6},{"not_picked":["Leap","Hello World"],"picked":"Cold Snap","floor":8},{"not_picked":["Barrage","Aggregate"],"picked":"Go for the Eyes","floor":10},{"not_picked":["Steam","Heatsinks"],"picked":"Fusion","floor":11},{"not_picked":["Steam","Ball Lightning"],"picked":"Rebound","floor":14},{"not_picked":["Machine Learning","Thunder Strike"],"picked":"Core Surge","floor":16},{"not_picked":["Redo","Stack"],"picked":"Aggregate+1","floor":18},{"not_picked":["Beam Cell","Turbo"],"picked":"BootSequence","floor":21},{"not_picked":["Loop","Lockon"],"picked":"Echo Form","floor":23}],"player_experience":102260,"relics_obtained":[{"floor":6,"key":"Ancient Tea Set"},{"floor":9,"key":"Art of War"},{"floor":13,"key":"Ginger"},{"floor":23,"key":"Toxic Egg 2"}],"event_choices":[{"damage_healed":0,"gold_gain":0,"player_choice":"Leave","damage_taken":0,"max_hp_gain":0,"max_hp_loss":0,"event_name":"The Cleric","floor":3,"gold_loss":0},{"damage_healed":14,"gold_gain":0,"player_choice":"Full Heal","damage_taken":0,"max_hp_gain":0,"max_hp_loss":0,"event_name":"Wheel of Change","floor":4,"gold_loss":0},{"cards_removed":["Defend_B"],"damage_healed":0,"gold_gain":0,"player_choice":"Offered Basic","damage_taken":0,"max_hp_gain":0,"max_hp_loss":0,"event_name":"Bonfire Elementals","floor":20,"gold_loss":0}],"is_beta":false,"boss_relics":[{"not_picked":["Tiny House","Velvet Choker"],"picked":"Inserter"}],"items_purged_floors":[],"is_endless":false,"potions_floor_spawned":[1,14,16,23],"killed_by":"Sentry and Sphere","ascension_level":0}