{"gold_per_floor":[412,412,431,431,431,465,147,147,147,181,181,205,219,233,233,357,357,380,403,20,20,20,20,41,41,41,41,66,85,103,49,49,177,177,198,198,219,239,255,255,6,30,30,70,70,86,86,86],"floor_reached":48,"playtime":3062,"items_purged":["Doubt","Strike_R","Strike_R"],"score":609,"play_id":"1667b18e-86b6-4a4c-98e7-538e26168c08","local_time":"20180726122115","is_ascension_mode":true,"campfire_choices":[{"floor":8,"key":"REST"},{"data":"Searing Blow+1","floor":15,"key":"SMITH"},{"data":"Searing Blow+2","floor":23,"key":"SMITH"},{"data":"Searing Blow+3","floor":25,"key":"SMITH"},{"data":"Searing Blow+4","floor":27,"key":"SMITH"},{"data":"Searing Blow+5","floor":32,"key":"SMITH"},{"data":"Searing Blow+6","floor":40,"key":"SMITH"},{"data":"Searing Blow+8","floor":45,"key":"SMITH"},{"floor":47,"key":"REST"}],"neow_cost":"CURSE","seed_source_timestamp":2289346577545,"circlet_count":0,"master_deck":["Strike_R","Defend_R","Defend_R","Defend_R","Defend_R","Bash","Headbutt","Spot Weakness","Whirlwind","Searing Blow+9","Armaments","Reaper","Warcry","True Grit","Dropkick","Headbutt","Headbutt+1","Armaments","Warcry","True Grit","Shrug It Off+1","Dual Wield","Shrug It Off","Seeing Red+1","Impervious","Armaments+1"],"relics":["Burning Blood","Old Coin","Golden Idol","Potion Belt","Happy Flower","Du-Vu Doll","Question Card","Charon\u0027s Ashes","Odd Mushroom","Art of War","Velvet Choker","Pantograph","Ginger","Empty Cage","Paper Frog","Whetstone"],"potions_floor_usage":[14,19,33,42,42,44],"damage_taken":[{"damage":7,"enemies":"2 Louse","floor":1,"turns":3},{"damage":1,"enemies":"Cultist","floor":3,"turns":3},{"damage":39,"enemies":"Gremlin Nob","floor":6,"turns":5},{"damage":27,"floor":10,"turns":4},{"damage":2,"enemies":"Jaw Worm","floor":13,"turns":3},{"damage":3,"enemies":"Gremlin Gang","floor":14,"turns":2},{"damage":33,"enemies":"The Guardian","floor":16,"turns":10},{"damage":0,"enemies":"3 Byrds","floor":18,"turns":4},{"damage":11,"enemies":"Shell Parasite","floor":19,"turns":5},{"damage":9,"enemies":"Snecko","floor":24,"turns":4},{"damage":22,"enemies":"3 Cultists","floor":28,"turns":5},{"damage":24,"enemies":"Centurion and Healer","floor":29,"turns":4},{"damage":31,"enemies":"Cultist and Chosen","floor":30,"turns":5},{"damage":52,"enemies":"Collector","floor":33,"turns":5},{"damage":16,"enemies":"3 Shapes","floor":35,"turns":4},{"damage":4,"enemies":"Flame Bruiser 1 Orb","floor":37,"turns":3},{"damage":44,"enemies":"Spire Growth","floor":38,"turns":5},{"damage":56,"enemies":"Sphere and 2 Shapes","floor":39,"turns":6},{"damage":21,"enemies":"4 Shapes","floor":42,"turns":5},{"damage":5,"enemies":"Giant Head","floor":44,"turns":5},{"damage":36,"enemies":"Maw","floor":46,"turns":7},{"damage":34,"enemies":"Transient","floor":48,"turns":3}],"seed_played":"-6026058443947473307","potions_obtained":[{"floor":10,"key":"SkillPotion"},{"floor":16,"key":"SkillPotion"},{"floor":29,"key":"Strength Potion"},{"floor":30,"key":"Dexterity Potion"},{"floor":35,"key":"BloodPotion"},{"floor":39,"key":"GamblersBrew"},{"floor":42,"key":"Strength Potion"}],"is_trial":false,"path_per_floor":["M","?","M","?","?","E","$","R","T","?","?","T","M","M","R","B",null,"M","M","$","?","?","R","M","R","T","R","M","M","M","$","R","B",null,"M","?","M","M","M","R","$","M","T","E","R","M","R"],"character_chosen":"IRONCLAD","items_purchased":["Question Card","Pantograph","True Grit","True Grit","Shrug It Off","Ancient Potion"],"campfire_rested":2,"item_purchase_floors":[7,20,20,31,41,41],"current_hp_per_floor":[79,59,64,64,61,28,28,52,52,31,31,31,35,38,38,11,63,72,67,67,67,67,67,64,64,64,64,60,52,30,30,30,30,68,70,70,80,52,12,12,12,17,17,35,35,9,33,0],"gold":86,"neow_bonus":"ONE_RARE_RELIC","is_prod":false,"is_daily":false,"chose_seed":false,"campfire_upgraded":7,"win_rate":0,"timestamp":1532600475,"path_taken":["M","?","M","?","?","E","$","R","T","?","?","?","M","M","R","BOSS","M","M","$","?","?","R","M","R","T","R","M","M","M","?","R","BOSS","M","?","M","M","M","R","$","M","T","E","R","M","R","?"],"build_version":"2018-07-19v2","purchased_purges":3,"victory":false,"max_hp_per_floor":[80,80,80,80,80,80,80,80,80,80,80,80,80,80,80,80,80,80,80,80,80,80,80,80,80,80,80,80,80,80,80,80,80,80,80,80,80,80,80,80,80,80,80,80,80,80,80,80],"card_choices":[{"not_picked":["Thunderclap","Whirlwind"],"picked":"Headbutt","floor":1},{"not_picked":["Twin Strike","Cleave"],"picked":"Spot Weakness","floor":3},{"not_picked":["Pommel Strike","Flex"],"picked":"Whirlwind","floor":6},{"not_picked":["Armaments","Power Through","Combust"],"picked":"Searing Blow","floor":10},{"not_picked":["Second Wind","Havoc","Clothesline","Offering"],"picked":"SKIP","floor":13},{"not_picked":["Body Slam","Wild Strike","Blood for Blood"],"picked":"Armaments","floor":14},{"not_picked":["Feed","Impervious","Berserk"],"picked":"Reaper","floor":16},{"not_picked":["Twin Strike","Rampage+1","Dropkick+1"],"picked":"Warcry","floor":18},{"not_picked":["Pommel Strike","Body Slam+1","Twin Strike","Inflame"],"picked":"SKIP","floor":19},{"not_picked":["Hemokinesis","Body Slam","Clothesline","Rampage"],"picked":"SKIP","floor":24},{"not_picked":["Metallicize+1","Havoc","Inflame"],"picked":"Headbutt","floor":28},{"not_picked":["Bludgeon","Headbutt","Sentinel"],"picked":"Armaments","floor":29},{"not_picked":["Sword Boomerang","Anger","Clothesline+1"],"picked":"Warcry","floor":30},{"not_picked":["Hemokinesis+1","Anger","Thunderclap","Heavy Blade"],"picked":"SKIP","floor":35},{"not_picked":["Dropkick+1","True Grit+1","Feel No Pain+1"],"picked":"Shrug It Off+1","floor":37},{"not_picked":["Clash+1","Perfected Strike","Anger+1","Havoc+1"],"picked":"SKIP","floor":38},{"not_picked":["Second Wind+1","Clothesline","Pommel Strike"],"picked":"Dual Wield","floor":39},{"not_picked":["Inflame+1","True Grit","Sever Soul"],"picked":"Seeing Red+1","floor":42},{"not_picked":["Armaments","Fire Breathing+1","Rupture"],"picked":"Impervious","floor":44},{"not_picked":["Second Wind","Sever Soul+1","Rupture"],"picked":"Armaments+1","floor":46}],"player_experience":217567,"relics_obtained":[{"floor":6,"key":"Du-Vu Doll"},{"floor":9,"key":"Charon\u0027s Ashes"},{"floor":10,"key":"Odd Mushroom"},{"floor":12,"key":"Art of War"},{"floor":26,"key":"Ginger"},{"floor":43,"key":"Paper Frog"},{"floor":44,"key":"Whetstone"}],"event_choices":[{"event_name":"Golden Idol","player_choice":"Take Damage","floor":2,"damage_taken":0},{"event_name":"Wheel of Change","player_choice":"Relic","floor":4,"damage_taken":0},{"event_name":"Scrap Ooze","player_choice":"success","floor":5,"damage_taken":3},{"event_name":"Mushrooms","player_choice":"Fought Mushrooms","floor":10,"damage_taken":0},{"event_name":"Living Wall","player_choice":"Grow","floor":11,"damage_taken":0},{"event_name":"Match and Keep!","player_choice":"1 cards matched","floor":21,"damage_taken":0},{"event_name":"Duplicator","player_choice":"One dupe","floor":22,"damage_taken":0},{"event_name":"Tomb of Lord Red Mask","player_choice":"Ignored","floor":36,"damage_taken":0}],"is_beta":false,"boss_relics":[{"not_picked":["Black Star","Runic Cube"],"picked":"Velvet Choker"},{"not_picked":["Mark of Pain","Snecko Eye"],"picked":"Empty Cage"}],"items_purged_floors":[7,20,41],"is_endless":false,"potions_floor_spawned":[10,16,29,30,35,39,42],"killed_by":"Transient","ascension_level":5}