{"gold_per_floor":[12,12,22,97,112,112,128,147,147,227,30,46,66,99,99,198,198,208,224,146,196,146,146,4,4,4,4,30,49,49,61,61,61],"floor_reached":33,"playtime":2551,"items_purged":["Strike_G","Strike_G","Strike_G"],"score":423,"play_id":"1455ebb1-6eda-427e-ab3f-986c8e53bae0","local_time":"20180903195616","is_ascension_mode":true,"campfire_choices":[{"data":"Neutralize","floor":6.0,"key":"SMITH"},{"data":"Glass Knife","floor":15.0,"key":"SMITH"},{"floor":23,"key":"REST"},{"floor":25,"key":"REST"},{"floor":27,"key":"REST"},{"floor":32,"key":"REST"}],"neow_cost":"NO_GOLD","seed_source_timestamp":0,"circlet_count":0,"master_deck":["Defend_G","Defend_G","Defend_G","Defend_G","Defend_G","Survivor","Neutralize+1","Acrobatics","Dagger Spray+1","Heel Hook+1","Backflip","Escape Plan","Unload","Reflex","Glass Knife+1","Burst+1","Backflip","Leg Sweep","Predator+1","Adrenaline"],"special_seed":0,"relics":["Ring of the Snake","Juzu Bracelet","Mercury Hourglass","Membership Card","Ancient Tea Set","Fusion Hammer","Whetstone","Letter Opener","Smiling Mask"],"potions_floor_usage":[16,33,33,33],"damage_taken":[{"damage":0.0,"enemies":"Small Slimes","floor":1.0,"turns":4.0},{"damage":1.0,"enemies":"Cultist","floor":3.0,"turns":4.0},{"damage":0.0,"enemies":"Jaw Worm","floor":5.0,"turns":3.0},{"damage":1.0,"enemies":"2 Fungi Beasts","floor":7.0,"turns":4.0},{"damage":5.0,"enemies":"Gremlin Gang","floor":8.0,"turns":4.0},{"damage":6.0,"enemies":"Blue Slaver","floor":12.0,"turns":2.0},{"damage":2.0,"enemies":"3 Louse","floor":13.0,"turns":4.0},{"damage":10.0,"enemies":"3 Sentries","floor":14.0,"turns":6.0},{"damage":11,"enemies":"The Guardian","floor":16,"turns":13},{"damage":7,"enemies":"2 Thieves","floor":18,"turns":3},{"damage":0,"enemies":"3 Byrds","floor":19,"turns":4},{"damage":0,"enemies":"Slavers","floor":28,"turns":5},{"damage":14,"enemies":"3 Cultists","floor":29,"turns":5},{"damage":0,"enemies":"Shelled Parasite and Fungi","floor":31,"turns":5},{"damage":80,"enemies":"Champ","floor":33,"turns":15}],"seed_played":"2220796421181117261","potions_obtained":[{"floor":1.0,"key":"SneckoOil"},{"floor":5.0,"key":"AttackPotion"},{"floor":12.0,"key":"Swift Potion"},{"floor":28,"key":"Swift Potion"},{"floor":29,"key":"FearPotion"}],"is_trial":false,"path_per_floor":["M","?","M","?","M","R","M","M","T","T","$","M","M","E","R","B",null,"M","M","$","?","$","R","$","R","T","R","E","M","?","M","R"],"character_chosen":"THE_SILENT","items_purchased":["Membership Card","Leg Sweep","Whetstone"],"campfire_rested":4,"item_purchase_floors":[11,20,24],"current_hp_per_floor":[63,56,55,44,44,44,43,38,38,38,38,32,30,20,20,9,55,48,48,48,48,48,69,69,70,70,70,70,56,56,56,70,0],"gold":61,"neow_bonus":"TRANSFORM_TWO_CARDS","is_prod":false,"is_daily":false,"chose_seed":false,"campfire_upgraded":2,"win_rate":0,"timestamp":1535997376,"path_taken":["M","?","M","?","?","R","M","M","T","?","?","M","M","E","R","BOSS","M","M","$","?","$","R","$","R","T","R","E","M","?","M","R","BOSS"],"build_version":"2018-08-30","purchased_purges":3,"victory":false,"max_hp_per_floor":[70,70,70,70,70,70,70,70,70,70,70,70,70,70,70,70,70,70,70,70,70,70,70,70,70,70,70,70,70,70,70,70,70],"card_choices":[{"not_picked":["Crippling Poison","Acrobatics"],"picked":"Heel Hook","floor":1.0},{"not_picked":["Setup","Outmaneuver"],"picked":"Backflip","floor":3.0},{"not_picked":["Blade Dance","Quick Slash"],"picked":"Escape Plan","floor":5.0},{"not_picked":["Backflip","Flying Knee","Sucker Punch"],"picked":"SKIP","floor":7.0},{"not_picked":["Choke","Riddle With Holes"],"picked":"Unload","floor":8.0},{"not_picked":["Slice","Infinite Blades","Crippling Poison"],"picked":"SKIP","floor":12.0},{"not_picked":["Poisoned Stab","Dagger Throw"],"picked":"Reflex","floor":13.0},{"not_picked":["Endless Agony","Noxious Fumes"],"picked":"Glass Knife","floor":14.0},{"not_picked":["Night Terror","Wraith Form v2"],"picked":"Burst","floor":16},{"not_picked":["Flying Knee","Bane","Sucker Punch"],"picked":"SKIP","floor":18},{"not_picked":["Concentrate","Caltrops"],"picked":"Backflip","floor":19},{"not_picked":["Choke+1","Poisoned Stab"],"picked":"Predator+1","floor":28},{"not_picked":["Infinite Blades","Dodge and Roll","Backstab"],"picked":"SKIP","floor":29},{"not_picked":["Dagger Throw","Prepared"],"picked":"Adrenaline","floor":31}],"player_experience":368103,"relics_obtained":[{"floor":9.0,"key":"Juzu Bracelet"},{"floor":10.0,"key":"Mercury Hourglass"},{"floor":14.0,"key":"Ancient Tea Set"},{"floor":26,"key":"Letter Opener"},{"floor":28,"key":"Smiling Mask"}],"event_choices":[{"event_name":"Wheel of Change","player_choice":"Damage","floor":2.0,"damage_taken":0.0},{"event_name":"World of Goop","player_choice":"Gather Gold","floor":4.0,"damage_taken":0.0},{"event_name":"The Joust","player_choice":"Bet on Murderer","floor":21,"damage_taken":0},{"event_name":"Accursed Blacksmith","player_choice":"Forge","floor":30,"damage_taken":0}],"is_beta":false,"boss_relics":[{"not_picked":["Orrery","Velvet Choker"],"picked":"Fusion Hammer"}],"items_purged_floors":[20,22,24],"is_endless":false,"potions_floor_spawned":[1,5,12,28,29],"killed_by":"Champ","ascension_level":9}