{"gold_per_floor":[118,118,43,54,73,106,119,119,119,129,156,156,56,73,73,172,172,188,4,4,22,22,22,22,40,40,59,59,92,92,111,111,111],"floor_reached":33,"playtime":1230,"items_purged":["Regret","Writhe"],"score":443,"play_id":"aba767f3-3a16-435a-8880-847b2c98a0b4","local_time":"20190114203405","is_ascension_mode":true,"campfire_choices":[{"data":"Fiend Fire","floor":8.0,"key":"SMITH"},{"floor":15,"key":"REST"},{"data":"Battle Trance","floor":24,"key":"SMITH"},{"data":"Flame Barrier","floor":28,"key":"SMITH"},{"data":"Double Tap","floor":30,"key":"SMITH"},{"floor":32,"key":"RECALL"}],"neow_cost":"CURSE","seed_source_timestamp":249893406742594,"circlet_count":0,"master_deck":["Defend_R","Defend_R","Defend_R","Defend_R","Bash","Fiend Fire+1","Battle Trance+1","Uppercut","Shockwave","Inflame","Double Tap+1","Flex+1","Whirlwind+1","Bite+1","Bite+1","Bite+1","Bite+1","Bite+1","Shame","Flame Barrier+1","Power Through+1"],"special_seed":0,"relics":["Burning Blood","Singing Bowl","Happy Flower","Darkstone Periapt","Molten Egg 2","Mark of Pain","Dream Catcher","Smiling Mask","Turnip","Blue Candle"],"potions_floor_usage":[11,21,25,33,33],"damage_taken":[{"damage":0.0,"enemies":"Small Slimes","floor":1.0,"turns":3.0},{"damage":7.0,"enemies":"Jaw Worm","floor":4.0,"turns":3.0},{"damage":11.0,"enemies":"Cultist","floor":5.0,"turns":4.0},{"damage":40.0,"enemies":"Lagavulin","floor":6.0,"turns":5.0},{"damage":13.0,"enemies":"Exordium Wildlife","floor":7.0,"turns":3.0},{"damage":38,"enemies":"Gremlin Gang","floor":10,"turns":5},{"damage":7,"enemies":"Gremlin Nob","floor":11,"turns":3},{"damage":0,"enemies":"3 Louse","floor":14,"turns":2},{"damage":28,"enemies":"Slime Boss","floor":16,"turns":5},{"damage":11,"enemies":"Spheric Guardian","floor":18,"turns":3},{"damage":28,"enemies":"Shell Parasite","floor":21,"turns":4},{"damage":15,"enemies":"Snecko","floor":25,"turns":4},{"damage":12,"enemies":"Cultist and Chosen","floor":27,"turns":3},{"damage":0,"enemies":"Slavers","floor":29,"turns":1},{"damage":0,"enemies":"Centurion and Healer","floor":31,"turns":3},{"damage":172,"enemies":"Collector","floor":33,"turns":17}],"seed_played":"1390138618464527876","potions_obtained":[{"floor":1.0,"key":"AttackPotion"},{"floor":6.0,"key":"BloodPotion"},{"floor":11,"key":"Strength Potion"},{"floor":14,"key":"AttackPotion"},{"floor":18,"key":"Block Potion"},{"floor":21,"key":"LiquidBronze"},{"floor":27,"key":"SkillPotion"},{"floor":29,"key":"SneckoOil"}],"is_trial":false,"path_per_floor":["M","?","$","M","M","E","M","R","T","M","E","T","$","M","R","B",null,"M","$","?","M","?","?","R","M","T","M","R","E","R","M","R","B"],"character_chosen":"IRONCLAD","items_purchased":["Whirlwind+1","Dream Catcher"],"campfire_rested":1,"item_purchase_floors":[19,19],"current_hp_per_floor":[78,78,78,77,72,38,41,41,41,11,10,10,10,20,45,25,71,68,68,86,66,66,72,72,74,74,71,71,77,77,91,91,0],"gold":111,"neow_bonus":"THREE_RARE_CARDS","is_prod":false,"is_daily":false,"chose_seed":false,"campfire_upgraded":4,"win_rate":0,"timestamp":1547519645,"path_taken":["M","?","$","M","M","E","M","R","T","M","E","?","$","?","R","BOSS","M","$","?","?","?","?","R","M","T","M","R","E","R","M","R","BOSS"],"build_version":"2019-01-10","purchased_purges":2,"victory":false,"max_hp_per_floor":[80,80,80,80,80,80,82,82,82,84,84,84,84,86,86,86,86,86,86,86,88,88,94,94,96,96,96,96,96,96,98,98,98],"card_choices":[{"not_picked":["Dark Embrace","Limit Break"],"picked":"Fiend Fire","floor":0.0},{"not_picked":["Warcry","Body Slam"],"picked":"Sever Soul","floor":1.0},{"not_picked":["Warcry","Pommel Strike"],"picked":"Battle Trance","floor":4.0},{"not_picked":["Clothesline","Pummel"],"picked":"Uppercut","floor":5.0},{"not_picked":["Searing Blow","Dual Wield"],"picked":"Shockwave","floor":6.0},{"not_picked":["Sword Boomerang","Armaments","Searing Blow"],"picked":"Singing Bowl","floor":7.0},{"not_picked":["Bludgeon","Armaments","Metallicize"],"picked":"Singing Bowl","floor":10},{"not_picked":["Clothesline","Twin Strike"],"picked":"Inflame","floor":11},{"not_picked":["Evolve","Headbutt+1","Anger+1"],"picked":"Singing Bowl","floor":14},{"not_picked":["Brutality","Reaper+1"],"picked":"Double Tap","floor":16},{"not_picked":["Pummel+1","Twin Strike+1"],"picked":"Flex+1","floor":18},{"not_picked":["Body Slam+1","Clothesline+1","Fire Breathing"],"picked":"Singing Bowl","floor":21},{"not_picked":["Body Slam+1","Anger+1","True Grit"],"picked":"Singing Bowl","floor":25},{"not_picked":["Warcry+1","Armaments+1"],"picked":"Flame Barrier","floor":27},{"not_picked":["Clothesline+1","Infernal Blade+1"],"picked":"Power Through+1","floor":29},{"not_picked":["Iron Wave+1","Rage","Searing Blow+1"],"picked":"Singing Bowl","floor":31}],"player_experience":95754,"relics_obtained":[{"floor":6.0,"key":"Happy Flower"},{"floor":9.0,"key":"Darkstone Periapt"},{"floor":11,"key":"Blood Vial"},{"floor":12,"key":"Molten Egg 2"},{"floor":26,"key":"Turnip"},{"floor":29,"key":"Blue Candle"}],"event_choices":[{"damage_healed":0.0,"max_hp_gain":0.0,"max_hp_loss":0.0,"gold_gain":0.0,"event_name":"Big Fish","player_choice":"Box","floor":2.0,"gold_loss":0.0,"damage_taken":0.0,"relics_obtained":["Singing Bowl"],"cards_obtained":["Regret"]},{"cards_removed":["Sever Soul"],"damage_healed":18,"gold_gain":0,"player_choice":"Offered Uncommon","damage_taken":0,"max_hp_gain":0,"max_hp_loss":0,"event_name":"Bonfire Elementals","floor":20,"gold_loss":0},{"damage_healed":0,"gold_gain":0,"player_choice":"Became a vampire (Vial)","damage_taken":0,"max_hp_gain":0,"max_hp_loss":0,"event_name":"Vampires","floor":22,"relics_lost":["Blood Vial"],"gold_loss":0,"cards_obtained":["Bite","Bite","Bite","Bite","Bite"]},{"damage_healed":0,"gold_gain":0,"player_choice":"Stole Relic","damage_taken":0,"relics_obtained":["Smiling Mask"],"max_hp_gain":0,"max_hp_loss":0,"event_name":"Addict","floor":23,"gold_loss":0,"cards_obtained":["Shame"]}],"is_beta":false,"boss_relics":[{"not_picked":["White Beast Statue","Philosopher\u0027s Stone"],"picked":"Mark of Pain"}],"items_purged_floors":[3,13],"is_endless":false,"potions_floor_spawned":[1,6,11,14,18,21,27,29],"killed_by":"Collector","ascension_level":6}