{"path_per_floor":["M","?","?","?","M","R","?","M","T","M","T","M","?","E","R","B",null,"M","M","$","?","?","E","R"],"character_chosen":"DEFECT","items_purchased":["Bottled Lightning","Leap"],"gold_per_floor":[110,110,110,110,124,124,124,142,142,156,156,167,167,196,196,301,301,315,329,23,23,23,358,358,358],"floor_reached":25,"campfire_rested":2,"playtime":1235,"current_hp_per_floor":[81,81,81,81,76,76,60,54,54,44,44,36,36,15,39,7,82,64,36,36,36,36,8,32,0],"items_purged":[],"gold":358,"score":219,"play_id":"11c36566-6a4f-48b5-9485-1b156adc10a7","local_time":"20180430190635","is_prod":false,"is_daily":false,"chose_seed":false,"is_ascension_mode":false,"campfire_upgraded":1,"timestamp":1525079195,"path_taken":["M","?","?","?","M","R","?","M","T","M","?","M","?","E","R","BOSS","M","M","?","?","?","E","R","M"],"build_version":"2018-04-27v3","seed_source_timestamp":190869282309224,"purchased_purges":0,"victory":false,"master_deck":["Strike_B+1","Strike_B+1","Strike_B+1","Defend_B+1","Defend_B+1","Defend_B+1","Defend_B+1","Zap","Dualcast","Chaos+1","Axe Kick","Genetic Algorithm+1","Ball Lightning","Hello World","Impulse","Rainbow","Pain","Regret","Doubt","Ball Lightning","Ball Lightning+1","Leap","Undo"],"max_hp_per_floor":[82,82,82,82,82,82,82,82,82,82,82,82,82,82,82,82,82,82,82,82,82,82,82,82,82],"relics":["Cracked Core","Question Card","Unceasing Top","Juzu Bracelet","Calling Bell","Bronze Scales","Mummified Hand","Peace Pipe","Bottled Lightning","Old Coin"],"card_choices":[{"not_picked":["Impulse","Turbo"],"picked":"Chaos","floor":1},{"not_picked":["Leap","Skim"],"picked":"Axe Kick","floor":5},{"not_picked":["Barrage","Recycle"],"picked":"Genetic Algorithm","floor":8},{"not_picked":["Skim","Turbo","Capacitor"],"picked":"Ball Lightning","floor":10},{"not_picked":["Beam Cell","Steam Power","Loop"],"picked":"Hello World","floor":12},{"not_picked":["Gash","Melter","Steam Power"],"picked":"Impulse","floor":14},{"not_picked":["Machine Learning","Amplify","Echo Form"],"picked":"Rainbow","floor":16},{"not_picked":["Leap","Turbo","Rebound"],"picked":"Ball Lightning","floor":18},{"not_picked":["Scrape","Barrage","Rebound"],"picked":"Ball Lightning","floor":19},{"not_picked":["Rebound","Skim","Streamline"],"picked":"Undo","floor":23}],"player_experience":19469,"potions_floor_usage":[16,23,23],"damage_taken":[{"damage":1,"enemies":"Jaw Worm","floor":1,"turns":3},{"damage":5,"enemies":"Cultist","floor":5,"turns":4},{"damage":6,"enemies":"2 Louse","floor":8,"turns":2},{"damage":10,"enemies":"Large Slime","floor":10,"turns":5},{"damage":8,"enemies":"Lots of Slimes","floor":12,"turns":3},{"damage":21,"enemies":"Lagavulin","floor":14,"turns":5},{"damage":32,"enemies":"The Guardian","floor":16,"turns":10},{"damage":18,"enemies":"Shell Parasite","floor":18,"turns":5},{"damage":28,"enemies":"Chosen","floor":19,"turns":4},{"damage":28,"enemies":"Book of Stabbing","floor":23,"turns":5},{"damage":41,"enemies":"Snecko","floor":25,"turns":5}],"event_choices":[{"event_name":"Purifier","player_choice":"One Purge","floor":2,"damage_taken":0},{"event_name":"The Cleric","player_choice":"Leave","floor":3,"damage_taken":0},{"event_name":"The Woman in Blue","player_choice":"Bought 0 Potions","floor":4,"damage_taken":0},{"event_name":"Shining Light","player_choice":"Entered Light","floor":7,"damage_taken":0},{"event_name":"Living Wall","player_choice":"Grow","floor":13,"damage_taken":0},{"event_name":"Back to Basics","player_choice":"Simplicity","floor":21,"damage_taken":0},{"event_name":"Addict","player_choice":"Ignored","floor":22,"damage_taken":0}],"boss_relics":[{"not_picked":["Philosopher\u0027s Stone","White Beast Statue"],"picked":"Calling Bell"}],"potions_floor_spawned":[8,12,19],"seed_played":"194324274860334197","killed_by":"Snecko","ascension_level":0,"is_trial":false}