{"gold_per_floor":[116,116,127,74,149,149,163,163,163,179,193,223,241,255,255,356,356,370,295,2,2,20,20,31,31,31,48,48,48,48,64,64,165,165,179,279,279,299,317,317,346,346,392,392,403,48,68,68,68,68],"floor_reached":51,"playtime":2327,"items_purged":[],"score":793,"play_id":"c7345c86-cced-40da-b5ab-9fe2d6509c74","local_time":"20190130034306","is_ascension_mode":true,"campfire_choices":[{"data":"Zap","floor":6,"key":"SMITH"},{"data":"Forethought","floor":8,"key":"SMITH"},{"floor":15,"key":"REST"},{"data":"White Noise","floor":23,"key":"SMITH"},{"floor":25,"key":"REST"},{"floor":32,"key":"REST"},{"floor":40,"key":"REST"},{"floor":42,"key":"REST"},{"floor":44,"key":"REST"},{"floor":49,"key":"REST"}],"neow_cost":"NONE","seed_source_timestamp":1147636055711700,"circlet_count":0,"master_deck":["Strike_B","Strike_B","Defend_B","Defend_B","Defend_B","Defend_B","Zap+1","Dualcast","Forethought+1","Consume","Ball Lightning","Conserve Battery","Ball Lightning","Glacier","White Noise+1","Coolheaded","Chill","Buffer","Loop","White Noise","Melter+1","Necronomicurse","Creative AI","Go for the Eyes+1","Conserve Battery","Blind","Turbo+1","Redo+1","Double Energy","Self Repair+1","Force Field+1","Cold Snap","Echo Form","Conserve Battery"],"relics":["Cracked Core","Du-Vu Doll","Tiny Chest","Lizard Tail","Shuriken","Bottled Tornado","Ornamental Fan","Necronomicon","Nuclear Battery","Prayer Wheel","Juzu Bracelet","Happy Flower","Runic Capacitor","DataDisk"],"potions_floor_usage":[11,13,16,17,31,33,33,35,39,45,50,50],"damage_taken":[{"damage":2,"enemies":"Jaw Worm","floor":1,"turns":3},{"damage":3,"enemies":"2 Louse","floor":3,"turns":3},{"damage":0,"enemies":"Small Slimes","floor":7,"turns":3},{"damage":6,"enemies":"Blue Slaver","floor":10,"turns":2},{"damage":0,"enemies":"Lots of Slimes","floor":11,"turns":2},{"damage":14,"enemies":"Gremlin Gang","floor":13,"turns":3},{"damage":1,"enemies":"Exordium Wildlife","floor":14,"turns":6},{"damage":8,"enemies":"Slime Boss","floor":16,"turns":9},{"damage":14,"enemies":"Chosen","floor":18,"turns":5},{"damage":10,"enemies":"3 Byrds","floor":22,"turns":6},{"damage":23,"enemies":"Shelled Parasite and Fungi","floor":24,"turns":7},{"damage":21,"enemies":"3 Cultists","floor":27,"turns":6},{"damage":0,"enemies":"Centurion and Healer","floor":31,"turns":6},{"damage":41,"enemies":"Collector","floor":33,"turns":10},{"damage":9,"enemies":"3 Shapes","floor":35,"turns":7},{"damage":36,"enemies":"Mind Bloom Boss Battle","floor":36,"turns":11},{"damage":18,"enemies":"Orb Walker","floor":38,"turns":4},{"damage":52,"enemies":"Jaw Worm Horde","floor":39,"turns":10},{"damage":19,"enemies":"Nemesis","floor":41,"turns":9},{"damage":39,"enemies":"Transient","floor":45,"turns":5},{"damage":26,"enemies":"Spire Growth","floor":47,"turns":5},{"damage":46,"enemies":"Awakened One","floor":50,"turns":9}],"seed_played":"650440952952844292","potions_obtained":[{"floor":7,"key":"Explosive Potion"},{"floor":10,"key":"EssenceOfSteel"},{"floor":11,"key":"AttackPotion"},{"floor":16,"key":"Fruit Juice"},{"floor":24,"key":"Poison Potion"},{"floor":31,"key":"Energy Potion"},{"floor":33,"key":"Poison Potion"},{"floor":38,"key":"Block Potion"},{"floor":41,"key":"GamblersBrew"},{"floor":45,"key":"FearPotion"},{"floor":47,"key":"PowerPotion"}],"is_trial":false,"path_per_floor":["M","?","M","$","?","R","M","R","T","M","M","?","M","M","R","B",null,"M","?","$","?","M","R","M","R","T","M","T","$","?","M","R","B",null,"M","?","?","M","M","R","E","R","T","R","M","$","M","?","R","B",null],"character_chosen":"DEFECT","items_purchased":["Conserve Battery","Shuriken","PowerPotion","Runic Capacitor","DataDisk"],"campfire_rested":7,"item_purchase_floors":[4,20,20,46,46],"current_hp_per_floor":[73,73,70,70,59,59,59,59,59,53,53,53,39,38,60,52,80,66,66,66,66,56,56,33,57,57,36,36,36,20,20,44,3,80,71,35,35,17,6,30,21,45,45,69,40,40,24,24,48,2],"gold":68,"neow_bonus":"RANDOM_COLORLESS","is_prod":false,"is_daily":false,"chose_seed":false,"campfire_upgraded":3,"win_rate":0,"timestamp":1548837786,"path_taken":["M","?","M","$","?","R","M","R","T","M","M","?","M","M","R","BOSS","M","?","$","?","?","R","M","R","T","?","?","$","?","M","R","BOSS","M","?","?","M","M","R","E","R","T","R","M","$","M","?","R","BOSS"],"build_version":"2019-01-23","purchased_purges":0,"victory":true,"max_hp_per_floor":[75,75,75,75,75,75,75,75,75,75,75,75,75,75,75,75,80,80,80,80,80,80,80,80,80,80,80,80,80,80,80,80,80,80,80,80,80,80,80,80,80,80,80,80,80,80,80,80,80,80],"card_choices":[{"not_picked":["Leap","Streamline"],"picked":"Consume","floor":1},{"not_picked":["Compile Driver","Turbo"],"picked":"Ball Lightning","floor":3},{"not_picked":["Rip and Tear","Skim"],"picked":"Ball Lightning","floor":7},{"not_picked":["Streamline","Conserve Battery"],"picked":"Glacier","floor":10},{"not_picked":["Barrage","Steam"],"picked":"White Noise","floor":11},{"not_picked":["Stack","Steam"],"picked":"Coolheaded","floor":13},{"not_picked":["Darkness","Hello World"],"picked":"Chill","floor":14},{"not_picked":["Reboot","Fission"],"picked":"Buffer","floor":16},{"not_picked":["Coolheaded","Streamline"],"picked":"Loop","floor":18},{"not_picked":["Lockon","Rebound+1"],"picked":"Go for the Eyes","floor":22},{"not_picked":["Double Energy","Gash"],"picked":"White Noise","floor":24},{"not_picked":["Barrage+1","Gash"],"picked":"Melter+1","floor":27},{"not_picked":["Fusion","Genetic Algorithm","Tempest"],"picked":"SKIP","floor":31},{"not_picked":["Biased Cognition","Amplify"],"picked":"Creative AI","floor":33},{"not_picked":["Hologram+1","Rebound+1"],"picked":"Go for the Eyes+1","floor":35},{"not_picked":["Beam Cell+1","Storm"],"picked":"Conserve Battery","floor":36},{"not_picked":["Apotheosis","HandOfGreed"],"picked":"Blind","floor":37},{"not_picked":["Genetic Algorithm+1","Ball Lightning+1"],"picked":"Turbo+1","floor":38},{"not_picked":["Cold Snap","Compile Driver"],"picked":"Redo+1","floor":38},{"not_picked":["Ball Lightning+1","Compile Driver"],"picked":"Double Energy","floor":39},{"not_picked":["Chaos+1","Capacitor+1"],"picked":"Self Repair+1","floor":39},{"not_picked":["Rebound+1","Rainbow"],"picked":"Force Field+1","floor":41},{"not_picked":["Beam Cell+1","Barrage"],"picked":"Cold Snap","floor":45},{"not_picked":["Rebound","Coolheaded","Beam Cell"],"picked":"SKIP","floor":45},{"not_picked":["Gash","Streamline"],"picked":"Echo Form","floor":47},{"not_picked":["Darkness+1","Compile Driver+1"],"picked":"Conserve Battery","floor":47}],"player_experience":273575,"relics_obtained":[{"floor":9,"key":"Du-Vu Doll"},{"floor":26,"key":"Bottled Tornado"},{"floor":28,"key":"Ornamental Fan"},{"floor":30,"key":"Necronomicon"},{"floor":36,"key":"Prayer Wheel"},{"floor":41,"key":"Juzu Bracelet"},{"floor":43,"key":"Happy Flower"}],"event_choices":[{"damage_healed":0,"gold_gain":0,"cards_transformed":["Strike_B"],"player_choice":"Change","damage_taken":0,"max_hp_gain":0,"max_hp_loss":0,"event_name":"Living Wall","floor":2,"gold_loss":0,"cards_obtained":["Gash"]},{"damage_healed":0,"gold_gain":75,"player_choice":"Gather Gold","damage_taken":11,"max_hp_gain":0,"max_hp_loss":0,"event_name":"World of Goop","floor":5,"gold_loss":0},{"damage_healed":0,"gold_gain":0,"player_choice":"Searched \u00272\u0027 times","damage_taken":0,"relics_obtained":["Tiny Chest"],"max_hp_gain":0,"max_hp_loss":0,"event_name":"Dead Adventurer","floor":12,"gold_loss":0},{"cards_removed":["Gash"],"damage_healed":0,"gold_gain":0,"player_choice":"Gave Gold","damage_taken":0,"max_hp_gain":0,"max_hp_loss":0,"event_name":"Beggar","floor":19,"gold_loss":75},{"cards_removed":["Strike_B"],"damage_healed":0,"gold_gain":0,"player_choice":"Purged","damage_taken":0,"max_hp_gain":0,"max_hp_loss":0,"event_name":"Purifier","floor":21,"gold_loss":0},{"damage_healed":0,"gold_gain":0,"player_choice":"Obtained Book","damage_taken":16,"max_hp_gain":0,"max_hp_loss":0,"event_name":"Cursed Tome","floor":30,"gold_loss":0},{"damage_healed":0,"gold_gain":0,"player_choice":"Fight","damage_taken":0,"max_hp_gain":0,"max_hp_loss":0,"event_name":"MindBloom","floor":36,"gold_loss":0},{"damage_healed":0,"gold_gain":0,"player_choice":"Memory 1","damage_taken":0,"max_hp_gain":0,"max_hp_loss":0,"event_name":"SensoryStone","floor":37,"gold_loss":0},{"cards_removed":["Go for the Eyes"],"damage_healed":0,"gold_gain":0,"player_choice":"Removed Attack","damage_taken":0,"max_hp_gain":0,"max_hp_loss":0,"event_name":"Falling","floor":48,"gold_loss":0}],"is_beta":false,"boss_relics":[{"not_picked":["White Beast Statue","Coffee Dripper"],"picked":"Lizard Tail"},{"not_picked":["Fusion Hammer","Sozu"],"picked":"Nuclear Battery"}],"items_purged_floors":[],"is_endless":false,"potions_floor_spawned":[7,10,11,16,24,31,33,38,41,45,47],"ascension_level":4}