{"gold_per_floor":[119,44,57,57,75,75,106,106,106,106,131,142,67,83,83,161,161,180,193,193,212,231,231,231],"floor_reached":24,"playtime":708,"items_purged":["Regret"],"score":416,"play_id":"9ffc3f44-35b9-4e14-a2f4-d7c214b2b114","local_time":"20190223160047","is_ascension_mode":true,"campfire_choices":[{"data":"Defend_B","floor":6,"key":"PURGE"},{"data":"Defend_B","floor":8,"key":"PURGE"},{"floor":10,"key":"REST"},{"floor":15,"key":"REST"},{"data":"Go for the Eyes","floor":23,"key":"SMITH"}],"neow_cost":"CURSE","seed_source_timestamp":8370969619100,"circlet_count":0,"master_deck":["AscendersBane","Strike_B","Strike_B","Defend_B","Defend_B","Zap","Dualcast","Conserve Battery","Ball Lightning","Go for the Eyes+1","Self Repair","Echo Form","Redo+1"],"relics":["Cracked Core","Peace Pipe","Cables","Symbiotic Virus","Boot","Sozu"],"potions_floor_usage":[7,11],"damage_taken":[{"damage":1,"enemies":"Cultist","floor":1,"turns":3},{"damage":4,"enemies":"2 Louse","floor":3,"turns":3},{"damage":4,"enemies":"Small Slimes","floor":5,"turns":3},{"damage":18,"enemies":"Lagavulin","floor":7,"turns":5},{"damage":13,"enemies":"3 Sentries","floor":11,"turns":3},{"damage":13,"enemies":"3 Louse","floor":12,"turns":3},{"damage":13,"enemies":"Gremlin Gang","floor":14,"turns":4},{"damage":30,"enemies":"The Guardian","floor":16,"turns":9},{"damage":11,"enemies":"Chosen","floor":18,"turns":4},{"damage":19,"enemies":"Shell Parasite","floor":19,"turns":4},{"damage":13,"enemies":"Snake Plant","floor":21,"turns":3},{"damage":13,"enemies":"Centurion and Healer","floor":22,"turns":6},{"damage":45,"enemies":"Book of Stabbing","floor":24,"turns":4}],"seed_played":"-7054101212547744897","potions_obtained":[{"floor":1,"key":"Ancient Potion"},{"floor":5,"key":"Energy Potion"},{"floor":7,"key":"PowerPotion"},{"floor":16,"key":"Energy Potion"}],"is_trial":false,"path_per_floor":["M","$","M","?","M","R","E","R","T","R","E","M","?","M","R","B",null,"M","M","?","M","M","R","E"],"character_chosen":"DEFECT","items_purchased":[],"campfire_rested":2,"item_purchase_floors":[],"current_hp_per_floor":[63,63,59,52,48,48,30,30,30,51,38,25,25,12,33,10,56,59,54,54,41,42,42,0],"gold":231,"neow_bonus":"ONE_RARE_RELIC","is_prod":false,"is_daily":false,"chose_seed":false,"campfire_upgraded":1,"win_rate":0,"timestamp":1550930447,"path_taken":["M","$","?","?","M","R","E","R","T","R","E","M","?","M","R","BOSS","M","M","?","M","M","R","E"],"build_version":"2019-01-23","purchased_purges":1,"victory":false,"max_hp_per_floor":[71,71,71,71,71,71,71,71,71,71,71,71,71,71,71,71,71,71,71,71,71,71,71,71],"card_choices":[{"not_picked":["BootSequence","Turbo"],"picked":"Conserve Battery","floor":1},{"not_picked":["Loop","Streamline"],"picked":"Ball Lightning","floor":3},{"not_picked":["Sweeping Beam","Beam Cell","Steam"],"picked":"SKIP","floor":5},{"not_picked":["Blizzard","Glacier","Double Energy"],"picked":"SKIP","floor":7},{"not_picked":["Steam","Streamline"],"picked":"Go for the Eyes","floor":11},{"not_picked":["Hologram","FTL","Aggregate"],"picked":"SKIP","floor":12},{"not_picked":["Chaos","Darkness"],"picked":"Self Repair","floor":14},{"not_picked":["Amplify","Machine Learning"],"picked":"Echo Form","floor":16},{"not_picked":["Sunder","Auto Shields","Sweeping Beam"],"picked":"SKIP","floor":18},{"not_picked":["Chill","Reprogram","Hologram"],"picked":"SKIP","floor":19},{"not_picked":["Leap","Hologram+1","Turbo+1"],"picked":"SKIP","floor":21},{"not_picked":["Steam+1","Double Energy"],"picked":"Redo+1","floor":22}],"player_experience":913834,"relics_obtained":[{"floor":7,"key":"Cables"},{"floor":9,"key":"Symbiotic Virus"},{"floor":11,"key":"Boot"}],"event_choices":[{"cards_removed":["Strike_B"],"damage_healed":0,"gold_gain":0,"player_choice":"Card Removal","damage_taken":7,"max_hp_gain":0,"max_hp_loss":0,"event_name":"Golden Wing","floor":4,"gold_loss":0},{"cards_removed":["Strike_B"],"damage_healed":0,"gold_gain":0,"player_choice":"Card Removal","damage_taken":0,"max_hp_gain":0,"max_hp_loss":0,"event_name":"The Cleric","floor":13,"gold_loss":75},{"damage_healed":0,"gold_gain":0,"player_choice":"Ignored","damage_taken":0,"max_hp_gain":0,"max_hp_loss":0,"event_name":"Cursed Tome","floor":20,"gold_loss":0}],"is_beta":false,"boss_relics":[{"not_picked":["Snecko Eye","Pandora\u0027s Box"],"picked":"Sozu"}],"items_purged_floors":[2],"is_endless":false,"potions_floor_spawned":[1,5,7,16,19,22],"killed_by":"Book of Stabbing","ascension_level":20}