{"gold_per_floor":[114,114,124,49,59,59,74,74,74,74,91,91,166,226,226,303,303,323,32,32,32,46,46,59,59,82,96,371,371,388,407,407,484,484,499,511,340,351,351,376,393,420,420,420,438,469,485,38,38,38],"floor_reached":51,"playtime":5355,"items_purged":["Strike_R","Inflame+1","Defend_R"],"score":1232,"play_id":"71a4cc77-f216-41cd-9c59-27308592430e","local_time":"20181226030415","is_ascension_mode":true,"campfire_choices":[{"data":"Barricade","floor":6,"key":"SMITH"},{"data":"Metallicize","floor":10,"key":"SMITH"},{"data":"Body Slam","floor":12,"key":"SMITH"},{"floor":15,"key":"REST"},{"data":"Strike_R","floor":23,"key":"PURGE"},{"data":"Writhe","floor":25,"key":"PURGE"},{"data":"Regret","floor":29,"key":"PURGE"},{"data":"Impervious","floor":32,"key":"SMITH"},{"data":"Defend_R","floor":44,"key":"PURGE"},{"floor":49,"key":"REST"}],"neow_cost":"TEN_PERCENT_HP_LOSS","seed_source_timestamp":52320713889368,"circlet_count":0,"master_deck":["AscendersBane","Bash+1","Metallicize+1","Clothesline+1","Evolve","Barricade+1","Body Slam+1","Flame Barrier+1","Impervious+1","Exhume","Shrug It Off+1","Flame Barrier+1","Metallicize","Berserk","Shrug It Off","Shrug It Off"],"relics":["Burning Blood","Ornamental Fan","Whetstone","Philosopher\u0027s Stone","Peace Pipe","Strawberry","Regal Pillow","Astrolabe","Happy Flower","Pen Nib","Dodecahedron","Red Skull","Lantern"],"potions_floor_usage":[11,14,14,22,33,33,46,46,47,50,50],"damage_taken":[{"damage":0,"enemies":"2 Louse","floor":1,"turns":3},{"damage":0,"enemies":"Cultist","floor":3,"turns":4},{"damage":0,"enemies":"Small Slimes","floor":5,"turns":3},{"damage":46,"enemies":"Gremlin Gang","floor":7,"turns":6},{"damage":0,"enemies":"Looter","floor":11,"turns":4},{"damage":22,"enemies":"Gremlin Nob","floor":14,"turns":5},{"damage":3,"enemies":"Slime Boss","floor":16,"turns":9},{"damage":0,"enemies":"Chosen","floor":18,"turns":5},{"damage":2,"enemies":"Spheric Guardian","floor":22,"turns":6},{"damage":18,"enemies":"Snake Plant","floor":24,"turns":6},{"damage":7,"enemies":"Sentry and Sphere","floor":27,"turns":8},{"damage":5,"enemies":"Shelled Parasite and Fungi","floor":30,"turns":8},{"damage":10,"enemies":"Cultist and Chosen","floor":31,"turns":7},{"damage":35,"enemies":"Collector","floor":33,"turns":19},{"damage":0,"enemies":"3 Darklings","floor":35,"turns":7},{"damage":1,"enemies":"Orb Walker","floor":36,"turns":5},{"damage":4,"enemies":"Sphere and 2 Shapes","floor":38,"turns":9},{"damage":2,"enemies":"Nemesis","floor":40,"turns":15},{"damage":1,"enemies":"4 Shapes","floor":41,"turns":7},{"damage":1,"enemies":"Giant Head","floor":42,"turns":7},{"damage":0,"enemies":"3 Darklings","floor":45,"turns":5},{"damage":69,"enemies":"Reptomancer","floor":46,"turns":9},{"damage":4,"enemies":"Spire Growth","floor":47,"turns":5},{"damage":33,"enemies":"Time Eater","floor":50,"turns":7}],"seed_played":"6646477146033733125","potions_obtained":[{"floor":1,"key":"FearPotion"},{"floor":7,"key":"EssenceOfSteel"},{"floor":11,"key":"LiquidBronze"},{"floor":18,"key":"AttackPotion"},{"floor":21,"key":"FearPotion"},{"floor":24,"key":"Strength Potion"},{"floor":30,"key":"Strength Potion"},{"floor":33,"key":"GamblersBrew"},{"floor":36,"key":"GamblersBrew"},{"floor":40,"key":"SpeedPotion"},{"floor":41,"key":"BloodPotion"},{"floor":46,"key":"SkillPotion"}],"is_trial":false,"path_per_floor":["M","?","M","$","M","R","M","$","T","R","M","R","?","?","R","B",null,"M","$","?","?","M","R","M","R","T","M","?","R","M","M","R","B",null,"M","M","$","M","?","E","M","E","T","R","M","E","M","$","R","B",null],"character_chosen":"IRONCLAD","items_purchased":["Peace Pipe","Metallicize","Shrug It Off","Lantern","Regen Potion","Strength Potion"],"campfire_rested":2,"item_purchase_floors":[19,37,48,48,48,48],"current_hp_per_floor":[68,68,68,68,68,68,28,28,28,28,34,34,23,7,27,30,59,65,65,72,72,75,75,63,63,63,62,62,62,63,59,59,30,64,70,75,75,75,75,75,75,75,75,75,75,19,21,21,58,46],"gold":38,"neow_bonus":"TRANSFORM_TWO_CARDS","is_prod":false,"is_daily":false,"chose_seed":false,"campfire_upgraded":4,"win_rate":0,"timestamp":1545789855,"path_taken":["M","?","M","$","M","R","M","?","T","R","?","R","?","?","R","BOSS","M","$","?","?","M","R","?","R","T","?","?","R","?","M","R","BOSS","M","M","$","M","?","E","M","E","T","R","M","E","?","$","R","BOSS"],"build_version":"2018-12-20","purchased_purges":3,"victory":true,"max_hp_per_floor":[68,68,68,68,68,68,68,68,68,68,68,68,68,68,68,68,68,68,68,75,75,75,75,75,75,75,75,75,75,75,75,75,75,75,75,75,75,75,75,75,75,75,75,75,75,75,75,75,75,75],"card_choices":[{"not_picked":["Dropkick","Heavy Blade","Flex"],"picked":"SKIP","floor":1},{"not_picked":["Second Wind","Armaments"],"picked":"Evolve","floor":3},{"not_picked":["Clash","Evolve"],"picked":"Barricade","floor":5},{"not_picked":["Sever Soul","Twin Strike","Iron Wave"],"picked":"SKIP","floor":7},{"not_picked":["Cleave","Inflame"],"picked":"Body Slam","floor":11},{"not_picked":["Warcry","Havoc"],"picked":"Flame Barrier","floor":14},{"not_picked":["Immolate","Fiend Fire"],"picked":"Impervious","floor":16},{"not_picked":["Flex","Combust+1","Headbutt"],"picked":"SKIP","floor":18},{"not_picked":["Wild Strike","Feed","Flex+1"],"picked":"SKIP","floor":22},{"not_picked":["Havoc","Pummel","Sentinel"],"picked":"SKIP","floor":24},{"not_picked":["Wild Strike+1","Pommel Strike","Rampage+1"],"picked":"SKIP","floor":27},{"not_picked":["Wild Strike","Whirlwind","Sword Boomerang"],"picked":"SKIP","floor":30},{"not_picked":["Clothesline","Flex","Brutality"],"picked":"SKIP","floor":31},{"not_picked":["Double Tap","Barricade"],"picked":"Exhume","floor":33},{"not_picked":["Rupture","Heavy Blade+1","Thunderclap+1"],"picked":"SKIP","floor":35},{"not_picked":["Dual Wield+1","Pommel Strike","Havoc"],"picked":"SKIP","floor":36},{"not_picked":["Warcry","Clash","Havoc"],"picked":"SKIP","floor":38},{"not_picked":["Perfected Strike","Flex+1"],"picked":"Berserk","floor":40},{"not_picked":["Perfected Strike","Iron Wave","Armaments"],"picked":"SKIP","floor":41},{"not_picked":["Dropkick","Headbutt"],"picked":"Shrug It Off","floor":42},{"not_picked":["Bloodletting+1","True Grit","Whirlwind"],"picked":"SKIP","floor":46},{"not_picked":["Evolve","Seeing Red","Infernal Blade"],"picked":"SKIP","floor":47}],"player_experience":655616,"relics_obtained":[{"floor":9,"key":"Ornamental Fan"},{"floor":14,"key":"Whetstone"},{"floor":26,"key":"Regal Pillow"},{"floor":40,"key":"Happy Flower"},{"floor":42,"key":"Pen Nib"},{"floor":43,"key":"Dodecahedron"},{"floor":46,"key":"Red Skull"}],"event_choices":[{"damage_healed":0,"gold_gain":0,"player_choice":"Upgraded","damage_taken":0,"max_hp_gain":0,"max_hp_loss":0,"event_name":"Upgrade Shrine","floor":2,"gold_loss":0,"cards_upgraded":["Clothesline"]},{"damage_healed":0,"gold_gain":75,"player_choice":"Gather Gold","damage_taken":11,"max_hp_gain":0,"max_hp_loss":0,"event_name":"World of Goop","floor":13,"gold_loss":0},{"damage_healed":0,"gold_gain":30,"player_choice":"Searched \u00272\u0027 times","damage_taken":0,"max_hp_gain":0,"max_hp_loss":0,"event_name":"Dead Adventurer","floor":14,"gold_loss":0},{"damage_healed":0,"gold_gain":0,"player_choice":"Opened","damage_taken":0,"relics_obtained":["Strawberry"],"max_hp_gain":0,"max_hp_loss":0,"event_name":"The Mausoleum","floor":20,"gold_loss":0,"cards_obtained":["Writhe"]},{"damage_healed":0,"gold_gain":0,"player_choice":"Got Potions","damage_taken":0,"max_hp_gain":0,"max_hp_loss":0,"event_name":"Lab","floor":21,"gold_loss":0},{"damage_healed":0,"gold_gain":275,"player_choice":"Desecrate","damage_taken":0,"max_hp_gain":0,"max_hp_loss":0,"event_name":"Golden Shrine","floor":28,"gold_loss":0,"cards_obtained":["Regret"]},{"damage_healed":0,"gold_gain":0,"player_choice":"Forge","damage_taken":0,"max_hp_gain":0,"max_hp_loss":0,"event_name":"Accursed Blacksmith","floor":39,"gold_loss":0,"cards_upgraded":["Flame Barrier"]}],"is_beta":false,"boss_relics":[{"not_picked":["Orrery","Runic Cube"],"picked":"Philosopher\u0027s Stone"},{"not_picked":["Pandora\u0027s Box","Black Blood"],"picked":"Astrolabe"}],"items_purged_floors":[4,37,48],"is_endless":false,"potions_floor_spawned":[1,7,11,18,24,30,33,36,40,41,46],"ascension_level":15}