{"gold_per_floor":[115,128,141,141,141,165,165,189,212,212,243,258,276,299,299,422,422,445,461,96,96,96,96,45,45,70,106,121,134,134,158,158,158],"floor_reached":33,"playtime":2298,"items_purged":["Strike_R"],"score":312,"play_id":"54a4c096-5f8f-4262-a210-38db442f2cb1","local_time":"20180707185701","is_ascension_mode":true,"campfire_choices":[{"data":"Iron Wave","floor":7,"key":"SMITH"},{"data":"Fire Breathing","floor":10,"key":"SMITH"},{"data":"Clash","floor":15,"key":"SMITH"},{"data":"Bludgeon","floor":23,"key":"SMITH"},{"data":"Warcry","floor":25,"key":"SMITH"},{"data":"Seeing Red","floor":30,"key":"SMITH"},{"data":"Carnage","floor":32,"key":"SMITH"}],"neow_cost":"","seed_source_timestamp":0,"circlet_count":0,"master_deck":["Strike_R","Strike_R+1","Strike_R","Strike_R","Defend_R","Defend_R","Defend_R","Defend_R","Bash","Shrug It Off","Carnage+1","Fire Breathing+1","Iron Wave+1","Clash","Carnage+1","Clash+1","Twin Strike","Double Tap","Inflame","Bludgeon+1","Necronomicurse","Seeing Red+1","Warcry+1","Double Tap","Ghostly Armor+1","Shrug It Off+1"],"relics":["Burning Blood","Golden Idol","Art of War","Orichalcum","Coffee Dripper","Blood Vial","Necronomicon","Bag of Marbles","Potion Belt"],"potions_floor_usage":[6,11,14,16,27,33,33],"damage_taken":[{"damage":1,"enemies":"Cultist","floor":1,"turns":4},{"damage":7,"enemies":"Small Slimes","floor":2,"turns":4},{"damage":3,"enemies":"2 Louse","floor":3,"turns":3},{"damage":6,"enemies":"Looter","floor":6,"turns":2},{"damage":0,"enemies":"Blue Slaver","floor":8,"turns":5},{"damage":16,"enemies":"Gremlin Nob","floor":11,"turns":3},{"damage":0,"enemies":"Large Slime","floor":12,"turns":2},{"damage":0,"enemies":"Gremlin Gang","floor":13,"turns":4},{"damage":0,"enemies":"3 Louse","floor":14,"turns":2},{"damage":20,"enemies":"Slime Boss","floor":16,"turns":9},{"damage":0,"enemies":"Spheric Guardian","floor":18,"turns":1},{"damage":6,"enemies":"3 Byrds","floor":19,"turns":3},{"damage":30,"enemies":"Book of Stabbing","floor":27,"turns":4},{"damage":0,"enemies":"Centurion and Healer","floor":28,"turns":2},{"damage":0,"enemies":"3 Cultists","floor":29,"turns":2},{"damage":0,"enemies":"Cultist and Chosen","floor":31,"turns":4},{"damage":80,"enemies":"Automaton","floor":33,"turns":6}],"seed_played":"776565591523650949","potions_obtained":[{"floor":1,"key":"Ancient Potion"},{"floor":3,"key":"SkillPotion"},{"floor":6,"key":"SkillPotion"},{"floor":8,"key":"SteroidPotion"},{"floor":13,"key":"AttackPotion"},{"floor":16,"key":"GamblersBrew"},{"floor":19,"key":"Ancient Potion"},{"floor":28,"key":"PowerPotion"}],"is_trial":true,"path_per_floor":["M","M","M","?","?","M","R","M","T","R","E","M","M","M","R","B",null,"M","M","$","?","?","R","$","R","T","E","M","M","R","M","R"],"character_chosen":"IRONCLAD","items_purchased":["Blood Vial","Bludgeon","Warcry"],"campfire_rested":0,"item_purchase_floors":[20,20,24],"current_hp_per_floor":[80,79,80,60,44,44,44,50,50,50,40,46,52,58,58,44,80,80,80,80,64,64,64,64,64,64,42,50,58,58,66,66,0],"gold":158,"neow_bonus":"","is_prod":false,"is_daily":false,"chose_seed":false,"campfire_upgraded":7,"win_rate":0,"timestamp":1530982621,"path_taken":["M","M","?","?","?","M","R","M","T","R","E","?","M","M","R","BOSS","M","?","$","?","?","R","?","R","T","E","M","M","R","?","R","BOSS"],"build_version":"2018-07-05","purchased_purges":1,"victory":false,"max_hp_per_floor":[80,80,80,80,80,80,80,80,80,80,80,80,80,80,80,80,80,80,80,80,80,80,80,80,80,80,80,80,80,80,80,80,80],"card_choices":[{"not_picked":["Intimidate","Cleave"],"picked":"Shrug It Off","floor":1},{"not_picked":["Headbutt","True Grit"],"picked":"Carnage","floor":2},{"not_picked":["Rupture","Thunderclap"],"picked":"Fire Breathing","floor":3},{"not_picked":["Thunderclap","Sword Boomerang"],"picked":"Iron Wave","floor":6},{"not_picked":["Headbutt","Pommel Strike"],"picked":"Clash","floor":8},{"not_picked":["Body Slam","Power Through"],"picked":"Carnage","floor":11},{"not_picked":["Sword Boomerang","Warcry","Heavy Blade"],"picked":"SKIP","floor":12},{"not_picked":["Blood for Blood","Clothesline"],"picked":"Clash","floor":13},{"not_picked":["Barricade","Anger"],"picked":"Twin Strike","floor":14},{"not_picked":["Brutality","Feed"],"picked":"Double Tap","floor":16},{"not_picked":["Twin Strike","Power Through","Intimidate"],"picked":"SKIP","floor":18},{"not_picked":["Flex","Rage"],"picked":"Inflame","floor":19},{"not_picked":["Flex+1","Evolve+1"],"picked":"Double Tap","floor":27},{"not_picked":["Headbutt","True Grit+1"],"picked":"Ghostly Armor+1","floor":28},{"not_picked":["Infernal Blade","Pommel Strike","Iron Wave"],"picked":"SKIP","floor":29},{"not_picked":["Flex+1","Twin Strike"],"picked":"Shrug It Off+1","floor":31}],"player_experience":77818,"relics_obtained":[{"floor":9,"key":"Art of War"},{"floor":11,"key":"Orichalcum"},{"floor":21,"key":"Necronomicon"},{"floor":26,"key":"Bag of Marbles"},{"floor":27,"key":"Potion Belt"}],"event_choices":[{"event_name":"Golden Idol","player_choice":"Take Damage","floor":4,"damage_taken":0},{"event_name":"Shining Light","player_choice":"Entered Light","floor":5,"damage_taken":0},{"event_name":"Cursed Tome","player_choice":"Obtained Book","floor":21,"damage_taken":0},{"event_name":"The Library","player_choice":"Read","floor":22,"damage_taken":0}],"boss_relics":[{"not_picked":["Tiny House","Sozu"],"picked":"Coffee Dripper"}],"items_purged_floors":[20],"is_endless":false,"potions_floor_spawned":[1,3,6,8,13,16,19,28],"killed_by":"Automaton","ascension_level":3}