{"gold_per_floor":[112,112,112,112,187,187,203,223,250,290,290,309,156,175,175,175],"floor_reached":16,"playtime":1106,"items_purged":["Barrage"],"score":150,"play_id":"ea5c2f2e-5d8b-4d19-92a3-b7a60c65a8a3","local_time":"20180823222317","is_ascension_mode":true,"campfire_choices":[{"floor":6,"key":"REST"},{"data":"Beam Cell","floor":15,"key":"SMITH"}],"neow_cost":"NONE","seed_source_timestamp":16540515851365,"circlet_count":0,"master_deck":["Strike_B","Strike_B","Strike_B","Defend_B","Defend_B","Defend_B","Defend_B","AscendersBane","Beam Cell+1","Self Repair","Undo","Skim","Scrape","FTL"],"relics":["Empty Cage","Happy Flower","Golden Idol","Ancient Tea Set","Strawberry","Gremlin Horn"],"potions_floor_usage":[10,16],"damage_taken":[{"damage":12,"enemies":"Cultist","floor":1,"turns":6},{"damage":10,"enemies":"2 Louse","floor":7,"turns":3},{"damage":4,"enemies":"Jaw Worm","floor":8,"turns":5},{"damage":25,"enemies":"3 Sentries","floor":10,"turns":20},{"damage":5,"enemies":"Looter","floor":12,"turns":5},{"damage":6,"enemies":"2 Fungi Beasts","floor":14,"turns":4},{"damage":39,"enemies":"Hexaghost","floor":16,"turns":14}],"seed_played":"6320579984644035432","potions_obtained":[{"floor":7,"key":"SpeedPotion"},{"floor":10,"key":"Explosive Potion"},{"floor":14,"key":"SpeedPotion"}],"is_trial":false,"path_per_floor":["M","T","?","?","?","R","M","M","T","E","T","M","$","M","R"],"character_chosen":"DEFECT","items_purchased":["Scrape"],"campfire_rested":1,"item_purchase_floors":[13],"current_hp_per_floor":[56,56,56,38,27,49,39,42,42,31,31,33,33,34,34,0],"gold":175,"neow_bonus":"BOSS_RELIC","is_prod":false,"is_daily":false,"chose_seed":false,"campfire_upgraded":1,"win_rate":0,"timestamp":1535055797,"path_taken":["M","?","?","?","?","R","M","?","T","E","?","M","$","M","R","BOSS"],"build_version":"2018-08-16","purchased_purges":1,"victory":false,"max_hp_per_floor":[75,75,75,75,75,75,75,75,75,82,82,82,82,82,82,82],"card_choices":[{"not_picked":["Leap","Sweeping Beam"],"picked":"Beam Cell","floor":1},{"not_picked":["Rebound","Darkness"],"picked":"Self Repair","floor":7},{"not_picked":["Stack","Rebound"],"picked":"Undo","floor":8},{"not_picked":["Rebound","Cold Snap","Redo"],"picked":"SKIP","floor":10},{"not_picked":["Capacitor","Leap"],"picked":"Skim","floor":12},{"not_picked":["Loop","Storm"],"picked":"FTL","floor":14}],"player_experience":322633,"relics_obtained":[{"floor":2,"key":"Happy Flower"},{"floor":9,"key":"Ancient Tea Set"},{"floor":10,"key":"Strawberry"},{"floor":11,"key":"Gremlin Horn"}],"event_choices":[{"event_name":"Living Wall","player_choice":"Change","floor":3,"damage_taken":0},{"event_name":"Golden Idol","player_choice":"Take Damage","floor":4,"damage_taken":0},{"event_name":"World of Goop","player_choice":"Gather Gold","floor":5,"damage_taken":0}],"is_beta":false,"boss_relics":[],"items_purged_floors":[13],"is_endless":false,"potions_floor_spawned":[7,10,14],"killed_by":"Hexaghost","ascension_level":10}