{"gold_per_floor":[118,130,147,147,157,157,174,174,174,203,213,213,234,260,260,260],"floor_reached":16,"playtime":619,"items_purged":[],"score":204,"play_id":"0ec58055-2ae1-438c-b0b4-c0339ced8912","local_time":"20190214173118","is_ascension_mode":true,"campfire_choices":[{"data":"Zap","floor":6,"key":"SMITH"},{"data":"Auto Shields","floor":8,"key":"SMITH"},{"floor":15,"key":"REST"}],"neow_cost":"NONE","seed_source_timestamp":0,"circlet_count":0,"master_deck":["AscendersBane","Strike_B","Strike_B","Strike_B","Defend_B","Defend_B","Defend_B+1","Defend_B","Zap+1","Dualcast","Conserve Battery+1","Auto Shields+1","Glacier","Recycle","Core Surge","Compile Driver"],"special_seed":0,"relics":["Cracked Core","Blood Vial","War Paint","Odd Mushroom","Boot"],"potions_floor_usage":[10,16],"damage_taken":[{"damage":4,"enemies":"2 Louse","floor":1,"turns":3},{"damage":1,"enemies":"Cultist","floor":2,"turns":3},{"damage":7,"enemies":"Jaw Worm","floor":3,"turns":4},{"damage":8,"enemies":"3 Louse","floor":5,"turns":4},{"damage":0,"enemies":"Blue Slaver","floor":7,"turns":3},{"damage":41,"enemies":"Gremlin Nob","floor":10,"turns":6},{"damage":6,"enemies":"Looter","floor":11,"turns":3},{"damage":13,"enemies":"The Mushroom Lair","floor":13,"turns":7},{"damage":62,"enemies":"The Guardian","floor":16,"turns":14}],"seed_played":"-816614885367349067","potions_obtained":[{"floor":1,"key":"Swift Potion"},{"floor":2,"key":"PowerPotion"},{"floor":4,"key":"FairyPotion"},{"floor":11,"key":"FearPotion"}],"is_trial":false,"path_per_floor":["M","M","M","?","M","R","M","R","T","E","M","?","?","T","R","B"],"character_chosen":"DEFECT","items_purchased":[],"campfire_rested":1,"item_purchase_floors":[],"current_hp_per_floor":[67,66,59,59,51,51,51,51,51,12,8,8,7,7,30,0],"gold":260,"neow_bonus":"TEN_PERCENT_HP_BONUS","is_prod":false,"is_daily":false,"chose_seed":false,"campfire_upgraded":2,"win_rate":0,"timestamp":1550125878,"path_taken":["M","M","M","?","?","R","M","R","T","E","M","?","?","?","R","BOSS"],"build_version":"2019-01-23","purchased_purges":0,"victory":false,"max_hp_per_floor":[78,78,78,78,78,78,78,78,78,78,78,78,78,78,78,78],"card_choices":[{"not_picked":["Scrape","Beam Cell","Darkness"],"picked":"SKIP","floor":1},{"not_picked":["Skim","Blizzard"],"picked":"Conserve Battery","floor":2},{"not_picked":["Skim","Streamline","Barrage"],"picked":"SKIP","floor":3},{"not_picked":["Compile Driver","Redo"],"picked":"Auto Shields","floor":5},{"not_picked":["Streamline","Compile Driver"],"picked":"Glacier","floor":7},{"not_picked":["Stack","Melter"],"picked":"Recycle","floor":10},{"not_picked":["Blizzard","Leap"],"picked":"Core Surge","floor":11},{"not_picked":["Storm","Hello World"],"picked":"Compile Driver","floor":13}],"player_experience":345612,"relics_obtained":[{"floor":9,"key":"Blood Vial"},{"floor":10,"key":"War Paint"},{"floor":13,"key":"Odd Mushroom"},{"floor":14,"key":"Boot"}],"event_choices":[{"damage_healed":0,"gold_gain":0,"player_choice":"Got Potions","damage_taken":0,"max_hp_gain":0,"max_hp_loss":0,"event_name":"Lab","floor":4,"gold_loss":0},{"cards_removed":["Strike_B"],"damage_healed":0,"gold_gain":0,"player_choice":"Forget","damage_taken":0,"max_hp_gain":0,"max_hp_loss":0,"event_name":"Living Wall","floor":12,"gold_loss":0},{"damage_healed":0,"gold_gain":0,"player_choice":"Fought Mushrooms","damage_taken":0,"max_hp_gain":0,"max_hp_loss":0,"event_name":"Mushrooms","floor":13,"gold_loss":0}],"is_beta":false,"boss_relics":[],"items_purged_floors":[],"is_endless":false,"potions_floor_spawned":[1,2,3,11],"killed_by":"The Guardian","ascension_level":20}