{"path_per_floor":["M","?","?","$","?","R","E","M","T","?","M","E","R","M","R","B",null,"M","T","M","$","M","E","R","M","T","E","?","M","T","M","R","B",null,"M","?","$","M","?","R","M","R","T","M","$","M","?","M","R"],"character_chosen":"DEFECT","items_purchased":["FTL","Sweeping Beam","Gash","Scrape","Steam","Thinking Ahead","FTL","Steam+1","Finesse+1","Master of Strategy+1"],"gold_per_floor":[113,113,113,21,21,21,56,66,66,141,151,179,179,195,195,293,293,309,334,349,60,80,111,111,123,123,158,158,175,199,219,219,318,318,337,337,160,172,172,172,187,187,187,198,41,59,359,379,379,379],"floor_reached":50,"campfire_rested":6,"playtime":2345,"item_purchase_floors":[],"current_hp_per_floor":[68,73,57,57,50,74,52,51,51,40,39,13,37,36,60,26,80,72,72,72,72,47,33,57,44,44,20,20,12,12,12,36,11,80,76,66,66,61,61,61,60,60,60,57,57,50,50,22,46,0],"items_purged":[],"gold":379,"score":592,"play_id":"2d24d4f2-8d0f-4608-9a2d-e8ae5f2b1c74","local_time":"20180601114109","is_prod":false,"is_daily":false,"chose_seed":false,"is_ascension_mode":true,"campfire_upgraded":2,"win_rate":0.0,"timestamp":1527817269,"campfire_choices":[{"floor":6.0,"key":"REST"},{"floor":13.0,"key":"REST"},{"floor":15.0,"key":"REST"},{"floor":24.0,"key":"REST"},{"floor":32.0,"key":"REST"},{"data":"Thinking Ahead","floor":40,"key":"SMITH"},{"data":"Scrape","floor":42,"key":"SMITH"},{"floor":49,"key":"REST"}],"path_taken":["M","?","?","$","?","R","E","M","T","?","M","E","R","M","R","BOSS","M","?","M","$","?","E","R","M","T","E","?","?","?","?","R","BOSS","M","?","$","M","?","R","M","R","T","M","?","?","?","?","R","BOSS"],"build_version":"2018-05-31","seed_source_timestamp":0,"purchased_purges":0,"victory":false,"master_deck":["Zap","Dualcast","Machine Learning","Gash","FTL","Sweeping Beam","Streamline","Gash","Gash","Sweeping Beam","BootSequence","Rainbow","Doom and Gloom","Compile Driver","Cold Snap","Redo","Beam Cell","Coolheaded","Streamline","Conserve Battery","Gash","Scrape+1","Steam","Thinking Ahead+1","Streamline+1","Ball Lightning","Beam Cell","Seek+1","Go for the Eyes","Genetic Algorithm+1","Rainbow+1","Chill+1","Madness+1","Madness+1","FTL","Steam+1","Finesse+1","Steam+1","Go for the Eyes","Master of Strategy+1","White Noise+1","Skim+1"],"max_hp_per_floor":[75,80,80,80,80,80,80,80,80,80,80,80,80,80,80,80,80,80,80,80,80,80,80,80,80,80,80,80,80,80,80,80,80,80,80,80,80,80,80,80,80,80,80,80,80,80,80,80,80,80],"relics":["Cracked Core","Bag of Preparation","The Courier","Ancient Tea Set","Pandora\u0027s Box","Omamori","Toxic Egg 2","Darkstone Periapt","Bronze Scales","Orichalcum","Philosopher\u0027s Stone","Centennial Puzzle"],"card_choices":[{"not_picked":["Melter","Steam"],"picked":"Gash","floor":1.0},{"not_picked":["Doom and Gloom","Stack"],"picked":"Streamline","floor":7.0},{"not_picked":["FTL","Hologram"],"picked":"Gash","floor":8.0},{"not_picked":["Auto Shields","Redo"],"picked":"Gash","floor":11.0},{"not_picked":["Biased Cognition","Double Energy"],"picked":"Sweeping Beam","floor":12.0},{"not_picked":["Doom and Gloom","Self Repair"],"picked":"BootSequence","floor":14.0},{"not_picked":["Fission","Amplify"],"picked":"Rainbow","floor":16.0},{"not_picked":["Leap","Redo"],"picked":"Streamline","floor":18.0},{"not_picked":["Sweeping Beam","Barrage"],"picked":"Conserve Battery","floor":20.0},{"not_picked":["Leap+1","Multi-Cast"],"picked":"Streamline+1","floor":22.0},{"not_picked":["Loop","White Noise"],"picked":"Ball Lightning","floor":23.0},{"not_picked":["Chaos+1","Heatsinks"],"picked":"Beam Cell","floor":25.0},{"not_picked":["Lockon","Sweeping Beam+1"],"picked":"Seek+1","floor":27.0},{"not_picked":["Steam+1","Static Discharge+1"],"picked":"Go for the Eyes","floor":29.0},{"not_picked":["Defragment","Hologram+1"],"picked":"Genetic Algorithm+1","floor":31.0},{"not_picked":["Fission+1","Creative AI"],"picked":"Rainbow+1","floor":33.0},{"not_picked":["Ball Lightning+1","Streamline"],"picked":"Chill+1","floor":35},{"not_picked":["Sweeping Beam","Barrage"],"picked":"Steam+1","floor":38},{"not_picked":["Loop+1","Barrage","Redo+1"],"picked":"SKIP","floor":41},{"not_picked":["Consume+1","Chaos+1"],"picked":"Go for the Eyes","floor":44},{"not_picked":["Consume+1","Stack+1"],"picked":"White Noise+1","floor":46},{"not_picked":["Ball Lightning","Redo+1"],"picked":"Skim+1","floor":48}],"player_experience":125331,"potions_floor_usage":[50,50],"damage_taken":[{"damage":7.0,"enemies":"Small Slimes","floor":1.0,"turns":3.0},{"damage":22.0,"enemies":"3 Sentries","floor":7.0,"turns":5.0},{"damage":1.0,"enemies":"Jaw Worm","floor":8.0,"turns":2.0},{"damage":1.0,"enemies":"2 Louse","floor":11.0,"turns":2.0},{"damage":26.0,"enemies":"Lagavulin","floor":12.0,"turns":4.0},{"damage":1.0,"enemies":"2 Fungi Beasts","floor":14.0,"turns":2.0},{"damage":41.0,"enemies":"Hexaghost","floor":16.0,"turns":9.0},{"damage":8.0,"enemies":"Spheric Guardian","floor":18.0,"turns":4.0},{"damage":0.0,"enemies":"Chosen","floor":20.0,"turns":3.0},{"damage":25.0,"enemies":"Snake Plant","floor":22.0,"turns":4.0},{"damage":14.0,"enemies":"Gremlin Leader","floor":23.0,"turns":6.0},{"damage":13.0,"enemies":"Snecko","floor":25.0,"turns":4.0},{"damage":24.0,"enemies":"Slavers","floor":27.0,"turns":6.0},{"damage":8.0,"enemies":"3 Cultists","floor":29.0,"turns":3.0},{"damage":0.0,"enemies":"Snake Plant","floor":31.0,"turns":4.0},{"damage":25.0,"enemies":"Champ","floor":33.0,"turns":8.0},{"damage":4,"enemies":"3 Shapes","floor":35,"turns":3},{"damage":5,"enemies":"Orb Walker","floor":38,"turns":2},{"damage":1,"enemies":"3 Darklings","floor":41,"turns":4},{"damage":3,"enemies":"4 Shapes","floor":44,"turns":4},{"damage":7,"enemies":"Maw","floor":46,"turns":6},{"damage":28,"enemies":"3 Darklings","floor":48,"turns":3},{"damage":51,"enemies":"Donu and Deca","floor":50,"turns":5}],"relics_obtained":[{"floor":7.0,"key":"Bag of Preparation"},{"floor":9.0,"key":"The Courier"},{"floor":12.0,"key":"Ancient Tea Set"},{"floor":19.0,"key":"Omamori"},{"floor":23.0,"key":"Toxic Egg 2"},{"floor":26.0,"key":"Darkstone Periapt"},{"floor":27.0,"key":"Bronze Scales"},{"floor":30.0,"key":"Orichalcum"},{"floor":43,"key":"Centennial Puzzle"}],"event_choices":[{"event_name":"Big Fish","player_choice":"Donut","floor":2.0,"damage_taken":0.0},{"event_name":"Shining Light","player_choice":"Entered Light","floor":3.0,"damage_taken":0.0},{"event_name":"Golden Wing","player_choice":"Card Removal","floor":5.0,"damage_taken":0.0},{"event_name":"World of Goop","player_choice":"Gather Gold","floor":10.0,"damage_taken":0.0},{"event_name":"Forgotten Altar","player_choice":"Smashed Altar","floor":28.0,"damage_taken":0.0},{"event_name":"Winding Halls","player_choice":"Embrace Madness","floor":36,"damage_taken":0},{"event_name":"Wheel of Change","player_choice":"Gold","floor":47,"damage_taken":0}],"boss_relics":[{"not_picked":["Tiny House","Velvet Choker"],"picked":"Philosopher\u0027s Stone"}],"items_purged_floors":[],"potions_floor_spawned":[1,12,16,18,25,27,29,33,35,41],"seed_played":"-8288286634455242155","killed_by":"Donu and Deca","ascension_level":1,"potions_obtained":[{"floor":1.0,"key":"Explosive Potion"},{"floor":12.0,"key":"EntropicBrew"},{"floor":16.0,"key":"SmokeBomb"},{"floor":18.0,"key":"Dexterity Potion"},{"floor":25.0,"key":"EssenceOfSteel"},{"floor":27.0,"key":"FocusPotion"},{"floor":29.0,"key":"Poison Potion"},{"floor":33.0,"key":"GamblersBrew"},{"floor":35,"key":"SkillPotion"},{"floor":41,"key":"Dexterity Potion"}],"is_trial":false}