{"gold_per_floor":[117,135,150,168,178,205,205,217,217,230,240,240,3,20,20,124,124,134,153,171,98,198,198,218,228,252,252,267,267,267,285,285,382,382,400,400,400,420,435,435,435,435,481,481,1,1,16,29,29,29],"floor_reached":51,"playtime":8108,"items_purged":["Strike_R","Strike_R"],"score":632,"play_id":"444d73d3-1325-476f-9d65-efdb5ff6289d","local_time":"20190221053833","is_ascension_mode":false,"campfire_choices":[{"data":"Inflame","floor":7.0,"key":"SMITH"},{"floor":12.0,"key":"REST"},{"data":"Flame Barrier","floor":15.0,"key":"SMITH"},{"floor":23.0,"key":"REST"},{"data":"Demon Form","floor":27.0,"key":"SMITH"},{"data":"Shrug It Off","floor":29.0,"key":"SMITH"},{"floor":32.0,"key":"REST"},{"floor":40,"key":"REST"},{"data":"Whirlwind","floor":42,"key":"SMITH"},{"data":"Metallicize","floor":46,"key":"SMITH"},{"data":"Shockwave","floor":49,"key":"SMITH"}],"neow_cost":"NONE","seed_source_timestamp":388892413293684,"circlet_count":0,"master_deck":["Strike_R","Strike_R","Strike_R","Defend_R","Defend_R","Defend_R","Defend_R","Bash","Dark Embrace","Sword Boomerang","Metallicize+1","Battle Trance","Inflame+1","Sword Boomerang","Demon Form+1","Flame Barrier+1","Offering","Shrug It Off+1","Clothesline+1","Ghostly Armor","Immolate","Heavy Blade+1","Intimidate","Flame Barrier","Heavy Blade+1","Whirlwind+1","Shockwave+1","Reaper","Disarm+1"],"special_seed":0,"relics":["Burning Blood","Gremlin Horn","Nunchaku","Cursed Key","Prayer Wheel","Bottled Tornado","Strawberry","Busted Crown","Anchor","Orichalcum","Dream Catcher"],"potions_floor_usage":[47,50,50],"damage_taken":[{"damage":15.0,"enemies":"Jaw Worm","floor":1.0,"turns":5.0},{"damage":5.0,"enemies":"Small Slimes","floor":2.0,"turns":5.0},{"damage":1.0,"enemies":"2 Louse","floor":3.0,"turns":4.0},{"damage":8.0,"enemies":"2 Fungi Beasts","floor":4.0,"turns":4.0},{"damage":13.0,"enemies":"Large Slime","floor":5.0,"turns":8.0},{"damage":36.0,"enemies":"Lagavulin","floor":6.0,"turns":8.0},{"damage":12.0,"enemies":"Looter","floor":8.0,"turns":4.0},{"damage":8.0,"enemies":"Exordium Thugs","floor":10.0,"turns":4.0},{"damage":10.0,"enemies":"Lots of Slimes","floor":11.0,"turns":3.0},{"damage":14.0,"enemies":"Gremlin Gang","floor":14.0,"turns":4.0},{"damage":17.0,"enemies":"Slime Boss","floor":16.0,"turns":8.0},{"damage":10.0,"enemies":"Shell Parasite","floor":18.0,"turns":3.0},{"damage":19.0,"enemies":"3 Byrds","floor":19.0,"turns":4.0},{"damage":11.0,"enemies":"Cultist and Chosen","floor":20.0,"turns":4.0},{"damage":28.0,"enemies":"Colosseum Slavers","floor":22.0,"turns":5.0},{"damage":12.0,"enemies":"Colosseum Nobs","floor":22.0,"turns":5.0},{"damage":22.0,"enemies":"Snake Plant","floor":24.0,"turns":4.0},{"damage":6.0,"enemies":"3 Cultists","floor":25.0,"turns":5.0},{"damage":0.0,"enemies":"Snecko","floor":28.0,"turns":5.0},{"damage":7.0,"enemies":"Centurion and Healer","floor":31.0,"turns":5.0},{"damage":20.0,"enemies":"Automaton","floor":33.0,"turns":6.0},{"damage":45.0,"enemies":"3 Darklings","floor":35.0,"turns":4.0},{"damage":18.0,"enemies":"Orb Walker","floor":38.0,"turns":3.0},{"damage":43.0,"enemies":"4 Shapes","floor":39.0,"turns":3.0},{"damage":30,"enemies":"Sphere and 2 Shapes","floor":47,"turns":8},{"damage":8,"enemies":"Maw","floor":48,"turns":6},{"damage":46,"enemies":"Awakened One","floor":50,"turns":9}],"seed_played":"7495095523978886985","potions_obtained":[{"floor":2.0,"key":"GamblersBrew"},{"floor":4.0,"key":"Fire Potion"},{"floor":5.0,"key":"Poison Potion"},{"floor":8.0,"key":"Poison Potion"},{"floor":11.0,"key":"LiquidBronze"},{"floor":14.0,"key":"Weak Potion"},{"floor":18.0,"key":"Poison Potion"},{"floor":20.0,"key":"Energy Potion"},{"floor":22.0,"key":"Dexterity Potion"},{"floor":33.0,"key":"Swift Potion"},{"floor":38.0,"key":"Weak Potion"},{"floor":39,"key":"SkillPotion"}],"is_trial":false,"path_per_floor":["M","M","M","M","M","E","R","M","T","M","M","R","$","M","R","B",null,"M","M","M","$","?","R","M","M","T","R","M","R","?","M","R","B",null,"M","?","?","M","M","R","?","R","T","?","$","R","M","M","R","B",null],"character_chosen":"IRONCLAD","items_purchased":["Demon Form","Ghostly Armor","Orichalcum","BloodPotion","Dream Catcher"],"campfire_rested":4,"item_purchase_floors":[13,21,45,45,45],"current_hp_per_floor":[71,72,77,75,68,38,38,32,32,30,26,50,50,42,42,31,80,76,63,58,58,30,54,38,38,45,45,51,51,51,50,76,62,87,78,78,78,73,36,62,62,62,62,62,62,62,71,77,77,67],"gold":29,"neow_bonus":"ONE_RANDOM_RARE_CARD","is_prod":false,"is_daily":false,"chose_seed":false,"campfire_upgraded":7,"win_rate":0,"timestamp":1550695113,"path_taken":["M","M","M","M","M","E","R","M","T","M","M","R","$","M","R","BOSS","M","M","M","$","?","R","M","M","T","R","M","R","?","?","R","BOSS","M","?","?","M","M","R","?","R","T","?","$","R","?","M","R","BOSS"],"build_version":"2019-01-23","purchased_purges":2,"victory":true,"max_hp_per_floor":[80,80,80,80,80,80,80,80,80,80,80,80,80,80,80,80,80,80,80,80,80,80,80,80,80,87,87,87,87,87,87,87,87,87,87,87,87,87,87,87,83,83,83,77,77,77,77,77,77,77],"card_choices":[{"not_picked":["Havoc","Sentinel"],"picked":"Sword Boomerang","floor":1.0},{"not_picked":["Uppercut","Blood for Blood"],"picked":"Metallicize","floor":2.0},{"not_picked":["Headbutt","Perfected Strike"],"picked":"Spot Weakness","floor":3.0},{"not_picked":["Anger","Wild Strike","Perfected Strike"],"picked":"SKIP","floor":4.0},{"not_picked":["Disarm","Armaments"],"picked":"Battle Trance","floor":5.0},{"not_picked":["Metallicize","Fiend Fire"],"picked":"Inflame","floor":6.0},{"not_picked":["Searing Blow","Spot Weakness"],"picked":"Sword Boomerang","floor":8.0},{"not_picked":["Inflame","Havoc","Combust"],"picked":"SKIP","floor":10.0},{"not_picked":["Warcry","Havoc","Body Slam"],"picked":"SKIP","floor":11.0},{"not_picked":["Clothesline","Body Slam"],"picked":"Flame Barrier","floor":14.0},{"not_picked":["Feed","Immolate"],"picked":"Offering","floor":16.0},{"not_picked":["Cleave","Flex","Thunderclap"],"picked":"SKIP","floor":18.0},{"not_picked":["Battle Trance","Flex"],"picked":"Shrug It Off","floor":19.0},{"not_picked":["Uppercut","Perfected Strike"],"picked":"Clothesline+1","floor":20.0},{"not_picked":["Power Through","Anger"],"picked":"Immolate","floor":22.0},{"not_picked":["Sword Boomerang+1","Inflame+1"],"picked":"Heavy Blade+1","floor":24.0},{"not_picked":["Body Slam","Pommel Strike+1","Warcry"],"picked":"SKIP","floor":24.0},{"not_picked":["Body Slam","Cleave+1"],"picked":"Intimidate","floor":25.0},{"not_picked":["Clothesline","Wild Strike","Rupture"],"picked":"SKIP","floor":25.0},{"not_picked":["Flex","Wild Strike"],"picked":"Flame Barrier","floor":28.0},{"not_picked":["Twin Strike","Armaments"],"picked":"Heavy Blade+1","floor":28.0},{"not_picked":["Havoc","Thunderclap"],"picked":"Whirlwind","floor":31.0},{"not_picked":["Bludgeon","Iron Wave"],"picked":"Shockwave","floor":31.0},{"not_picked":["Limit Break","Dark Embrace"],"picked":"Reaper","floor":33.0},{"not_picked":["Pommel Strike"],"picked":"SKIP","floor":35.0},{"not_picked":["Sentinel"],"picked":"SKIP","floor":35.0},{"not_picked":[],"picked":"Disarm+1","floor":38.0},{"not_picked":["Anger"],"picked":"SKIP","floor":38.0},{"not_picked":["Warcry+1"],"picked":"SKIP","floor":39},{"not_picked":["Iron Wave"],"picked":"SKIP","floor":39},{"not_picked":["Wild Strike"],"picked":"SKIP","floor":47},{"not_picked":["Havoc"],"picked":"SKIP","floor":47},{"not_picked":["Shrug It Off+1"],"picked":"SKIP","floor":48},{"not_picked":["Intimidate"],"picked":"SKIP","floor":48}],"player_experience":301428,"relics_obtained":[{"floor":6.0,"key":"Gremlin Horn"},{"floor":9.0,"key":"Nunchaku"},{"floor":22.0,"key":"Prayer Wheel"},{"floor":22.0,"key":"Bottled Tornado"},{"floor":26.0,"key":"Strawberry"},{"floor":43,"key":"Anchor"}],"event_choices":[{"damage_healed":0.0,"max_hp_gain":0.0,"max_hp_loss":0.0,"gold_gain":0.0,"event_name":"Colosseum","player_choice":"Fight","floor":22.0,"gold_loss":0.0,"damage_taken":0.0},{"damage_healed":0.0,"max_hp_gain":0.0,"max_hp_loss":0.0,"gold_gain":0.0,"event_name":"Colosseum","player_choice":"Fought Nobs","floor":22.0,"gold_loss":0.0,"damage_taken":0.0},{"damage_healed":0.0,"max_hp_gain":0.0,"max_hp_loss":0.0,"gold_gain":0.0,"event_name":"Ghosts","player_choice":"Ignored","floor":30.0,"gold_loss":0.0,"damage_taken":0.0},{"cards_removed":["Spot Weakness"],"damage_healed":0.0,"max_hp_gain":0.0,"max_hp_loss":0.0,"gold_gain":0.0,"event_name":"Falling","player_choice":"Removed Skill","floor":36.0,"gold_loss":0.0,"damage_taken":0.0},{"damage_healed":0.0,"max_hp_gain":0.0,"max_hp_loss":0.0,"gold_gain":0.0,"event_name":"Mysterious Sphere","player_choice":"Ignored","floor":37.0,"gold_loss":0.0,"damage_taken":0.0},{"damage_healed":0,"gold_gain":0,"player_choice":"Max HP","damage_taken":0,"max_hp_gain":0,"max_hp_loss":4,"event_name":"Winding Halls","floor":41,"gold_loss":0},{"cards_removed":["Parasite","Parasite"],"damage_healed":0,"gold_gain":0,"player_choice":"Removed Curses","damage_taken":0,"max_hp_gain":0,"max_hp_loss":0,"event_name":"Fountain of Cleansing","floor":44,"gold_loss":0}],"is_beta":false,"boss_relics":[{"not_picked":["Runic Pyramid","Ectoplasm"],"picked":"Cursed Key"},{"not_picked":["Mark of Pain","Eternal Feather"],"picked":"Busted Crown"}],"items_purged_floors":[13,45],"is_endless":false,"potions_floor_spawned":[2,4,5,8,11,14,18,20,22,33,38,39],"ascension_level":0}