{"gold_per_floor":[111,128,53,64,34,64,78,105,105,105,133,150,100,110,110,208,208,222,242,242,253,168,168,194,194],"floor_reached":25,"playtime":2166,"items_purged":["Strike_B"],"score":243,"play_id":"279dcc3a-882a-4a46-a3d4-7c3e87f3eec1","local_time":"20190125205420","is_ascension_mode":false,"campfire_choices":[{"data":"Zap","floor":10,"key":"SMITH"},{"floor":15,"key":"REST"},{"data":"Buffer","floor":23,"key":"SMITH"}],"neow_cost":"NONE","seed_source_timestamp":551934387918955,"circlet_count":0,"master_deck":["Strike_B","Strike_B","Defend_B","Defend_B","Defend_B","Defend_B","Zap+1","Dualcast","Self Repair","Force Field","Leap","Ball Lightning","Leap","Ball Lightning","Machine Learning","Buffer+1","Redo","Thunder Strike","Double Energy","Redo","Force Field","Ball Lightning"],"relics":["Cracked Core","Pen Nib","FossilizedHelix","Bottled Lightning","Matryoshka","Orrery","Ornamental Fan","Art of War"],"potions_floor_usage":[5,16,25,25,25],"damage_taken":[{"damage":1,"enemies":"Jaw Worm","floor":1,"turns":3},{"damage":4,"enemies":"2 Louse","floor":2,"turns":3},{"damage":10,"enemies":"Small Slimes","floor":4,"turns":3},{"damage":1,"enemies":"Looter","floor":5,"turns":4},{"damage":22,"enemies":"3 Sentries","floor":6,"turns":9},{"damage":8,"enemies":"Red Slaver","floor":7,"turns":4},{"damage":9,"enemies":"Lagavulin","floor":8,"turns":7},{"damage":31,"enemies":"Gremlin Nob","floor":11,"turns":5},{"damage":12,"enemies":"Exordium Thugs","floor":12,"turns":4},{"damage":12,"enemies":"Gremlin Gang","floor":14,"turns":4},{"damage":24,"enemies":"Slime Boss","floor":16,"turns":8},{"damage":31,"enemies":"3 Byrds","floor":18,"turns":5},{"damage":19,"enemies":"Shell Parasite","floor":19,"turns":6},{"damage":0,"enemies":"Snecko","floor":21,"turns":5},{"damage":18,"enemies":"Gremlin Leader","floor":24,"turns":7},{"damage":13,"enemies":"Colosseum Slavers","floor":25,"turns":4},{"damage":32,"enemies":"Colosseum Nobs","floor":25,"turns":5}],"seed_played":"814338734234990493","potions_obtained":[{"floor":1,"key":"SkillPotion"},{"floor":7,"key":"SpeedPotion"},{"floor":11,"key":"PowerPotion"},{"floor":12,"key":"FocusPotion"},{"floor":19,"key":"Weak Potion"}],"is_trial":false,"path_per_floor":["M","M","$","M","M","E","M","E","T","R","E","M","?","M","R","B",null,"M","M","?","M","?","R","E","?"],"character_chosen":"DEFECT","items_purchased":[],"campfire_rested":1,"item_purchase_floors":[],"current_hp_per_floor":[81,82,82,79,82,67,66,64,64,64,40,35,35,30,54,30,82,58,46,46,53,53,53,35,0],"gold":194,"neow_bonus":"TEN_PERCENT_HP_BONUS","is_prod":false,"is_daily":false,"chose_seed":false,"campfire_upgraded":2,"win_rate":0.0,"timestamp":1548446060,"path_taken":["M","M","$","M","M","E","M","E","T","R","E","M","?","M","R","BOSS","M","M","?","M","?","R","E","?"],"build_version":"2019-01-23","purchased_purges":1,"victory":false,"max_hp_per_floor":[82,82,82,82,82,82,82,82,82,82,82,82,82,82,82,82,82,82,82,82,82,82,82,82,82],"card_choices":[{"not_picked":["Go for the Eyes","Streamline"],"picked":"Self Repair","floor":1},{"not_picked":["Reprogram","Cold Snap"],"picked":"Force Field","floor":2},{"not_picked":["Ball Lightning","Genetic Algorithm"],"picked":"Leap","floor":4},{"not_picked":["Beam Cell","Hologram","Scrape"],"picked":"SKIP","floor":5},{"not_picked":["Recycle","Aggregate","All For One"],"picked":"SKIP","floor":6},{"not_picked":["Steam","Fusion"],"picked":"Ball Lightning","floor":7},{"not_picked":["Sweeping Beam","Fusion"],"picked":"Leap","floor":8},{"not_picked":["Steam","Compile Driver","Melter"],"picked":"SKIP","floor":11},{"not_picked":["Hologram","Gash"],"picked":"Ball Lightning","floor":12},{"not_picked":["Beam Cell","Self Repair"],"picked":"Machine Learning","floor":14},{"not_picked":["Fission","Rainbow"],"picked":"Buffer","floor":16},{"not_picked":["Compile Driver","Sweeping Beam"],"picked":"Redo","floor":17},{"not_picked":["Cold Snap","Stack"],"picked":"Thunder Strike","floor":17},{"not_picked":["Sweeping Beam","Beam Cell"],"picked":"Double Energy","floor":17},{"not_picked":["Recycle","Sweeping Beam"],"picked":"Redo","floor":18},{"not_picked":["Hologram+1","Genetic Algorithm"],"picked":"Force Field","floor":19},{"not_picked":["Go for the Eyes","Loop"],"picked":"Ball Lightning","floor":21},{"not_picked":["Force Field+1","Sunder","Double Energy"],"picked":"SKIP","floor":24}],"player_experience":69752,"relics_obtained":[{"floor":6,"key":"Pen Nib"},{"floor":8,"key":"FossilizedHelix"},{"floor":9,"key":"Bottled Lightning"},{"floor":11,"key":"Matryoshka"},{"floor":24,"key":"Art of War"}],"event_choices":[{"cards_removed":["Strike_B"],"damage_healed":0,"gold_gain":0,"player_choice":"Card Removal","damage_taken":0,"max_hp_gain":0,"max_hp_loss":0,"event_name":"The Cleric","floor":13,"gold_loss":50},{"damage_healed":0,"gold_gain":0,"player_choice":"Ignored","damage_taken":0,"max_hp_gain":0,"max_hp_loss":0,"event_name":"Vampires","floor":20,"gold_loss":0},{"damage_healed":0,"gold_gain":0,"player_choice":"Obtained Relic","damage_taken":0,"relics_obtained":["Ornamental Fan"],"max_hp_gain":0,"max_hp_loss":0,"event_name":"Addict","floor":22,"gold_loss":85},{"damage_healed":0,"gold_gain":0,"player_choice":"Fight","damage_taken":0,"max_hp_gain":0,"max_hp_loss":0,"event_name":"Colosseum","floor":25,"gold_loss":0},{"damage_healed":0,"gold_gain":0,"player_choice":"Fought Nobs","damage_taken":0,"max_hp_gain":0,"max_hp_loss":0,"event_name":"Colosseum","floor":25,"gold_loss":0}],"is_beta":false,"boss_relics":[{"not_picked":["Empty Cage","Velvet Choker"],"picked":"Orrery"}],"items_purged_floors":[3],"is_endless":false,"potions_floor_spawned":[1,7,11,12,19,21,24],"killed_by":"Colosseum Nobs","ascension_level":0}