{"gold_per_floor":[112,112,131,146,17,17,44,57,127,127,127],"floor_reached":11,"playtime":242,"items_purged":[],"score":131,"play_id":"85da32c1-ba0f-4035-b952-f98a2aab2459","local_time":"20190209174112","is_ascension_mode":true,"campfire_choices":[{"data":"Defragment","floor":6,"key":"SMITH"}],"neow_cost":"NONE","seed_source_timestamp":297964833520178,"circlet_count":0,"master_deck":["AscendersBane","Strike_B","Strike_B","Strike_B","Defend_B","Defend_B","Defend_B","Defend_B","Zap","Dualcast","Conserve Battery","Barrage","Defragment+1","Compile Driver","Rebound","strawberrySpire:NeonFlight","Beam Cell+1"],"relics":["Cracked Core","NeowsBlessing","aspiration:StickyExplosives","strawberrySpire:ShipInABottle"],"potions_floor_usage":[],"damage_taken":[{"damage":0,"enemies":"Cultist","floor":1,"turns":1},{"damage":0,"enemies":"2 Louse","floor":3,"turns":1},{"damage":0,"enemies":"Jaw Worm","floor":4,"turns":1},{"damage":33,"enemies":"Lagavulin","floor":7,"turns":7},{"damage":1,"enemies":"Exordium Thugs","floor":8,"turns":4},{"damage":0,"enemies":"3 Sentries","floor":11,"turns":1}],"seed_played":"7509934931433423687","potions_obtained":[{"floor":7,"key":"AttackPotion"}],"is_trial":false,"path_per_floor":["M","?","M","M","$","R","E","M","T","?","E"],"character_chosen":"DEFECT","items_purchased":["Defragment","Compile Driver"],"campfire_rested":0,"item_purchase_floors":[5,5],"current_hp_per_floor":[64,64,64,64,64,64,31,30,30,30,30],"gold":127,"neow_bonus":"THREE_ENEMY_KILL","is_prod":false,"is_daily":false,"chose_seed":false,"campfire_upgraded":1,"win_rate":0,"timestamp":1549694472,"path_taken":["M","?","M","?","$","R","E","M","T","?","E"],"build_version":"2019-01-23","purchased_purges":0,"victory":false,"max_hp_per_floor":[71,71,71,71,71,71,71,71,71,71,71],"card_choices":[{"not_picked":["Rebound","BasicCrystalCard"],"picked":"Conserve Battery","floor":1},{"not_picked":["Compile Driver","strawberrySpire:NeonFlight"],"picked":"ReplayTheSpireMod:Calculation Training","floor":3},{"not_picked":["FTL","Streamline"],"picked":"Barrage","floor":4},{"not_picked":["Gash","ReplayTheSpireMod:Repulse"],"picked":"Rebound","floor":7},{"not_picked":["ReplayTheSpireMod:Reroute Power","Panic Button"],"picked":"strawberrySpire:NeonFlight","floor":8}],"player_experience":412037,"relics_obtained":[{"floor":7,"key":"aspiration:StickyExplosives"},{"floor":9,"key":"strawberrySpire:ShipInABottle"}],"event_choices":[{"cards_removed":["Strike_B"],"damage_healed":0,"gold_gain":0,"player_choice":"Offered Basic","damage_taken":0,"max_hp_gain":0,"max_hp_loss":0,"event_name":"Bonfire Elementals","floor":2,"gold_loss":0}],"is_beta":false,"boss_relics":[],"items_purged_floors":[],"is_endless":false,"potions_floor_spawned":[7],"killed_by":"3 Sentries","ascension_level":16}