{"gold_per_floor":[116,18,33,33,145,192,223,235,247,273,285],"floor_reached":11,"playtime":448,"items_purged":[],"score":98,"play_id":"9f997ec8-ca77-4732-bcc8-787c822a2cd8","local_time":"20190121071630","is_ascension_mode":false,"campfire_choices":[{"data":"Neutralize","floor":8,"key":"SMITH"}],"neow_cost":"NONE","seed_source_timestamp":384698711675754,"circlet_count":0,"master_deck":["Defend_G","Defend_G","Defend_G","Defend_G","Defend_G","Strike_G","Strike_G","Strike_G","Strike_G","Strike_G","Survivor","Neutralize+1","PiercingWail","Deflect","Backflip","Deflect","Blur","Dodge and Roll","Footwork"],"relics":["Ring of the Snake","NeowsBlessing","MawBank","Oddly Smooth Stone"],"potions_floor_usage":[11],"damage_taken":[{"damage":0,"enemies":"Jaw Worm","floor":1,"turns":1},{"damage":0,"enemies":"2 Louse","floor":3,"turns":1},{"damage":0,"enemies":"Gremlin Nob","floor":6,"turns":1},{"damage":0,"enemies":"Cultist","floor":7,"turns":6},{"damage":0,"enemies":"3 Louse","floor":10,"turns":6},{"damage":36,"enemies":"Lagavulin","floor":11,"turns":23}],"seed_played":"895528908745455540","potions_obtained":[{"floor":6,"key":"Ancient Potion"},{"floor":7,"key":"Energy Potion"}],"is_trial":false,"path_per_floor":["M","$","M","?","?","E","M","R","T","M","E"],"character_chosen":"THE_SILENT","items_purchased":["Deflect","Backflip"],"campfire_rested":0,"item_purchase_floors":[2,2],"current_hp_per_floor":[70,70,70,58,58,58,58,58,58,58,22],"gold":285,"neow_bonus":"THREE_ENEMY_KILL","is_prod":false,"is_daily":false,"chose_seed":false,"campfire_upgraded":1,"win_rate":0,"timestamp":1548072990,"path_taken":["M","$","M","?","?","E","M","R","T","M","E"],"build_version":"2019-01-17v2","purchased_purges":0,"victory":false,"max_hp_per_floor":[70,70,70,70,70,70,70,70,70,70,70],"card_choices":[{"not_picked":["Quick Slash","Deadly Poison"],"picked":"PiercingWail","floor":1},{"not_picked":["Sucker Punch","Bouncing Flask"],"picked":"Deflect","floor":3},{"not_picked":["Grand Finale","Blade Dance"],"picked":"Blur","floor":6},{"not_picked":["Acrobatics","Poisoned Stab"],"picked":"Dodge and Roll","floor":7},{"not_picked":["Prepared","Heel Hook"],"picked":"Footwork","floor":10}],"player_experience":154565,"relics_obtained":[{"floor":6,"key":"Oddly Smooth Stone"}],"event_choices":[{"damage_healed":0,"gold_gain":0,"player_choice":"Success","damage_taken":12,"relics_obtained":["MawBank"],"max_hp_gain":0,"max_hp_loss":0,"event_name":"Scrap Ooze","floor":4,"gold_loss":0},{"damage_healed":0,"gold_gain":100,"player_choice":"Pray","damage_taken":0,"max_hp_gain":0,"max_hp_loss":0,"event_name":"Golden Shrine","floor":5,"gold_loss":0}],"is_beta":false,"boss_relics":[],"items_purged_floors":[],"is_endless":false,"potions_floor_spawned":[6,7],"killed_by":"Lagavulin","ascension_level":0}