{"gold_per_floor":[116,116,45,45,94,123,44,44,44,78,3,19,35,61,61,138,138,148,174,189,189,189,189,217,231,231,250,250,250],"floor_reached":29,"playtime":1193,"items_purged":["Strike_B"],"score":510,"play_id":"21b81213-3259-4876-83d1-79d435563b3b","local_time":"20190203223501","is_ascension_mode":true,"campfire_choices":[{"data":"Sunder","floor":8.0,"key":"SMITH"},{"data":"Defragment","floor":15.0,"key":"SMITH"},{"floor":23,"key":"REST"},{"floor":28,"key":"REST"}],"neow_cost":"NONE","seed_source_timestamp":159207451971305,"circlet_count":0,"master_deck":["AscendersBane","Defend_B+1","Defend_B+1","Defend_B+1","Defend_B+1","Zap+1","Dualcast","Ball Lightning","Sunder+1","Stack","Defragment+1","Capacitor","Cold Snap","Glacier","Redo","Conserve Battery","Consume","Fission","Beam Cell+1","Blizzard+1","Stack+1","Coolheaded","Defragment","Core Surge","Go for the Eyes","FTL+1","Machine Learning","Loop","Conserve Battery","White Noise"],"special_seed":0,"relics":["Cracked Core","NeowsBlessing","Happy Flower","Pantograph","Gambling Chip","Prayer Wheel","Omamori","Astrolabe","Red Mask","Letter Opener","Symbiotic Virus"],"potions_floor_usage":[24],"damage_taken":[{"damage":0.0,"enemies":"Small Slimes","floor":1.0,"turns":1.0},{"damage":0.0,"enemies":"Lagavulin","floor":6.0,"turns":1.0},{"damage":0.0,"enemies":"Gremlin Nob","floor":10.0,"turns":1.0},{"damage":0.0,"enemies":"Cultist","floor":12.0,"turns":2.0},{"damage":0.0,"enemies":"Jaw Worm","floor":13.0,"turns":2.0},{"damage":9.0,"enemies":"Lagavulin","floor":14.0,"turns":7.0},{"damage":13.0,"enemies":"Slime Boss","floor":16.0,"turns":7.0},{"damage":7.0,"enemies":"Shell Parasite","floor":18.0,"turns":7.0},{"damage":56,"enemies":"Masked Bandits","floor":19,"turns":6},{"damage":0,"enemies":"Chosen","floor":20,"turns":7},{"damage":10,"enemies":"Slavers","floor":24,"turns":7},{"damage":20,"enemies":"3 Cultists","floor":25,"turns":5},{"damage":7,"enemies":"Centurion and Healer","floor":27,"turns":6},{"damage":41,"enemies":"Gremlin Leader","floor":29,"turns":4}],"seed_played":"8096483513125925845","potions_obtained":[{"floor":6.0,"key":"FairyPotion"},{"floor":12.0,"key":"Strength Potion"},{"floor":13.0,"key":"Fruit Juice"},{"floor":14.0,"key":"Energy Potion"},{"floor":18.0,"key":"Weak Potion"},{"floor":19,"key":"FocusPotion"}],"is_trial":false,"path_per_floor":["M","?","$","$","T","E","$","R","T","E","$","M","M","E","R","B",null,"M","?","M","?","?","R","E","M","T","M","R","E"],"character_chosen":"DEFECT","items_purchased":["Sunder","Defragment"],"campfire_rested":2,"item_purchase_floors":[3,7],"current_hp_per_floor":[68,68,68,68,68,68,68,68,68,68,68,68,73,64,64,67,77,70,14,14,14,14,38,28,8,8,1,25,0],"gold":250,"neow_bonus":"THREE_ENEMY_KILL","is_prod":false,"is_daily":false,"chose_seed":false,"campfire_upgraded":2,"win_rate":0,"timestamp":1549254901,"path_taken":["M","?","?","$","?","E","$","R","T","E","?","M","?","E","R","BOSS","M","?","M","?","?","R","E","M","T","?","R","E"],"build_version":"2019-01-23","purchased_purges":1,"victory":false,"max_hp_per_floor":[75,75,75,75,75,75,75,75,75,75,75,75,80,80,80,80,80,80,80,80,80,80,80,80,80,80,80,80,80],"card_choices":[{"not_picked":["Sweeping Beam","Static Discharge"],"picked":"Ball Lightning","floor":1.0},{"not_picked":["Hologram","Sunder"],"picked":"Stack","floor":6.0},{"not_picked":["Barrage","Amplify"],"picked":"Capacitor","floor":10.0},{"not_picked":["Scrape","Chill"],"picked":"Cold Snap","floor":12.0},{"not_picked":["Barrage","Recycle"],"picked":"Glacier","floor":12.0},{"not_picked":["Barrage","Reprogram"],"picked":"Redo","floor":13.0},{"not_picked":["Hologram","Beam Cell"],"picked":"Conserve Battery","floor":13.0},{"not_picked":["Blizzard","Cold Snap"],"picked":"Consume","floor":14.0},{"not_picked":["Multi-Cast","Meteor Strike"],"picked":"Fission","floor":16.0},{"not_picked":["Barrage","Gash"],"picked":"Coolheaded","floor":18.0},{"not_picked":["Streamline","Gash"],"picked":"Defragment","floor":18.0},{"not_picked":["Ball Lightning","Blizzard"],"picked":"Core Surge","floor":19},{"not_picked":["Storm","Barrage"],"picked":"Go for the Eyes","floor":20},{"not_picked":["Consume","Rebound+1","Gash"],"picked":"SKIP","floor":20},{"not_picked":["Consume+1","Lockon+1"],"picked":"FTL+1","floor":24},{"not_picked":["Rebound","Stack+1"],"picked":"Machine Learning","floor":25},{"not_picked":["Streamline","Heatsinks+1"],"picked":"Loop","floor":25},{"not_picked":["Genetic Algorithm","Loop"],"picked":"Conserve Battery","floor":27},{"not_picked":["Redo","Barrage"],"picked":"White Noise","floor":27}],"player_experience":167552,"relics_obtained":[{"floor":5.0,"key":"Happy Flower"},{"floor":6.0,"key":"Pantograph"},{"floor":9.0,"key":"Gambling Chip"},{"floor":10.0,"key":"Prayer Wheel"},{"floor":14.0,"key":"Omamori"},{"floor":19,"key":"Red Mask"},{"floor":24,"key":"Letter Opener"},{"floor":26,"key":"Symbiotic Virus"}],"event_choices":[{"damage_healed":0.0,"max_hp_gain":0.0,"max_hp_loss":0.0,"gold_gain":0.0,"event_name":"Upgrade Shrine","player_choice":"Upgraded","floor":2.0,"gold_loss":0.0,"damage_taken":0.0,"cards_upgraded":["Zap"]},{"damage_healed":0,"gold_gain":0,"player_choice":"Fought Bandits","damage_taken":0,"max_hp_gain":0,"max_hp_loss":0,"event_name":"Masked Bandits","floor":19,"gold_loss":0},{"damage_healed":0,"gold_gain":0,"player_choice":"Simplicity","damage_taken":0,"max_hp_gain":0,"max_hp_loss":0,"event_name":"Back to Basics","floor":21,"gold_loss":0,"cards_upgraded":["Defend_B","Defend_B","Defend_B","Defend_B"]},{"damage_healed":0,"gold_gain":0,"player_choice":"Ignored","damage_taken":0,"max_hp_gain":0,"max_hp_loss":0,"event_name":"Ghosts","floor":22,"gold_loss":0}],"is_beta":false,"boss_relics":[{"not_picked":["Black Star","Runic Pyramid"],"picked":"Astrolabe"}],"items_purged_floors":[11],"is_endless":false,"potions_floor_spawned":[6,12,13,14,18,19,20],"killed_by":"Gremlin Leader","ascension_level":13}