{"gold_per_floor":[367,46,46,65,75,75,108,126,126,126],"floor_reached":10,"playtime":993,"items_purged":[],"score":71,"play_id":"e6700b3b-0f86-4758-a398-c27e8fdcc9ce","local_time":"20190218210427","is_ascension_mode":true,"campfire_choices":[],"neow_cost":"PERCENT_DAMAGE","seed_source_timestamp":2442728307538,"circlet_count":0,"master_deck":["Strike_R","Strike_R","Strike_R","Strike_R","Defend_R","Defend_R","Defend_R","Defend_R","Bash","Shockwave+1","Pommel Strike"],"relics":["Burning Blood","Toxic Egg 2","Golden Idol","Smiling Mask"],"potions_floor_usage":[7,7,10],"damage_taken":[{"damage":2,"enemies":"Small Slimes","floor":1,"turns":4},{"damage":0,"enemies":"Cultist","floor":4,"turns":3},{"damage":6,"enemies":"Jaw Worm","floor":5,"turns":6},{"damage":36,"enemies":"3 Sentries","floor":7,"turns":13},{"damage":4,"enemies":"Blue Slaver","floor":8,"turns":4},{"damage":20,"enemies":"Lagavulin","floor":10,"turns":4}],"seed_played":"-8160677721691876548","potions_obtained":[{"floor":4,"key":"Energy Potion"},{"floor":5,"key":"Poison Potion"},{"floor":7,"key":"PowerPotion"}],"is_trial":false,"path_per_floor":["M","$","?","M","M","?","E","M","T","E"],"character_chosen":"IRONCLAD","items_purchased":["Toxic Egg 2","Shockwave+1"],"campfire_rested":0,"item_purchase_floors":[2,2],"current_hp_per_floor":[60,60,60,66,66,46,16,18,18,0],"gold":126,"neow_bonus":"TWO_FIFTY_GOLD","is_prod":false,"is_daily":false,"chose_seed":false,"campfire_upgraded":0,"win_rate":0,"timestamp":1550520267,"path_taken":["M","$","?","?","M","?","E","M","T","E"],"build_version":"2019-01-23","purchased_purges":0,"victory":false,"max_hp_per_floor":[80,80,80,80,80,80,80,80,80,80],"card_choices":[{"not_picked":["Armaments","Feel No Pain","Evolve"],"picked":"SKIP","floor":1},{"not_picked":["Perfected Strike","Sword Boomerang","Sentinel+1"],"picked":"SKIP","floor":4},{"not_picked":["Cleave","Headbutt","Pummel"],"picked":"SKIP","floor":5},{"not_picked":["Flex+1","Heavy Blade"],"picked":"Pommel Strike","floor":7},{"not_picked":["Heavy Blade","Sword Boomerang","Armaments+1"],"picked":"SKIP","floor":8}],"player_experience":200786,"relics_obtained":[{"floor":7,"key":"Smiling Mask"}],"event_choices":[{"cards_removed":["Strike_R"],"damage_healed":0,"gold_gain":0,"player_choice":"Purged","damage_taken":0,"max_hp_gain":0,"max_hp_loss":0,"event_name":"Purifier","floor":3,"gold_loss":0},{"damage_healed":0,"gold_gain":0,"player_choice":"Take Damage","damage_taken":20,"relics_obtained":["Golden Idol"],"max_hp_gain":0,"max_hp_loss":0,"event_name":"Golden Idol","floor":6,"gold_loss":0}],"is_beta":false,"boss_relics":[],"items_purged_floors":[],"is_endless":false,"potions_floor_spawned":[4,5,7],"killed_by":"Lagavulin","ascension_level":1}