{"gold_per_floor":[418,435,435,452,466,466,81,81,104,104,115,115,129,142,142,219,219,189,207,257,172,14,14,30,30,109,129,129,181,198,218,218,295,295,315,183,195,21,21,53,53,81,108,108,120,120,137,218,218,218],"floor_reached":51,"playtime":4046,"items_purged":["Strike_G","Strike_G"],"score":1343,"play_id":"ed05d163-648a-4622-9908-bb222c7ae537","local_time":"20190109203050","is_ascension_mode":true,"campfire_choices":[{"floor":6.0,"key":"REST"},{"data":"Noxious Fumes","floor":8.0,"key":"SMITH"},{"data":"Noxious Fumes","floor":10.0,"key":"SMITH"},{"floor":15.0,"key":"REST"},{"data":"Burst","floor":23.0,"key":"SMITH"},{"data":"Catalyst","floor":25.0,"key":"SMITH"},{"data":"Good Instincts","floor":28.0,"key":"SMITH"},{"data":"Footwork","floor":32.0,"key":"SMITH"},{"data":"Strike_G","floor":41.0,"key":"PURGE"},{"data":"Strike_G+1","floor":49,"key":"PURGE"}],"neow_cost":"CURSE","seed_source_timestamp":3463392247038,"circlet_count":0,"master_deck":["AscendersBane","Defend_G+1","Defend_G+1","Defend_G+1","Defend_G+1","Defend_G+1","Strike_G+1","Survivor+1","Neutralize+1","Noxious Fumes+1","Deadly Poison+1","Burst+1","Noxious Fumes+1","After Image+1","PiercingWail+1","Venomology+1","Prepared+1","Catalyst+1","Footwork+1","Good Instincts+1","Concentrate+1","Adrenaline+1","PiercingWail+1","Catalyst+1","Mayhem+1","Blur+1","Bouncing Flask+1","Leg Sweep+1"],"special_seed":0,"relics":["Ring of the Snake","Old Coin","Membership Card","GremlinMask","Runic Pyramid","Centennial Puzzle","Tiny Chest","Strawberry","Fusion Hammer","Toxic Egg 2","Peace Pipe","Meat on the Bone","Mango","Anchor","Darkstone Periapt","Mark of the Bloom","Sundial"],"potions_floor_usage":[50,50,50],"damage_taken":[{"damage":17.0,"enemies":"Jaw Worm","floor":1.0,"turns":7.0},{"damage":0.0,"enemies":"Cultist","floor":2.0,"turns":4.0},{"damage":1.0,"enemies":"2 Louse","floor":4.0,"turns":3.0},{"damage":14.0,"enemies":"Red Slaver","floor":5.0,"turns":5.0},{"damage":13.0,"enemies":"Large Slime","floor":11.0,"turns":7.0},{"damage":0.0,"enemies":"Blue Slaver","floor":13.0,"turns":5.0},{"damage":4.0,"enemies":"Red Slaver","floor":14.0,"turns":5.0},{"damage":18.0,"enemies":"Hexaghost","floor":16.0,"turns":8.0},{"damage":19.0,"enemies":"2 Thieves","floor":18.0,"turns":4.0},{"damage":0.0,"enemies":"3 Byrds","floor":19.0,"turns":5.0},{"damage":0.0,"enemies":"Snake Plant","floor":24.0,"turns":6.0},{"damage":10.0,"enemies":"Centurion and Healer","floor":27.0,"turns":7.0},{"damage":13.0,"enemies":"Shelled Parasite and Fungi","floor":30.0,"turns":5.0},{"damage":17.0,"enemies":"Snake Plant","floor":31.0,"turns":3.0},{"damage":1.0,"enemies":"Automaton","floor":33.0,"turns":7.0},{"damage":0.0,"enemies":"3 Shapes","floor":35.0,"turns":7.0},{"damage":3.0,"enemies":"Orb Walker","floor":37.0,"turns":5.0},{"damage":4.0,"enemies":"Reptomancer","floor":40.0,"turns":5.0},{"damage":0.0,"enemies":"Nemesis","floor":42.0,"turns":5.0},{"damage":3.0,"enemies":"4 Shapes","floor":45.0,"turns":6.0},{"damage":0,"enemies":"3 Darklings","floor":47,"turns":5},{"damage":22,"enemies":"Time Eater","floor":50,"turns":6}],"seed_played":"-713276233866370339","potions_obtained":[{"floor":1.0,"key":"Weak Potion"},{"floor":5.0,"key":"LiquidBronze"},{"floor":11.0,"key":"EssenceOfSteel"},{"floor":19.0,"key":"PowerPotion"},{"floor":27.0,"key":"Regen Potion"},{"floor":35.0,"key":"EntropicBrew"},{"floor":40.0,"key":"Poison Potion"},{"floor":45.0,"key":"Ancient Potion"}],"is_trial":false,"path_per_floor":["M","M","?","M","M","R","$","R","T","R","M","?","M","M","R","B",null,"M","M","?","?","$","R","M","R","T","M","R","T","M","M","R","B",null,"M","$","M","$","T","E","R","E","T","T","M","?","M","T","R","B",null],"character_chosen":"THE_SILENT","items_purchased":["Membership Card","Burst","Noxious Fumes","Catalyst","Footwork","Good Instincts","Catalyst","Mayhem","Toxic Egg 2","Blur+1"],"campfire_rested":2,"item_purchase_floors":[7,7,7,22,22,22,36,36,38,38],"current_hp_per_floor":[42,42,42,41,27,46,46,46,46,46,33,33,33,29,48,30,57,38,53,53,53,53,53,53,53,53,43,43,50,51,34,34,33,63,63,63,72,72,72,68,68,82,82,82,79,79,79,79,79,57],"gold":218,"neow_bonus":"ONE_RARE_RELIC","is_prod":false,"is_daily":false,"chose_seed":false,"campfire_upgraded":6,"win_rate":0,"timestamp":1547062250,"path_taken":["M","M","?","M","?","R","$","R","T","R","M","?","M","M","R","BOSS","M","M","?","?","$","R","M","R","T","M","R","?","M","M","R","BOSS","M","$","M","$","?","E","R","E","T","?","M","?","M","?","R","BOSS"],"build_version":"2019-01-03v4","purchased_purges":2,"victory":true,"max_hp_per_floor":[66,66,66,66,66,66,66,66,66,66,66,66,66,66,66,66,66,66,66,66,66,66,66,66,66,66,66,66,73,73,73,73,73,73,73,73,73,73,73,73,73,87,87,87,87,87,87,87,87,87],"card_choices":[{"not_picked":["Blade Dance","Bouncing Flask"],"picked":"Noxious Fumes","floor":1.0},{"not_picked":["Setup","Choke","Infinite Blades"],"picked":"SKIP","floor":2.0},{"not_picked":["Predator","Expertise"],"picked":"Deadly Poison","floor":4.0},{"not_picked":["Tactician","Acrobatics","Bane"],"picked":"SKIP","floor":5.0},{"not_picked":["Dash","Underhanded Strike"],"picked":"After Image","floor":11.0},{"not_picked":["Flying Knee","Endless Agony","Eviscerate"],"picked":"SKIP","floor":13.0},{"not_picked":["Bane","Outmaneuver"],"picked":"PiercingWail","floor":14.0},{"not_picked":["Tools of the Trade","Envenom"],"picked":"Venomology","floor":16.0},{"not_picked":["Quick Slash","Backflip"],"picked":"Prepared","floor":18.0},{"not_picked":["Backstab","Sucker Punch","Riddle With Holes"],"picked":"SKIP","floor":19.0},{"not_picked":["Dagger Throw","Bane","Well Laid Plans+1"],"picked":"SKIP","floor":24.0},{"not_picked":["Dagger Throw","Heel Hook"],"picked":"Concentrate","floor":27.0},{"not_picked":["Bane","Backstab","Backflip"],"picked":"SKIP","floor":30.0},{"not_picked":["Endless Agony","Prepared","Slice+1"],"picked":"SKIP","floor":31.0},{"not_picked":["Storm of Steel","Tools of the Trade"],"picked":"Adrenaline","floor":33.0},{"not_picked":["Acrobatics","Caltrops"],"picked":"PiercingWail","floor":35.0},{"not_picked":["Dodge and Roll","Outmaneuver+1","Blade Dance+1"],"picked":"SKIP","floor":37.0},{"not_picked":["Underhanded Strike","Outmaneuver+1"],"picked":"Bouncing Flask+1","floor":40.0},{"not_picked":["Deadly Poison+1","PiercingWail+1"],"picked":"Leg Sweep+1","floor":42.0},{"not_picked":["Acrobatics+1","Envenom","Choke"],"picked":"SKIP","floor":45.0},{"not_picked":["Poisoned Stab","Calculated Gamble+1","Prepared+1"],"picked":"SKIP","floor":47}],"player_experience":705634,"relics_obtained":[{"floor":26.0,"key":"Tiny Chest"},{"floor":29.0,"key":"Strawberry"},{"floor":39.0,"key":"Peace Pipe"},{"floor":40.0,"key":"Meat on the Bone"},{"floor":42.0,"key":"Mango"},{"floor":43.0,"key":"Anchor"},{"floor":44.0,"key":"Darkstone Periapt"},{"floor":48,"key":"Sundial"}],"event_choices":[{"cards_removed":["Regret"],"damage_healed":0.0,"max_hp_gain":0.0,"max_hp_loss":0.0,"gold_gain":0.0,"event_name":"Fountain of Cleansing","player_choice":"Removed Curses","floor":3.0,"gold_loss":0.0,"damage_taken":0.0},{"damage_healed":0.0,"max_hp_gain":0.0,"max_hp_loss":0.0,"gold_gain":0.0,"event_name":"FaceTrader","player_choice":"Trade","floor":12.0,"gold_loss":0.0,"damage_taken":0.0,"relics_obtained":["GremlinMask"]},{"damage_healed":0.0,"max_hp_gain":0.0,"max_hp_loss":0.0,"gold_gain":50.0,"event_name":"Nest","player_choice":"Stole From Cult","floor":20.0,"gold_loss":0.0,"damage_taken":0.0},{"damage_healed":0.0,"max_hp_gain":0.0,"max_hp_loss":0.0,"gold_gain":0.0,"event_name":"Addict","player_choice":"Obtained Relic","floor":21.0,"gold_loss":85.0,"damage_taken":0.0,"relics_obtained":["Centennial Puzzle"]},{"damage_healed":0.0,"max_hp_gain":0.0,"max_hp_loss":0.0,"gold_gain":0.0,"event_name":"MindBloom","player_choice":"Upgrade","floor":46.0,"gold_loss":0.0,"damage_taken":0.0,"cards_upgraded":["Defend_G","Defend_G","Defend_G","Defend_G","Defend_G","Strike_G","Strike_G","Survivor","Neutralize","Deadly Poison","After Image","PiercingWail","Venomology","Prepared","Concentrate","Adrenaline","PiercingWail","Catalyst","Mayhem"],"relics_obtained":["Mark of the Bloom"]}],"is_beta":false,"boss_relics":[{"not_picked":["HoveringKite","Calling Bell"],"picked":"Runic Pyramid"},{"not_picked":["Runic Dome","Empty Cage"],"picked":"Fusion Hammer"}],"items_purged_floors":[7,22],"is_endless":false,"potions_floor_spawned":[1,5,11,13,19,27,35,37,40,45],"ascension_level":17}