{"gold_per_floor":[113,113,38,38,54,54,80,93,171,171,181,216,31,7,7,108,108,119,34,51,24,35,35,60,60,84,109,109,109,109],"floor_reached":30,"playtime":698,"items_purged":["Strike_B"],"score":438,"play_id":"6b5ef6fe-a294-4e55-98c1-fb311b57c899","local_time":"20190219150337","is_ascension_mode":true,"campfire_choices":[{"data":"Defragment","floor":6,"key":"SMITH"},{"floor":10,"key":"REST"},{"floor":15,"key":"REST"},{"floor":23,"key":"REST"},{"floor":25,"key":"REST"},{"floor":29,"key":"REST"}],"neow_cost":"NONE","seed_source_timestamp":11619648390571,"circlet_count":0,"master_deck":["AscendersBane","Strike_B","Strike_B","Defend_B","Defend_B","Defend_B","Defend_B","Zap+1","Dualcast","Gash","Defragment+1","Gash","Static Discharge","Scrape","Stack","FTL","Ball Lightning","Echo Form","Defragment","Turbo"],"relics":["Cracked Core","Happy Flower","Letter Opener","DataDisk","Omamori","Busted Crown","StoneCalendar","Art of War","Orichalcum","Bottled Flame"],"potions_floor_usage":[12,12,24],"damage_taken":[{"damage":0,"enemies":"2 Louse","floor":1,"turns":3},{"damage":12,"enemies":"Jaw Worm","floor":5,"turns":3},{"damage":35,"enemies":"3 Sentries","floor":7,"turns":7},{"damage":5,"enemies":"Small Slimes","floor":8,"turns":3},{"damage":6,"enemies":"Blue Slaver","floor":11,"turns":3},{"damage":28,"enemies":"Gremlin Nob","floor":12,"turns":4},{"damage":21,"enemies":"Hexaghost","floor":16,"turns":5},{"damage":9,"enemies":"3 Byrds","floor":18,"turns":3},{"damage":6,"enemies":"Spheric Guardian","floor":20,"turns":3},{"damage":33,"enemies":"Snake Plant","floor":22,"turns":2},{"damage":8,"enemies":"Gremlin Leader","floor":24,"turns":7},{"damage":40,"enemies":"Slavers","floor":27,"turns":4},{"damage":44,"enemies":"Shelled Parasite and Fungi","floor":30,"turns":3}],"seed_played":"1994117628788915351","potions_obtained":[{"floor":7,"key":"PowerPotion"},{"floor":11,"key":"Regen Potion"},{"floor":16,"key":"Energy Potion"},{"floor":22,"key":"SkillPotion"}],"is_trial":false,"path_per_floor":["M","?","$","?","M","R","E","M","T","R","M","E","$","$","R","B",null,"M","?","M","$","M","R","E","R","T","E","?","R","M"],"character_chosen":"DEFECT","items_purchased":["Omamori","FTL","Ball Lightning","Turbo"],"campfire_rested":5,"item_purchase_floors":[13,13,14,21],"current_hp_per_floor":[68,68,68,73,61,61,26,21,21,45,39,23,23,23,47,26,67,58,58,52,52,19,43,35,59,59,19,19,43,0],"gold":109,"neow_bonus":"UPGRADE_CARD","is_prod":false,"is_daily":false,"chose_seed":false,"campfire_upgraded":1,"win_rate":0,"timestamp":1550606617,"path_taken":["M","?","$","?","M","R","E","M","T","R","M","E","?","$","R","BOSS","M","?","M","$","M","R","E","R","T","E","?","R","M"],"build_version":"2019-01-23","purchased_purges":1,"victory":false,"max_hp_per_floor":[75,75,75,80,80,80,80,80,80,80,80,80,80,80,80,80,80,80,80,80,80,80,80,80,80,80,80,80,80,80],"card_choices":[{"not_picked":["Turbo","Compile Driver"],"picked":"Gash","floor":1},{"not_picked":["Leap","Stack"],"picked":"Gash","floor":5},{"not_picked":["Compile Driver","Melter"],"picked":"Static Discharge","floor":7},{"not_picked":["Leap","Steam"],"picked":"Scrape","floor":8},{"not_picked":["Biased Cognition","Turbo","Consume"],"picked":"SKIP","floor":11},{"not_picked":["Leap","Compile Driver"],"picked":"Stack","floor":12},{"not_picked":["Reboot","Fission"],"picked":"Echo Form","floor":16},{"not_picked":["Scrape"],"picked":"SKIP","floor":18},{"not_picked":[],"picked":"Defragment","floor":20},{"not_picked":["Compile Driver"],"picked":"SKIP","floor":22},{"not_picked":["Blizzard"],"picked":"SKIP","floor":24},{"not_picked":["Reprogram"],"picked":"SKIP","floor":27}],"player_experience":549197,"relics_obtained":[{"floor":7,"key":"Happy Flower"},{"floor":9,"key":"Letter Opener"},{"floor":12,"key":"DataDisk"},{"floor":24,"key":"Art of War"},{"floor":26,"key":"Orichalcum"},{"floor":27,"key":"Bottled Flame"}],"event_choices":[{"damage_healed":0,"gold_gain":0,"cards_transformed":["Strike_B"],"player_choice":"Change","damage_taken":0,"max_hp_gain":0,"max_hp_loss":0,"event_name":"Living Wall","floor":2,"gold_loss":0,"cards_obtained":["Defragment"]},{"damage_healed":0,"gold_gain":0,"player_choice":"Donut","damage_taken":0,"max_hp_gain":5,"max_hp_loss":0,"event_name":"Big Fish","floor":4,"gold_loss":0},{"damage_healed":0,"gold_gain":0,"player_choice":"Obtained Relic","damage_taken":0,"relics_obtained":["StoneCalendar"],"max_hp_gain":0,"max_hp_loss":0,"event_name":"Addict","floor":19,"gold_loss":85},{"damage_healed":0,"gold_gain":0,"player_choice":"Ignored","damage_taken":0,"max_hp_gain":0,"max_hp_loss":0,"event_name":"Ghosts","floor":28,"gold_loss":0}],"is_beta":false,"boss_relics":[{"not_picked":["Snecko Eye","Ectoplasm"],"picked":"Busted Crown"}],"items_purged_floors":[3],"is_endless":false,"potions_floor_spawned":[7,11,16,22],"killed_by":"Shelled Parasite and Fungi","ascension_level":12}