{"gold_per_floor":[116,116,132,145,420,449,449,18,18,48,63,81,92,111,111,206,206,177,187,187,287,300,300,333,348,348,377,377,377,41,41,41,141,141,159,175,190,32,42,42,74,74,129,143,178,128,147,164,164,164],"floor_reached":51,"playtime":3140,"items_purged":["Regret","Strike_R+1","Armaments"],"score":910,"play_id":"faa74687-5813-44e3-b53f-acc07556cb0f","local_time":"20190104201709","is_ascension_mode":true,"campfire_choices":[{"data":"Body Slam","floor":7,"key":"SMITH"},{"floor":15,"key":"REST"},{"floor":23,"key":"REST"},{"floor":28,"key":"REST"},{"data":"Entrench","floor":32,"key":"SMITH"},{"data":"Seeing Red","floor":40,"key":"SMITH"},{"data":"Dual Wield","floor":42,"key":"SMITH"},{"floor":49,"key":"RECALL"}],"neow_cost":"NONE","seed_source_timestamp":459888385495297,"circlet_count":0,"master_deck":["Strike_R+1","Strike_R+1","Strike_R+1","Strike_R+1","Defend_R+1","Defend_R+1","Defend_R+1","Defend_R+1","Bash","Entrench+1","Body Slam+1","Thunderclap","Armaments","Metallicize","Headbutt+1","Thunderclap+1","Twin Strike+1","Metallicize+1","Dual Wield+1","Reaper+1","Iron Wave+1","Clothesline+1","Dropkick+1","Twin Strike+1","Master of Strategy","Inflame+1","Reaper+1","Barricade+1","Seeing Red+1","Power Through+1","Seeing Red","Metallicize+1","Seeing Red","Shrug It Off+1","Limit Break","Power Through+1","Metallicize+1","Body Slam+1"],"relics":["Burning Blood","Red Skull","Regal Pillow","Ice Cream","Frozen Egg 2","Molten Egg 2","Lizard Tail","Nunchaku","Meat on the Bone","Strawberry","Shuriken","Bottled Lightning","Bird Faced Urn","Philosopher\u0027s Stone","Magic Flower","Smiling Mask"],"potions_floor_usage":[10,12,16,16,18,21,22,44,50],"damage_taken":[{"damage":10,"enemies":"Small Slimes","floor":1,"turns":3},{"damage":6,"enemies":"Cultist","floor":3,"turns":3},{"damage":8,"enemies":"Jaw Worm","floor":4,"turns":5},{"damage":51,"enemies":"3 Sentries","floor":6,"turns":9},{"damage":25,"enemies":"Gremlin Nob","floor":10,"turns":4},{"damage":12,"enemies":"Lots of Slimes","floor":11,"turns":3},{"damage":9,"enemies":"Red Slaver","floor":12,"turns":2},{"damage":0,"enemies":"Large Slime","floor":13,"turns":3},{"damage":6,"enemies":"Exordium Thugs","floor":14,"turns":2},{"damage":37,"enemies":"Hexaghost","floor":16,"turns":9},{"damage":41,"enemies":"2 Thieves","floor":18,"turns":5},{"damage":31,"enemies":"Spheric Guardian","floor":19,"turns":7},{"damage":14,"enemies":"Colosseum Slavers","floor":21,"turns":4},{"damage":30,"enemies":"Colosseum Nobs","floor":21,"turns":5},{"damage":31,"enemies":"Shelled Parasite and Fungi","floor":22,"turns":7},{"damage":53,"enemies":"Book of Stabbing","floor":24,"turns":8},{"damage":32,"enemies":"Snake Plant","floor":25,"turns":3},{"damage":20,"enemies":"Slavers","floor":27,"turns":3},{"damage":98,"enemies":"Collector","floor":33,"turns":11},{"damage":4,"enemies":"Orb Walker","floor":35,"turns":2},{"damage":49,"enemies":"3 Darklings","floor":36,"turns":5},{"damage":29,"enemies":"Transient","floor":37,"turns":5},{"damage":24,"enemies":"Jaw Worm Horde","floor":39,"turns":6},{"damage":1,"enemies":"Giant Head","floor":41,"turns":9},{"damage":86,"enemies":"4 Shapes","floor":44,"turns":3},{"damage":41,"enemies":"Reptomancer","floor":45,"turns":6},{"damage":10,"enemies":"Writhing Mass","floor":47,"turns":5},{"damage":15,"enemies":"Spire Growth","floor":48,"turns":4},{"damage":92,"enemies":"Awakened One","floor":50,"turns":14}],"seed_played":"2261519228741304573","potions_obtained":[{"floor":1,"key":"EssenceOfSteel"},{"floor":2,"key":"BloodPotion"},{"floor":2,"key":"LiquidBronze"},{"floor":6,"key":"BloodPotion"},{"floor":11,"key":"BloodPotion"},{"floor":12,"key":"Explosive Potion"},{"floor":19,"key":"LiquidBronze"},{"floor":21,"key":"Strength Potion"},{"floor":25,"key":"FairyPotion"},{"floor":35,"key":"EssenceOfSteel"},{"floor":39,"key":"Ancient Potion"},{"floor":41,"key":"PowerPotion"},{"floor":47,"key":"Explosive Potion"}],"is_trial":false,"path_per_floor":["M","?","M","M","?","E","R","$","T","E","M","M","M","M","R","B",null,"M","M","?","?","M","R","E","M","T","E","R","?","$","?","R","B",null,"M","M","M","$","M","R","E","R","T","M","E","$","M","M","R","B",null],"character_chosen":"IRONCLAD","items_purchased":["Ice Cream","Metallicize","Master of Strategy","Inflame+1","Metallicize+1","Seeing Red"],"campfire_rested":3,"item_purchase_floors":[8,8,30,30,38,38],"current_hp_per_floor":[76,76,76,74,74,29,29,29,29,18,12,17,23,23,62,31,80,52,27,27,22,19,58,35,30,30,28,69,69,69,69,69,46,87,87,64,60,60,70,70,87,87,87,67,83,83,87,87,87,75],"gold":164,"neow_bonus":"RANDOM_COMMON_RELIC","is_prod":false,"is_daily":false,"chose_seed":false,"campfire_upgraded":4,"win_rate":0,"timestamp":1546654629,"path_taken":["M","?","?","M","?","E","R","$","T","E","M","?","M","M","R","BOSS","M","M","?","?","?","R","E","?","T","E","R","?","$","?","R","BOSS","M","M","?","$","M","R","E","R","T","M","E","$","M","M","R","BOSS"],"build_version":"2019-01-03v4","purchased_purges":3,"victory":true,"max_hp_per_floor":[80,80,80,80,80,80,80,80,80,80,80,80,80,80,80,80,80,80,80,80,80,80,80,87,87,87,87,87,87,87,87,87,87,87,87,87,87,87,87,87,87,87,87,87,87,87,87,87,87,87],"card_choices":[{"not_picked":["Cleave","Thunderclap"],"picked":"Entrench","floor":1},{"not_picked":["True Grit","Hemokinesis"],"picked":"Body Slam","floor":3},{"not_picked":["Searing Blow","Warcry"],"picked":"Thunderclap","floor":4},{"not_picked":["Heavy Blade","Feel No Pain"],"picked":"Armaments","floor":6},{"not_picked":["Clothesline","Bloodletting"],"picked":"Headbutt","floor":10},{"not_picked":["Brutality+1","Infernal Blade"],"picked":"Thunderclap+1","floor":11},{"not_picked":["Anger+1","Thunderclap+1"],"picked":"Twin Strike+1","floor":12},{"not_picked":["Intimidate","Heavy Blade+1"],"picked":"Metallicize+1","floor":13},{"not_picked":["Disarm","Cleave+1"],"picked":"Dual Wield","floor":14},{"not_picked":["Fiend Fire+1","Offering"],"picked":"Reaper+1","floor":16},{"not_picked":["Headbutt+1","Heavy Blade+1"],"picked":"Iron Wave+1","floor":18},{"not_picked":["Warcry","Perfected Strike+1","Dual Wield"],"picked":"SKIP","floor":19},{"not_picked":["Entrench","Shockwave"],"picked":"Clothesline+1","floor":21},{"not_picked":["Blood for Blood+1","Carnage+1","Clothesline+1"],"picked":"SKIP","floor":22},{"not_picked":["Perfected Strike+1","Berserk+1"],"picked":"Dropkick+1","floor":24},{"not_picked":["Clothesline+1","Searing Blow+1"],"picked":"Twin Strike+1","floor":25},{"not_picked":["Feel No Pain+1","Heavy Blade+1"],"picked":"Armaments","floor":27},{"not_picked":["Reaper+1","Brutality+1"],"picked":"Barricade+1","floor":33},{"not_picked":["Heavy Blade+1","Cleave+1"],"picked":"Seeing Red","floor":35},{"not_picked":["Perfected Strike+1","Clothesline+1"],"picked":"Power Through+1","floor":36},{"not_picked":["Carnage+1","Dual Wield"],"picked":"Seeing Red","floor":37},{"not_picked":["Warcry","Flex+1"],"picked":"Shrug It Off+1","floor":39},{"not_picked":["Intimidate+1","Fiend Fire+1"],"picked":"Limit Break","floor":41},{"not_picked":["Carnage+1","Pommel Strike+1"],"picked":"Power Through+1","floor":44},{"not_picked":["Heavy Blade+1","Hemokinesis+1","Reckless Charge+1"],"picked":"SKIP","floor":45},{"not_picked":["Uppercut+1","Iron Wave+1"],"picked":"Metallicize+1","floor":47},{"not_picked":["Iron Wave+1","Shockwave+1"],"picked":"Body Slam+1","floor":48}],"player_experience":38257,"relics_obtained":[{"floor":6,"key":"Regal Pillow"},{"floor":9,"key":"Frozen Egg 2"},{"floor":10,"key":"Molten Egg 2"},{"floor":21,"key":"Nunchaku"},{"floor":21,"key":"Meat on the Bone"},{"floor":24,"key":"Strawberry"},{"floor":26,"key":"Shuriken"},{"floor":27,"key":"Bottled Lightning"},{"floor":41,"key":"Magic Flower"},{"floor":45,"key":"Smiling Mask"}],"event_choices":[{"damage_healed":0,"gold_gain":0,"player_choice":"Got Potions","damage_taken":0,"max_hp_gain":0,"max_hp_loss":0,"event_name":"Lab","floor":2,"gold_loss":0},{"damage_healed":0,"gold_gain":275,"player_choice":"Desecrate","damage_taken":0,"max_hp_gain":0,"max_hp_loss":0,"event_name":"Golden Shrine","floor":5,"gold_loss":0,"cards_obtained":["Regret"]},{"damage_healed":0,"gold_gain":0,"player_choice":"Simplicity","damage_taken":0,"max_hp_gain":0,"max_hp_loss":0,"event_name":"Back to Basics","floor":20,"gold_loss":0,"cards_upgraded":["Strike_R","Strike_R","Strike_R","Strike_R","Strike_R","Defend_R","Defend_R","Defend_R","Defend_R"]},{"damage_healed":0,"gold_gain":0,"player_choice":"Fight","damage_taken":0,"max_hp_gain":0,"max_hp_loss":0,"event_name":"Colosseum","floor":21,"gold_loss":0},{"damage_healed":0,"gold_gain":0,"player_choice":"Fought Nobs","damage_taken":0,"max_hp_gain":0,"max_hp_loss":0,"event_name":"Colosseum","floor":21,"gold_loss":0},{"damage_healed":0,"gold_gain":0,"player_choice":"Opened","damage_taken":0,"relics_obtained":["Bird Faced Urn"],"max_hp_gain":0,"max_hp_loss":0,"event_name":"The Mausoleum","floor":29,"gold_loss":0},{"damage_healed":0,"gold_gain":0,"player_choice":"Copied","damage_taken":0,"max_hp_gain":0,"max_hp_loss":0,"event_name":"Duplicator","floor":31,"gold_loss":0,"cards_obtained":["Reaper"]}],"is_beta":false,"boss_relics":[{"not_picked":["Velvet Choker","Empty Cage"],"picked":"Lizard Tail"},{"not_picked":["Runic Cube","Runic Dome"],"picked":"Philosopher\u0027s Stone"}],"items_purged_floors":[8,30,46],"is_endless":false,"potions_floor_spawned":[1,6,11,12,19,21,25,35,39,41,47,48],"ascension_level":2}