{"gold_per_floor":[109,109,120,120,1,1,32,32,32,32,32,32,48,63,63,140,140,154,154,167,184,109,109,138,138,187,198,198,47,65,100,100,178,178,190,140,415,428,97,128,4,22,47,47],"floor_reached":44,"playtime":4053,"items_purged":["Strike_G","Strike_G","Neutralize","Defend_G"],"score":933,"play_id":"73a1830a-8cce-4152-9acd-603572f08661","local_time":"20181119213231","is_ascension_mode":true,"campfire_choices":[{"data":"Dodge and Roll","floor":6.0,"key":"SMITH"},{"floor":12.0,"key":"REST"},{"data":"Noxious Fumes","floor":15.0,"key":"SMITH"},{"floor":23.0,"key":"REST"},{"floor":25,"key":"REST"},{"floor":28,"key":"REST"},{"floor":32,"key":"REST"}],"neow_cost":"NONE","seed_source_timestamp":6330743861713,"circlet_count":0,"master_deck":["AscendersBane","Defend_G","Defend_G","Defend_G","Defend_G","Survivor","Calculated Gamble","Deflect","Footwork","Dodge and Roll+1","Noxious Fumes+1","Dodge and Roll","Venomology","Deadly Poison","Doppelganger","Footwork","Caltrops","Malaise","Backflip+1","Mayhem","Crippling Poison","Finesse","Caltrops","Noxious Fumes"],"special_seed":0,"relics":["Black Star","Orichalcum","Anchor","Juzu Bracelet","Empty Cage","Omamori","Regal Pillow","Smiling Mask","Art of War","Bronze Scales","Pen Nib","Philosopher\u0027s Stone","Oddly Smooth Stone","Centennial Puzzle","Strawberry"],"potions_floor_usage":[24,24,24,27,27,30,31,31,33,38,40,42,42,44,44],"damage_taken":[{"damage":0.0,"enemies":"Cultist","floor":1.0,"turns":4.0},{"damage":0.0,"enemies":"Jaw Worm","floor":3.0,"turns":6.0},{"damage":42.0,"enemies":"Gremlin Nob","floor":7.0,"turns":6.0},{"damage":0.0,"enemies":"2 Louse","floor":13.0,"turns":4.0},{"damage":2.0,"enemies":"Blue Slaver","floor":14.0,"turns":7.0},{"damage":14.0,"enemies":"Hexaghost","floor":16.0,"turns":15.0},{"damage":10.0,"enemies":"Chosen","floor":18.0,"turns":8.0},{"damage":13.0,"enemies":"3 Byrds","floor":20.0,"turns":6.0},{"damage":16.0,"enemies":"Snake Plant","floor":21.0,"turns":7.0},{"damage":17,"enemies":"Book of Stabbing","floor":24,"turns":10},{"damage":26,"enemies":"3 Cultists","floor":27,"turns":7},{"damage":5,"enemies":"Centurion and Healer","floor":30,"turns":12},{"damage":27,"enemies":"Slavers","floor":31,"turns":9},{"damage":0,"enemies":"Champ","floor":33,"turns":19},{"damage":17,"enemies":"3 Darklings","floor":35,"turns":6},{"damage":14,"enemies":"3 Shapes","floor":38,"turns":8},{"damage":0,"enemies":"Giant Head","floor":40,"turns":16},{"damage":12,"enemies":"Writhing Mass","floor":42,"turns":6},{"damage":30,"enemies":"Reptomancer","floor":44,"turns":3}],"seed_played":"-5836630171672660108","potions_obtained":[{"floor":1.0,"key":"LiquidBronze"},{"floor":3.0,"key":"FearPotion"},{"floor":14.0,"key":"GhostInAJar"},{"floor":21.0,"key":"GhostInAJar"},{"floor":24,"key":"Poison Potion"},{"floor":27,"key":"EssenceOfSteel"},{"floor":31,"key":"Regen Potion"},{"floor":38,"key":"SpeedPotion"},{"floor":42,"key":"Poison Potion"}],"is_trial":false,"path_per_floor":["M","?","M","?","$","R","E","$","T","?","?","R","M","M","R","B",null,"M","?","M","M","$","R","E","R","T","M","R","$","M","E","R","B",null,"M","$","?","M","$","E","$","M","T","E"],"character_chosen":"THE_SILENT","items_purchased":["Footwork","Dodge and Roll","Art of War","Mayhem","Crippling Poison","Finesse","Noxious Fumes"],"campfire_rested":5,"item_purchase_floors":[5,5,29,39,39,39,41],"current_hp_per_floor":[59,59,59,59,59,59,17,17,17,17,17,36,36,34,34,20,55,45,45,32,16,16,35,18,52,52,26,60,60,55,28,62,62,65,48,48,48,49,49,49,49,37,44,14],"gold":47,"neow_bonus":"BOSS_RELIC","is_prod":false,"is_daily":false,"chose_seed":false,"campfire_upgraded":2,"win_rate":0,"timestamp":1542659551,"path_taken":["M","?","?","?","?","R","E","?","T","?","?","R","M","M","R","BOSS","M","?","M","M","$","R","E","R","T","M","R","$","M","E","R","BOSS","M","$","?","M","$","E","?","M","T","E"],"build_version":"2018-11-15","purchased_purges":4,"victory":false,"max_hp_per_floor":[66,66,66,66,66,66,66,66,66,66,66,66,66,66,66,66,66,66,66,66,66,66,66,66,66,66,66,66,66,66,66,66,66,66,66,66,66,66,66,66,66,66,73,73],"card_choices":[{"not_picked":["Backflip","Quick Slash"],"picked":"Calculated Gamble","floor":1.0},{"not_picked":["Well Laid Plans","Blade Dance"],"picked":"Deflect","floor":3.0},{"not_picked":["Cloak And Dagger","Quick Slash","Finisher"],"picked":"SKIP","floor":7.0},{"not_picked":["Terror","Underhanded Strike"],"picked":"Noxious Fumes","floor":13.0},{"not_picked":["Poisoned Stab","Heel Hook"],"picked":"Dodge and Roll","floor":14.0},{"not_picked":["Grand Finale","Bullet Time"],"picked":"Venomology","floor":16.0},{"not_picked":["Predator","Acrobatics","Underhanded Strike"],"picked":"SKIP","floor":18.0},{"not_picked":["Accuracy","Riddle With Holes"],"picked":"Deadly Poison","floor":20.0},{"not_picked":["Calculated Gamble","Choke"],"picked":"Doppelganger","floor":21.0},{"not_picked":["Sucker Punch","Underhanded Strike"],"picked":"Footwork","floor":24},{"not_picked":["Sucker Punch","Choke","Dagger Throw"],"picked":"SKIP","floor":27},{"not_picked":["Dodge and Roll","Outmaneuver"],"picked":"Caltrops","floor":30},{"not_picked":["Quick Slash","Dagger Spray+1","Skewer"],"picked":"SKIP","floor":31},{"not_picked":["Unload","Glass Knife"],"picked":"Malaise","floor":33},{"not_picked":["Choke+1","Deflect"],"picked":"Backflip+1","floor":35},{"not_picked":["Calculated Gamble","Dagger Spray+1","Blade Dance+1"],"picked":"SKIP","floor":38},{"not_picked":["Flechettes","Blade Dance+1"],"picked":"Caltrops","floor":40},{"not_picked":["Cloak And Dagger","All Out Attack","Finisher"],"picked":"SKIP","floor":42}],"player_experience":535802,"relics_obtained":[{"floor":7.0,"key":"Orichalcum"},{"floor":7.0,"key":"Anchor"},{"floor":9.0,"key":"Juzu Bracelet"},{"floor":24,"key":"Omamori"},{"floor":24,"key":"Regal Pillow"},{"floor":26,"key":"Smiling Mask"},{"floor":31,"key":"Bronze Scales"},{"floor":31,"key":"Pen Nib"},{"floor":40,"key":"Oddly Smooth Stone"},{"floor":40,"key":"Centennial Puzzle"},{"floor":43,"key":"Strawberry"}],"event_choices":[{"damage_healed":0.0,"max_hp_gain":0.0,"max_hp_loss":0.0,"gold_gain":0.0,"event_name":"The Woman in Blue","player_choice":"Bought 0 Potions","floor":2.0,"gold_loss":0.0,"damage_taken":0.0},{"damage_healed":0.0,"max_hp_gain":0.0,"max_hp_loss":0.0,"gold_gain":0.0,"event_name":"Liars Game","player_choice":"Ignored","floor":4.0,"gold_loss":0.0,"damage_taken":0.0},{"damage_healed":0.0,"max_hp_gain":0.0,"max_hp_loss":0.0,"gold_gain":0.0,"event_name":"The Cleric","player_choice":"Leave","floor":10.0,"gold_loss":0.0,"damage_taken":0.0},{"damage_healed":0.0,"max_hp_gain":0.0,"max_hp_loss":0.0,"gold_gain":0.0,"event_name":"Golden Idol","player_choice":"Ignored","floor":11.0,"gold_loss":0.0,"damage_taken":0.0},{"cards_removed":["Strike_G"],"damage_healed":0.0,"max_hp_gain":0.0,"max_hp_loss":0.0,"gold_gain":0.0,"event_name":"Purifier","player_choice":"Purged","floor":19.0,"gold_loss":0.0,"damage_taken":0.0},{"damage_healed":0,"gold_gain":275,"player_choice":"Desecrate","damage_taken":0,"max_hp_gain":0,"max_hp_loss":0,"event_name":"Golden Shrine","floor":37,"gold_loss":0,"cards_obtained":["Regret"]}],"is_beta":false,"boss_relics":[{"not_picked":["Tiny House","Velvet Choker"],"picked":"Empty Cage"},{"not_picked":["Fusion Hammer","Orrery"],"picked":"Philosopher\u0027s Stone"}],"items_purged_floors":[22,36,39,41],"is_endless":false,"potions_floor_spawned":[1,3,14,21,24,27,31,38,42],"killed_by":"Reptomancer","ascension_level":14}