{"gold_per_floor":[19,38,38,38,55,55,65,65,90,121,132,159,159,176,176,275,275,292,562,562,562,581,581],"floor_reached":23,"playtime":3820,"items_purged":[],"score":345,"play_id":"889b62e7-0132-48a5-8d11-c6a7c4ec32a4","local_time":"20180731181241","is_ascension_mode":true,"campfire_choices":[{"data":"Bash","floor":6,"key":"SMITH"},{"data":"Fire Breathing","floor":8,"key":"SMITH"},{"data":"Rage","floor":13,"key":"SMITH"},{"data":"Anger","floor":15,"key":"SMITH"}],"neow_cost":"NO_GOLD","seed_source_timestamp":0,"circlet_count":0,"master_deck":["Strike_R","Strike_R","Strike_R","Strike_R","Defend_R","Defend_R+1","Defend_R","Defend_R","Bash+1","Dropkick+1","Rage+1","Fire Breathing+1","Anger+1","Battle Trance","Pommel Strike","Spot Weakness","Limit Break","Warcry+1","Good Instincts","Limit Break","Flame Barrier","Shrug It Off+1"],"special_seed":0,"relics":["Burning Blood","Nunchaku","Vajra","Centennial Puzzle","Pen Nib","Black Star"],"potions_floor_usage":[10,11,18,22,23],"damage_taken":[{"damage":8,"enemies":"Jaw Worm","floor":1,"turns":5},{"damage":7,"enemies":"Small Slimes","floor":2,"turns":4},{"damage":0,"enemies":"2 Louse","floor":5,"turns":3},{"damage":8,"enemies":"Blue Slaver","floor":7,"turns":3},{"damage":3,"enemies":"Lagavulin","floor":10,"turns":3},{"damage":4,"enemies":"Exordium Thugs","floor":11,"turns":3},{"damage":0,"enemies":"3 Sentries","floor":12,"turns":5},{"damage":9,"enemies":"Red Slaver","floor":14,"turns":2},{"damage":0,"enemies":"Slime Boss","floor":16,"turns":4},{"damage":0,"enemies":"Spheric Guardian","floor":18,"turns":3},{"damage":0,"enemies":"Shell Parasite","floor":22,"turns":5},{"damage":63,"enemies":"Slavers","floor":23,"turns":5}],"seed_played":"5865170166588570313","potions_obtained":[{"floor":2,"key":"Energy Potion"},{"floor":5,"key":"AttackPotion"},{"floor":10,"key":"GamblersBrew"},{"floor":12,"key":"EssenceOfSteel"},{"floor":22,"key":"GamblersBrew"}],"is_trial":false,"path_per_floor":["M","M","?","?","M","R","M","R","T","E","M","E","R","M","R","B",null,"M","?","?","?","M"],"character_chosen":"IRONCLAD","items_purchased":[],"campfire_rested":0,"item_purchase_floors":[],"current_hp_per_floor":[78,77,61,54,60,60,58,58,58,61,63,69,69,66,66,72,78,80,40,40,40,46,0],"gold":581,"neow_bonus":"ONE_RARE_RELIC","is_prod":false,"is_daily":false,"chose_seed":false,"campfire_upgraded":4,"win_rate":0,"timestamp":1533053561,"path_taken":["M","M","?","?","M","R","M","R","T","E","?","E","R","M","R","BOSS","M","?","?","?","?","E"],"build_version":"2018-07-26","purchased_purges":0,"victory":false,"max_hp_per_floor":[80,80,80,80,80,80,80,80,80,80,80,80,80,80,80,80,80,80,80,80,80,80,80],"card_choices":[{"not_picked":["Iron Wave","Cleave"],"picked":"Dropkick","floor":1},{"not_picked":["Twin Strike","Flex"],"picked":"Rage","floor":2},{"not_picked":["Sentinel","Clothesline"],"picked":"Fire Breathing","floor":5},{"not_picked":["True Grit","Heavy Blade"],"picked":"Anger","floor":7},{"not_picked":["Seeing Red","Ghostly Armor"],"picked":"Battle Trance","floor":10},{"not_picked":["Armaments","Warcry"],"picked":"Pommel Strike","floor":11},{"not_picked":["Thunderclap","Clothesline"],"picked":"Spot Weakness","floor":12},{"not_picked":["Uppercut","Sentinel","Barricade"],"picked":"SKIP","floor":14},{"not_picked":["Feed","Berserk"],"picked":"Limit Break","floor":16},{"not_picked":["Disarm","Havoc"],"picked":"Warcry+1","floor":18},{"not_picked":["Body Slam","Warcry+1"],"picked":"Shrug It Off+1","floor":22}],"player_experience":241147,"relics_obtained":[{"floor":9,"key":"Vajra"},{"floor":10,"key":"Centennial Puzzle"},{"floor":12,"key":"Pen Nib"}],"event_choices":[{"event_name":"Shining Light","player_choice":"Entered Light","floor":3,"damage_taken":0},{"event_name":"Golden Wing","player_choice":"Card Removal","floor":4,"damage_taken":0},{"event_name":"Knowing Skull","player_choice":"CARD GOLD GOLD GOLD ","floor":19,"damage_taken":0},{"event_name":"Match and Keep!","player_choice":"1 cards matched","floor":20,"damage_taken":0},{"event_name":"The Library","player_choice":"Read","floor":21,"damage_taken":0}],"is_beta":false,"boss_relics":[{"not_picked":["Pandora\u0027s Box","Velvet Choker"],"picked":"Black Star"}],"items_purged_floors":[],"is_endless":false,"potions_floor_spawned":[2,5,10,12,22],"killed_by":"Slavers","ascension_level":5}