{"gold_per_floor":[119,119,6,6,16,16,42,52,102,131,131,131,141,205,205,306,306,318,318,318,336,350,350,370,370,396,396],"floor_reached":27,"playtime":2515,"items_purged":[],"score":269,"play_id":"0696210c-8854-4ea3-83b1-281beaeefca1","local_time":"20180718202407","is_ascension_mode":true,"campfire_choices":[{"floor":11.0,"key":"REST"},{"data":"Well Laid Plans","floor":15.0,"key":"SMITH"},{"data":"RitualDagger","floor":23,"key":"SMITH"},{"floor":25,"key":"REST"}],"neow_cost":"CURSE","seed_source_timestamp":0,"circlet_count":0,"master_deck":["Defend_G","Defend_G","Defend_G","Defend_G","Strike_G+1","Strike_G+1","Strike_G","Strike_G","Survivor","Neutralize","Bullet Time","Predator","Well Laid Plans","Finisher","Wraith Form v2","Terror","Well Laid Plans+1","Phantasmal Killer","Masterful Stab","RitualDagger+1","Masterful Stab","Calculated Gamble+1"],"special_seed":0,"relics":["Ring of the Snake","Bag of Preparation","Regal Pillow","Whetstone","Boot","Tiny Chest","Lizard Tail","Omamori"],"potions_floor_usage":[22],"damage_taken":[{"damage":2.0,"enemies":"Small Slimes","floor":1.0,"turns":5.0},{"damage":2.0,"enemies":"Jaw Worm","floor":5.0,"turns":4.0},{"damage":6.0,"enemies":"Lagavulin","floor":7.0,"turns":6.0},{"damage":0.0,"enemies":"Cultist","floor":8.0,"turns":2.0},{"damage":19.0,"enemies":"3 Sentries","floor":10.0,"turns":10.0},{"damage":0.0,"enemies":"Blue Slaver","floor":13.0,"turns":2.0},{"damage":0.0,"enemies":"Gremlin Nob","floor":14.0,"turns":3.0},{"damage":26.0,"enemies":"The Guardian","floor":16.0,"turns":8.0},{"damage":20.0,"enemies":"3 Byrds","floor":18.0,"turns":6.0},{"damage":2,"enemies":"Shell Parasite","floor":21,"turns":4},{"damage":0,"enemies":"Centurion and Healer","floor":22,"turns":5},{"damage":10,"enemies":"Chosen and Byrds","floor":24,"turns":6},{"damage":34,"enemies":"Slavers","floor":27,"turns":6}],"seed_played":"-2426593923476601677","potions_obtained":[{"floor":1.0,"key":"EssenceOfSteel"},{"floor":7.0,"key":"FearPotion"},{"floor":10.0,"key":"FearPotion"},{"floor":18,"key":"EssenceOfSteel"},{"floor":21,"key":"FearPotion"}],"is_trial":false,"path_per_floor":["M","?","$","?","M","?","E","M","T","E","R","T","M","E","R","B",null,"M","?","?","M","M","R","M","R","T"],"character_chosen":"THE_SILENT","items_purchased":["Predator","Well Laid Plans"],"campfire_rested":2,"item_purchase_floors":[3,3],"current_hp_per_floor":[68,68,68,68,66,59,53,53,53,34,70,70,70,70,70,44,70,50,50,44,42,42,42,32,68,68,34],"gold":396,"neow_bonus":"THREE_RARE_CARDS","is_prod":false,"is_daily":false,"chose_seed":false,"campfire_upgraded":2,"win_rate":0,"timestamp":1531938247,"path_taken":["M","?","?","?","?","?","E","?","T","E","R","?","M","E","R","BOSS","M","?","?","?","M","R","M","R","T","E"],"build_version":"2018-07-12","purchased_purges":0,"victory":false,"max_hp_per_floor":[70,70,70,70,70,70,70,70,70,70,70,70,70,70,70,70,70,70,70,70,70,70,70,70,70,70,70],"card_choices":[{"not_picked":["Envenom","Wraith Form v2"],"picked":"Bullet Time","floor":0.0},{"not_picked":["Flying Knee","Poisoned Stab","Heel Hook"],"picked":"SKIP","floor":1.0},{"not_picked":["Underhanded Strike","Blade Dance"],"picked":"Finisher","floor":5.0},{"not_picked":["Poisoned Stab","Footwork"],"picked":"Wraith Form v2","floor":7.0},{"not_picked":["Riddle With Holes","Flying Knee"],"picked":"Terror","floor":8.0},{"not_picked":["Distraction","Quick Slash","Sucker Punch"],"picked":"SKIP","floor":10.0},{"not_picked":["Underhanded Strike","Infinite Blades","Poisoned Stab"],"picked":"SKIP","floor":13.0},{"not_picked":["Prepared","Deflect"],"picked":"Well Laid Plans","floor":14.0},{"not_picked":["Unload","Doppelganger"],"picked":"Phantasmal Killer","floor":16.0},{"not_picked":["Malaise","Slice","Dodge and Roll"],"picked":"SKIP","floor":18},{"not_picked":["Dagger Throw+1","Blur"],"picked":"Masterful Stab","floor":21},{"not_picked":["Backflip+1","Deadly Poison","Prepared"],"picked":"SKIP","floor":22},{"not_picked":["Prepared","Footwork+1"],"picked":"Calculated Gamble+1","floor":24}],"player_experience":118660,"relics_obtained":[{"floor":7.0,"key":"Bag of Preparation"},{"floor":9.0,"key":"Regal Pillow"},{"floor":10.0,"key":"Whetstone"},{"floor":12.0,"key":"Boot"},{"floor":14.0,"key":"Tiny Chest"},{"floor":26,"key":"Omamori"}],"event_choices":[{"event_name":"Living Wall","player_choice":"Forget","floor":2.0,"damage_taken":0.0},{"event_name":"Purifier","player_choice":"One Purge","floor":4.0,"damage_taken":0.0},{"event_name":"Golden Wing","player_choice":"Card Removal","floor":6.0,"damage_taken":0.0},{"event_name":"The Library","player_choice":"Read","floor":19,"damage_taken":0},{"event_name":"Nest","player_choice":"Joined the Cult","floor":20,"damage_taken":0}],"boss_relics":[{"not_picked":["Busted Crown","Eternal Feather"],"picked":"Lizard Tail"}],"items_purged_floors":[],"is_endless":false,"potions_floor_spawned":[1,7,10,18,21],"killed_by":"Slavers","ascension_level":1}