{"gold_per_floor":[111,126,126,146,161,161,199,223,223,223,223,237,237,261,261,261],"floor_reached":16,"playtime":577,"items_purged":[],"score":104,"play_id":"a425165a-a8c9-4fc8-a8ff-4a4451116c84","local_time":"20190119124131","is_ascension_mode":false,"campfire_choices":[{"data":"Chaos","floor":6,"key":"SMITH"},{"data":"Fusion","floor":10,"key":"SMITH"},{"data":"Go for the Eyes","floor":13,"key":"SMITH"},{"floor":15,"key":"REST"}],"neow_cost":"NONE","seed_source_timestamp":231264958748530,"circlet_count":0,"master_deck":["Strike_B","Strike_B","Strike_B","Strike_B","Defend_B","Defend_B","Defend_B","Defend_B","Zap","Dualcast","Electrodynamics","Chaos+1","BootSequence","Cold Snap","Compile Driver","Conserve Battery","Fusion+1","Pain","Go for the Eyes+1","Loop"],"relics":["Cracked Core","Golden Idol","Darkstone Periapt","Turnip","WarpedTongs"],"potions_floor_usage":[12,16],"damage_taken":[{"damage":3,"enemies":"Jaw Worm","floor":1,"turns":4},{"damage":7,"enemies":"2 Louse","floor":2,"turns":3},{"damage":7,"enemies":"Cultist","floor":4,"turns":4},{"damage":7,"enemies":"Large Slime","floor":5,"turns":4},{"damage":16,"enemies":"Lagavulin","floor":7,"turns":5},{"damage":10,"enemies":"Blue Slaver","floor":8,"turns":3},{"damage":1,"enemies":"3 Louse","floor":12,"turns":1},{"damage":0,"enemies":"Looter","floor":14,"turns":2},{"damage":55,"enemies":"Hexaghost","floor":16,"turns":11}],"seed_played":"7980191451813570997","potions_obtained":[{"floor":1,"key":"Explosive Potion"},{"floor":4,"key":"FearPotion"},{"floor":7,"key":"SteroidPotion"}],"is_trial":false,"path_per_floor":["M","M","?","M","M","R","E","M","T","R","?","M","R","M","R","B"],"character_chosen":"DEFECT","items_purchased":[],"campfire_rested":1,"item_purchase_floors":[],"current_hp_per_floor":[72,65,65,58,51,51,35,25,25,25,31,30,30,30,52,0],"gold":261,"neow_bonus":"ONE_RANDOM_RARE_CARD","is_prod":false,"is_daily":false,"chose_seed":false,"campfire_upgraded":3,"win_rate":0.0,"timestamp":1547919691,"path_taken":["M","M","?","M","M","R","E","M","T","R","?","M","R","M","R","BOSS"],"build_version":"2019-01-17v2","purchased_purges":0,"victory":false,"max_hp_per_floor":[75,75,69,69,69,69,69,69,69,69,75,75,75,75,75,75],"card_choices":[{"not_picked":["Skim","Conserve Battery"],"picked":"Chaos","floor":1},{"not_picked":["Ball Lightning","Chaos"],"picked":"BootSequence","floor":2},{"not_picked":["Sweeping Beam","Consume"],"picked":"Cold Snap","floor":4},{"not_picked":["Steam Power","Streamline"],"picked":"Compile Driver","floor":5},{"not_picked":["BootSequence","Gash"],"picked":"Conserve Battery","floor":7},{"not_picked":["Coolheaded","Recycle"],"picked":"Fusion","floor":8},{"not_picked":["Steam","Beam Cell"],"picked":"Go for the Eyes","floor":12},{"not_picked":["Beam Cell","Sweeping Beam"],"picked":"Loop","floor":14}],"player_experience":129768,"relics_obtained":[{"floor":7,"key":"Darkstone Periapt"},{"floor":9,"key":"Turnip"}],"event_choices":[{"damage_healed":0,"gold_gain":0,"player_choice":"Lose Max HP","damage_taken":0,"relics_obtained":["Golden Idol"],"max_hp_gain":0,"max_hp_loss":6,"event_name":"Golden Idol","floor":3,"gold_loss":0},{"damage_healed":0,"gold_gain":0,"player_choice":"Rummage","damage_taken":0,"relics_obtained":["WarpedTongs"],"max_hp_gain":0,"max_hp_loss":0,"event_name":"Accursed Blacksmith","floor":11,"gold_loss":0,"cards_obtained":["Pain"]}],"is_beta":false,"boss_relics":[],"items_purged_floors":[],"is_endless":false,"potions_floor_spawned":[1,4,7],"killed_by":"Hexaghost","ascension_level":0}