{"gold_per_floor":[116,116,133,133,208,233,253,253,553,553,569,569,596,614,614,614],"floor_reached":16,"playtime":705,"items_purged":[],"score":135,"play_id":"9c45e386-cdba-481c-bcf1-9b1d38152de7","local_time":"20190125233615","is_ascension_mode":false,"campfire_choices":[{"data":"Creative AI","floor":10,"key":"SMITH"},{"data":"Redo","floor":12,"key":"SMITH"},{"data":"Dualcast","floor":15,"key":"SMITH"}],"neow_cost":"NONE","seed_source_timestamp":563124335460169,"circlet_count":0,"master_deck":["Strike_B","Strike_B","Strike_B","Strike_B","Defend_B","Defend_B","Defend_B","Defend_B","Zap","Dualcast+1","Chaos","Zap","Creative AI+1","Redo","Core Surge","Redo+1"],"relics":["Cracked Core","NeowsBlessing","Du-Vu Doll","Old Coin","Vajra"],"potions_floor_usage":[16,16],"damage_taken":[{"damage":0,"enemies":"Jaw Worm","floor":1,"turns":1},{"damage":0,"enemies":"Cultist","floor":3,"turns":1},{"damage":0,"enemies":"Lagavulin","floor":6,"turns":1},{"damage":2,"enemies":"2 Louse","floor":7,"turns":2},{"damage":9,"enemies":"Blue Slaver","floor":11,"turns":4},{"damage":24,"enemies":"3 Sentries","floor":13,"turns":7},{"damage":6,"enemies":"2 Fungi Beasts","floor":14,"turns":3},{"damage":25,"enemies":"The Guardian","floor":16,"turns":4}],"seed_played":"4304440908919047138","potions_obtained":[{"floor":1,"key":"PowerPotion"},{"floor":3,"key":"Strength Potion"}],"is_trial":false,"path_per_floor":["M","?","M","?","?","E","M","?","T","R","M","R","E","M","R","B"],"character_chosen":"DEFECT","items_purchased":[],"campfire_rested":0,"item_purchase_floors":[],"current_hp_per_floor":[75,75,75,75,64,64,62,62,62,62,53,53,29,23,23,0],"gold":614,"neow_bonus":"THREE_ENEMY_KILL","is_prod":false,"is_daily":false,"chose_seed":false,"campfire_upgraded":3,"win_rate":0.0,"timestamp":1548455775,"path_taken":["M","?","?","?","?","E","M","?","T","R","M","R","E","M","R","BOSS"],"build_version":"2019-01-23","purchased_purges":0,"victory":false,"max_hp_per_floor":[75,75,75,75,75,75,75,75,75,75,75,75,75,75,75,75],"card_choices":[{"not_picked":["Rip and Tear","Steam","Cold Snap"],"picked":"SKIP","floor":1},{"not_picked":["Genetic Algorithm","Steam Power"],"picked":"Redo","floor":3},{"not_picked":["Steam Power","Sunder"],"picked":"Core Surge","floor":6},{"not_picked":["Barrage","Rebound"],"picked":"Redo","floor":7},{"not_picked":["Redo","Sweeping Beam","Coolheaded"],"picked":"SKIP","floor":11},{"not_picked":["FTL","Storm","Stack"],"picked":"SKIP","floor":13},{"not_picked":["Stack","Streamline","Rebound"],"picked":"SKIP","floor":14}],"player_experience":76936,"relics_obtained":[{"floor":6,"key":"Du-Vu Doll"},{"floor":9,"key":"Old Coin"},{"floor":13,"key":"Vajra"}],"event_choices":[{"damage_healed":0,"gold_gain":0,"player_choice":"3 cards matched","damage_taken":0,"max_hp_gain":0,"max_hp_loss":0,"event_name":"Match and Keep!","floor":2,"gold_loss":0,"cards_obtained":["Chaos","Zap","Creative AI"]},{"damage_healed":0,"gold_gain":0,"player_choice":"Ignored","damage_taken":0,"max_hp_gain":0,"max_hp_loss":0,"event_name":"Liars Game","floor":4,"gold_loss":0},{"damage_healed":0,"gold_gain":75,"player_choice":"Gather Gold","damage_taken":11,"max_hp_gain":0,"max_hp_loss":0,"event_name":"World of Goop","floor":5,"gold_loss":0},{"damage_healed":0,"gold_gain":0,"player_choice":"Ignored","damage_taken":0,"max_hp_gain":0,"max_hp_loss":0,"event_name":"Golden Idol","floor":8,"gold_loss":0}],"is_beta":false,"boss_relics":[],"items_purged_floors":[],"is_endless":false,"potions_floor_spawned":[1,3],"killed_by":"The Guardian","ascension_level":0}