{"gold_per_floor":[116,136,150,12,25,25,39,39,113,123,123,123,142,156,156,156],"floor_reached":16,"playtime":837,"items_purged":[],"score":158,"play_id":"2f043389-f55c-41ff-bfbd-f7095ad57497","local_time":"20181202003145","is_ascension_mode":true,"campfire_choices":[{"data":"Defragment","floor":6,"key":"SMITH"},{"data":"Zap","floor":8,"key":"SMITH"},{"floor":15,"key":"REST"}],"neow_cost":"NONE","seed_source_timestamp":47207073108500,"circlet_count":0,"master_deck":["AscendersBane","Strike_B","Strike_B","Defend_B","Defend_B","Defend_B","Defend_B","Zap+1","Dualcast","Leap","Leap","Auto Shields","Blizzard","Defragment+1","Capacitor","Reinforced Body","Reinforced Body","Self Repair"],"relics":["Cracked Core","NeowsBlessing","Singing Bowl"],"potions_floor_usage":[7,16],"damage_taken":[{"damage":0,"enemies":"Cultist","floor":1,"turns":1},{"damage":0,"enemies":"Jaw Worm","floor":2,"turns":1},{"damage":0,"enemies":"2 Louse","floor":3,"turns":1},{"damage":13,"enemies":"Blue Slaver","floor":5,"turns":4},{"damage":6,"enemies":"Exordium Thugs","floor":7,"turns":4},{"damage":17,"enemies":"Exordium Wildlife","floor":10,"turns":6},{"damage":6,"enemies":"Looter","floor":13,"turns":4},{"damage":2,"enemies":"Blue Slaver","floor":14,"turns":3},{"damage":39,"enemies":"Slime Boss","floor":16,"turns":12}],"seed_played":"-7190283334863890968","potions_obtained":[{"floor":1,"key":"AttackPotion"},{"floor":2,"key":"Explosive Potion"}],"is_trial":false,"path_per_floor":["M","M","M","$","M","R","M","R","T","M","?","?","M","M","R","B"],"character_chosen":"DEFECT","items_purchased":["Blizzard","Defragment"],"campfire_rested":1,"item_purchase_floors":[4,4],"current_hp_per_floor":[68,68,68,68,55,55,49,49,49,32,25,25,19,17,39,0],"gold":156,"neow_bonus":"THREE_ENEMY_KILL","is_prod":false,"is_daily":false,"chose_seed":false,"campfire_upgraded":2,"win_rate":0,"timestamp":1543707105,"path_taken":["M","?","M","$","M","R","M","R","T","?","?","?","?","M","R","BOSS"],"build_version":"2018-11-15","purchased_purges":0,"victory":false,"max_hp_per_floor":[75,75,75,75,75,75,75,75,75,75,75,75,75,75,75,75],"card_choices":[{"not_picked":["Melter","Reprogram"],"picked":"Leap","floor":1},{"not_picked":["FTL","Beam Cell"],"picked":"Leap","floor":2},{"not_picked":["Compile Driver","Beam Cell"],"picked":"Auto Shields","floor":3},{"not_picked":["Skim","Stack"],"picked":"Capacitor","floor":5},{"not_picked":["Scrape","Reprogram","All For One"],"picked":"SKIP","floor":7},{"not_picked":["Leap","Ball Lightning"],"picked":"Reinforced Body","floor":10},{"not_picked":["Hologram","Stack"],"picked":"Reinforced Body","floor":13},{"not_picked":["Static Discharge","Cold Snap"],"picked":"Self Repair","floor":14}],"player_experience":579497,"relics_obtained":[{"floor":9,"key":"Singing Bowl"}],"event_choices":[{"cards_removed":["Strike_B"],"damage_healed":0,"gold_gain":0,"player_choice":"Card Removal","damage_taken":7,"max_hp_gain":0,"max_hp_loss":0,"event_name":"Golden Wing","floor":11,"gold_loss":0},{"cards_removed":["Strike_B"],"damage_healed":0,"gold_gain":0,"player_choice":"Purged","damage_taken":0,"max_hp_gain":0,"max_hp_loss":0,"event_name":"Purifier","floor":12,"gold_loss":0}],"is_beta":false,"boss_relics":[],"items_purged_floors":[],"is_endless":false,"potions_floor_spawned":[1,2],"killed_by":"Slime Boss","ascension_level":13}