{"gold_per_floor":[118,118,134,153,163,198,198,232,257,269,134,134,144,156,156,254,254,274,274,291,390,410,410,429,129,129,129,143,143,143,153,153,255,255,272,283,59,59,76,76,101,26,52,52,62,62,62,62,62,62],"floor_reached":51,"playtime":3028,"items_purged":["Strike_R"],"score":874,"play_id":"b70d85cf-aa62-47d2-bf7e-edf195a6f4be","local_time":"20190110233449","is_ascension_mode":true,"campfire_choices":[{"data":"Searing Blow","floor":7.0,"key":"SMITH"},{"floor":15.0,"key":"REST"},{"floor":23.0,"key":"REST"},{"data":"Searing Blow+2","floor":30.0,"key":"SMITH"},{"floor":32.0,"key":"REST"},{"data":"Searing Blow+3","floor":40.0,"key":"SMITH"},{"data":"Double Tap","floor":44.0,"key":"SMITH"},{"floor":46.0,"key":"REST"},{"data":"Searing Blow+4","floor":49.0,"key":"SMITH"}],"neow_cost":"NONE","seed_source_timestamp":153062504318830,"circlet_count":0,"master_deck":["Strike_R","Strike_R+1","Strike_R+1","Defend_R","Defend_R","Defend_R","Defend_R","Bash","Searing Blow+5","Disarm","Rage","Thunderclap","Shrug It Off","Perfected Strike","Perfected Strike","Iron Wave","Feed","Warcry","Iron Wave","Double Tap+1","Inflame+1","Shrug It Off+1","Shrug It Off+1","Flex+1","Shockwave+1","Demon Form","Metallicize+1","Warcry+1","Apotheosis+1","Flame Barrier+1","Writhe"],"special_seed":0,"relics":["Burning Blood","NeowsBlessing","Singing Bowl","Art of War","Anchor","Sozu","Toxic Egg 2","Bottled Tornado","Nilry\u0027s Codex","Snecko Eye","PreservedInsect","Oddly Smooth Stone"],"potions_floor_usage":[],"damage_taken":[{"damage":0.0,"enemies":"Jaw Worm","floor":1.0,"turns":1.0},{"damage":0.0,"enemies":"Cultist","floor":3.0,"turns":1.0},{"damage":0.0,"enemies":"Small Slimes","floor":4.0,"turns":1.0},{"damage":7.0,"enemies":"2 Fungi Beasts","floor":5.0,"turns":4.0},{"damage":32.0,"enemies":"3 Sentries","floor":6.0,"turns":10.0},{"damage":20.0,"enemies":"Gremlin Nob","floor":8.0,"turns":4.0},{"damage":6.0,"enemies":"Lots of Slimes","floor":10.0,"turns":5.0},{"damage":4.0,"enemies":"Blue Slaver","floor":13.0,"turns":6.0},{"damage":5.0,"enemies":"3 Louse","floor":14.0,"turns":3.0},{"damage":37.0,"enemies":"The Guardian","floor":16.0,"turns":12.0},{"damage":10.0,"enemies":"Shell Parasite","floor":18.0,"turns":3.0},{"damage":22.0,"enemies":"Spheric Guardian","floor":20.0,"turns":4.0},{"damage":55.0,"enemies":"Shelled Parasite and Fungi","floor":22.0,"turns":6.0},{"damage":9.0,"enemies":"Snecko","floor":24.0,"turns":3.0},{"damage":7.0,"enemies":"Cultist and Chosen","floor":28.0,"turns":6.0},{"damage":17.0,"enemies":"Snake Plant","floor":31.0,"turns":5.0},{"damage":14.0,"enemies":"Champ","floor":33.0,"turns":9.0},{"damage":22.0,"enemies":"3 Darklings","floor":35.0,"turns":5.0},{"damage":9.0,"enemies":"Orb Walker","floor":36.0,"turns":4.0},{"damage":14.0,"enemies":"3 Darklings","floor":39.0,"turns":5.0},{"damage":14.0,"enemies":"Reptomancer","floor":41.0,"turns":3.0},{"damage":48.0,"enemies":"4 Shapes","floor":45.0,"turns":8.0},{"damage":41,"enemies":"Time Eater","floor":50,"turns":9}],"seed_played":"1062285518157557159","potions_obtained":[{"floor":3.0,"key":"AttackPotion"},{"floor":4.0,"key":"Swift Potion"},{"floor":5.0,"key":"EssenceOfSteel"},{"floor":8.0,"key":"BloodPotion"},{"floor":10.0,"key":"Strength Potion"}],"is_trial":false,"path_per_floor":["M","?","M","M","M","E","R","E","T","M","$","?","M","M","R","B",null,"M","?","M","?","M","R","M","$","T","?","M","?","R","M","R","B",null,"M","M","$","?","M","R","E","$","T","R","M","R","?","?","R","B",null],"character_chosen":"IRONCLAD","items_purchased":["Feed","Toxic Egg 2","Shrug It Off+1","Warcry+1","Apotheosis+1"],"campfire_rested":4,"item_purchase_floors":[11,25,25,37,37],"current_hp_per_floor":[80,80,80,80,79,53,53,39,39,47,47,31,36,37,61,33,73,74,74,61,61,14,42,39,39,39,39,41,25,25,14,43,35,83,69,66,66,66,58,58,52,52,52,52,15,47,74,74,74,43],"gold":62,"neow_bonus":"THREE_ENEMY_KILL","is_prod":false,"is_daily":false,"chose_seed":false,"campfire_upgraded":5,"win_rate":0,"timestamp":1547184889,"path_taken":["M","?","M","?","M","E","R","E","T","M","$","?","M","M","R","BOSS","M","?","?","?","M","R","M","$","T","?","?","?","R","M","R","BOSS","M","M","$","?","?","R","E","$","T","R","M","R","?","?","R","BOSS"],"build_version":"2019-01-03v4","purchased_purges":1,"victory":true,"max_hp_per_floor":[80,80,80,80,80,80,80,80,80,80,80,80,83,83,83,86,86,91,91,94,94,96,96,96,96,96,96,99,99,99,99,99,99,99,101,101,101,101,101,101,103,103,103,103,108,108,108,108,108,112],"card_choices":[{"not_picked":["Clash","Pommel Strike"],"picked":"Searing Blow","floor":1.0},{"not_picked":["Infernal Blade","Bloodletting"],"picked":"Rage","floor":3.0},{"not_picked":["Searing Blow","Bludgeon"],"picked":"Thunderclap","floor":4.0},{"not_picked":["Warcry","Sword Boomerang"],"picked":"Shrug It Off","floor":5.0},{"not_picked":["Shrug It Off","Bludgeon"],"picked":"Perfected Strike","floor":6.0},{"not_picked":["Body Slam","Spot Weakness"],"picked":"Perfected Strike","floor":8.0},{"not_picked":["Thunderclap","Clash"],"picked":"Iron Wave","floor":10.0},{"not_picked":["Entrench","Carnage"],"picked":"Warcry","floor":13.0},{"not_picked":["Sever Soul","Havoc"],"picked":"Iron Wave","floor":14.0},{"not_picked":["Demon Form","Exhume"],"picked":"Double Tap","floor":16.0},{"not_picked":["Headbutt","Combust","True Grit+1"],"picked":"Singing Bowl","floor":18.0},{"not_picked":["Clothesline","Sentinel"],"picked":"Inflame+1","floor":20.0},{"not_picked":["Cleave","Intimidate","Sentinel+1"],"picked":"Singing Bowl","floor":22.0},{"not_picked":["Feel No Pain","Seeing Red"],"picked":"Shrug It Off+1","floor":24.0},{"not_picked":["Heavy Blade","Power Through+1"],"picked":"Flex+1","floor":28.0},{"not_picked":["Reckless Charge","Dark Embrace"],"picked":"Shockwave+1","floor":31.0},{"not_picked":["Bludgeon","Brutality"],"picked":"Demon Form","floor":33.0},{"not_picked":["Flex+1","Clothesline+1","Sever Soul"],"picked":"Singing Bowl","floor":35.0},{"not_picked":["Clash","Warcry+1"],"picked":"Metallicize+1","floor":36.0},{"not_picked":["Pommel Strike","Spot Weakness+1"],"picked":"Flame Barrier+1","floor":39.0},{"not_picked":["Demon Form","Spot Weakness+1","Power Through+1"],"picked":"Singing Bowl","floor":41.0},{"not_picked":["Dual Wield+1","Pommel Strike","Flex+1"],"picked":"Singing Bowl","floor":45.0}],"player_experience":88522,"relics_obtained":[{"floor":6.0,"key":"Singing Bowl"},{"floor":8.0,"key":"Art of War"},{"floor":9.0,"key":"Anchor"},{"floor":26.0,"key":"Bottled Tornado"},{"floor":29.0,"key":"Nilry\u0027s Codex"},{"floor":41.0,"key":"PreservedInsect"},{"floor":43.0,"key":"Oddly Smooth Stone"}],"event_choices":[{"damage_healed":0.0,"max_hp_gain":0.0,"max_hp_loss":0.0,"gold_gain":0.0,"cards_transformed":["Strike_R"],"event_name":"Transmorgrifier","player_choice":"Transformed","floor":2.0,"gold_loss":0.0,"damage_taken":0.0,"cards_obtained":["Disarm"]},{"damage_healed":0.0,"max_hp_gain":0.0,"max_hp_loss":0.0,"gold_gain":0.0,"event_name":"Shining Light","player_choice":"Entered Light","floor":12.0,"gold_loss":0.0,"damage_taken":16.0,"cards_upgraded":["Strike_R","Strike_R"]},{"damage_healed":0.0,"max_hp_gain":0.0,"max_hp_loss":0.0,"gold_gain":0.0,"event_name":"The Woman in Blue","player_choice":"Bought 0 Potions","floor":19.0,"gold_loss":0.0,"damage_taken":0.0},{"damage_healed":0.0,"max_hp_gain":0.0,"max_hp_loss":0.0,"gold_gain":99.0,"event_name":"Nest","player_choice":"Stole From Cult","floor":21.0,"gold_loss":0.0,"damage_taken":0.0},{"damage_healed":0.0,"max_hp_gain":0.0,"max_hp_loss":0.0,"gold_gain":0.0,"event_name":"Accursed Blacksmith","player_choice":"Forge","floor":27.0,"gold_loss":0.0,"damage_taken":0.0,"cards_upgraded":["Searing Blow"]},{"damage_healed":0.0,"max_hp_gain":0.0,"max_hp_loss":0.0,"gold_gain":0.0,"event_name":"Cursed Tome","player_choice":"Obtained Book","floor":29.0,"gold_loss":0.0,"damage_taken":16.0},{"damage_healed":0.0,"max_hp_gain":0.0,"max_hp_loss":0.0,"gold_gain":0.0,"event_name":"FaceTrader","player_choice":"Leave","floor":38.0,"gold_loss":0.0,"damage_taken":0.0},{"damage_healed":27.0,"max_hp_gain":0.0,"max_hp_loss":0.0,"gold_gain":0.0,"event_name":"Winding Halls","player_choice":"Writhe","floor":47.0,"gold_loss":0.0,"damage_taken":0.0,"cards_obtained":["Writhe"]},{"damage_healed":0.0,"max_hp_gain":0.0,"max_hp_loss":0.0,"gold_gain":0.0,"event_name":"Mysterious Sphere","player_choice":"Ignored","floor":48.0,"gold_loss":0.0,"damage_taken":0.0}],"is_beta":false,"boss_relics":[{"not_picked":["Runic Cube","Cursed Key"],"picked":"Sozu"},{"not_picked":["Black Star","Orrery"],"picked":"Snecko Eye"}],"items_purged_floors":[42],"is_endless":false,"potions_floor_spawned":[3,4,5,8,10,16,20,28,31,33,36,41],"ascension_level":5}