{"gold_per_floor":[115,130,80,80,91,91,125,125,125,25,25,39,39,68,68,171,171,182,182,14,32,32,32,32,52,52,62,93,93,121,137,137,137],"floor_reached":33,"playtime":3004,"items_purged":["Writhe"],"score":322,"play_id":"17af2896-ad52-4916-9262-ae4081ffb63f","local_time":"20180719210157","is_ascension_mode":true,"campfire_choices":[{"data":"Streamline","floor":6,"key":"SMITH"},{"floor":13,"key":"REST"},{"floor":15,"key":"REST"},{"data":"Buffer","floor":23,"key":"SMITH"},{"data":"Scrape","floor":29,"key":"SMITH"},{"data":"Self Repair","floor":32,"key":"SMITH"}],"neow_cost":"TEN_PERCENT_HP_LOSS","seed_source_timestamp":4377468831465,"circlet_count":0,"master_deck":["Defend_B","Defend_B+1","Defend_B","Defend_B","Zap","Dualcast+1","Streamline+1","Seek+1","Streamline+1","Leap","Self Repair+1","Turbo","Scrape+1","Buffer+1","Reprogram","Hologram","FTL","Streamline+1","Turbo","Beam Cell","Auto Shields+1","Steam"],"relics":["Cracked Core","Incense Burner","Gambling Chip","Lantern","Bottled Flame","Art of War","Empty Cage","Thread and Needle","Bag of Preparation","War Paint","Blood Vial"],"potions_floor_usage":[14,16,28,33,33],"damage_taken":[{"damage":7,"enemies":"Jaw Worm","floor":1,"turns":4},{"damage":0,"enemies":"2 Louse","floor":2,"turns":3},{"damage":0,"enemies":"Small Slimes","floor":5,"turns":3},{"damage":15,"enemies":"3 Sentries","floor":7,"turns":6},{"damage":3,"enemies":"3 Louse","floor":12,"turns":3},{"damage":13,"enemies":"Lagavulin","floor":14,"turns":7},{"damage":22,"enemies":"Hexaghost","floor":16,"turns":8},{"damage":0,"enemies":"Spheric Guardian","floor":18,"turns":3},{"damage":0,"enemies":"Chosen","floor":21,"turns":4},{"damage":0,"enemies":"Centurion and Healer","floor":25,"turns":5},{"damage":17,"enemies":"Snecko","floor":27,"turns":5},{"damage":19,"enemies":"Slavers","floor":28,"turns":9},{"damage":1,"enemies":"Gremlin Leader","floor":30,"turns":7},{"damage":0,"enemies":"Cultist and Chosen","floor":31,"turns":3},{"damage":62,"enemies":"Automaton","floor":33,"turns":8}],"seed_played":"3415912619233237300","potions_obtained":[{"floor":7,"key":"PowerPotion"},{"floor":12,"key":"FearPotion"},{"floor":18,"key":"SmokeBomb"},{"floor":25,"key":"Dexterity Potion"},{"floor":28,"key":"Block Potion"},{"floor":30,"key":"Poison Potion"}],"is_trial":false,"path_per_floor":["M","M","?","?","M","R","E","?","T","$","?","M","R","E","R","B",null,"M","?","$","M","?","R","?","M","T","M","E","R","E","M","R"],"character_chosen":"DEFECT","items_purchased":["Self Repair","Turbo","Hologram","FTL"],"campfire_rested":2,"item_purchase_floors":[10,10,20,20],"current_hp_per_floor":[61,61,61,47,47,47,32,7,7,7,7,11,31,25,45,30,68,68,68,68,68,68,68,56,63,63,53,41,41,47,56,56,0],"gold":137,"neow_bonus":"ONE_RARE_RELIC","is_prod":false,"is_daily":false,"chose_seed":false,"campfire_upgraded":4,"win_rate":0,"timestamp":1532026917,"path_taken":["M","M","?","?","?","R","E","?","T","$","?","M","R","E","R","BOSS","M","?","$","M","?","R","?","?","T","M","E","R","E","M","R","BOSS"],"build_version":"2018-07-12","purchased_purges":1,"victory":false,"max_hp_per_floor":[68,68,68,68,68,68,68,68,68,68,68,68,68,68,68,68,68,68,68,68,68,68,68,73,73,73,73,73,73,73,73,73,73],"card_choices":[{"not_picked":["Steam","Barrage"],"picked":"Streamline","floor":1},{"not_picked":["Chaos","Ball Lightning"],"picked":"Seek","floor":2},{"not_picked":["Sunder","Go for the Eyes"],"picked":"Streamline","floor":5},{"not_picked":["Glacier","Gash"],"picked":"Leap","floor":7},{"not_picked":["Go for the Eyes","Tempest"],"picked":"Scrape","floor":12},{"not_picked":["Compile Driver","Aggregate","Rip and Tear"],"picked":"SKIP","floor":14},{"not_picked":["Meteor Strike","Core Surge"],"picked":"Buffer","floor":16},{"not_picked":["Coolheaded","FTL"],"picked":"Reprogram","floor":18},{"not_picked":["Barrage","Storm+1"],"picked":"Streamline+1","floor":21},{"not_picked":["Undo","Conserve Battery"],"picked":"Turbo","floor":25},{"not_picked":["Cold Snap","Steam"],"picked":"Beam Cell","floor":27},{"not_picked":["Sweeping Beam+1","Force Field"],"picked":"Auto Shields+1","floor":28},{"not_picked":["Static Discharge","Barrage","Double Energy"],"picked":"SKIP","floor":30},{"not_picked":["Turbo+1","Force Field"],"picked":"Steam","floor":31}],"player_experience":124235,"relics_obtained":[{"floor":7,"key":"Gambling Chip"},{"floor":9,"key":"Bottled Flame"},{"floor":14,"key":"Art of War"},{"floor":26,"key":"Bag of Preparation"},{"floor":28,"key":"War Paint"},{"floor":30,"key":"Blood Vial"}],"event_choices":[{"event_name":"The Cleric","player_choice":"Card Removal","floor":3,"damage_taken":0},{"event_name":"Shining Light","player_choice":"Entered Light","floor":4,"damage_taken":0},{"event_name":"Scrap Ooze","player_choice":"success","floor":8,"damage_taken":25},{"event_name":"Purifier","player_choice":"One Purge","floor":11,"damage_taken":0},{"event_name":"The Mausoleum","player_choice":"Yes","floor":19,"damage_taken":0},{"event_name":"Addict","player_choice":"Ignored","floor":22,"damage_taken":0},{"event_name":"Forgotten Altar","player_choice":"Shed Blood","floor":24,"damage_taken":0}],"boss_relics":[{"not_picked":["Nuclear Battery","Tiny House"],"picked":"Empty Cage"}],"items_purged_floors":[20],"is_endless":false,"potions_floor_spawned":[7,12,18,25,28,30],"killed_by":"Automaton","ascension_level":2}