{"gold_per_floor":[119,80,98,30,105,136,136,155,155,155,155,135,148,148,148,148],"floor_reached":16,"playtime":285,"items_purged":[],"score":144,"play_id":"39583daf-112e-442d-9baf-c13680c3fcb1","local_time":"20190115000122","is_ascension_mode":true,"campfire_choices":[{"data":"Grand Finale","floor":7.0,"key":"SMITH"},{"data":"Infinite Blades","floor":10.0,"key":"SMITH"},{"data":"Neutralize","floor":15.0,"key":"SMITH"}],"neow_cost":"NONE","seed_source_timestamp":263296590601880,"circlet_count":0,"master_deck":["Defend_G","Defend_G","Defend_G","Defend_G","Defend_G","Strike_G","Strike_G","Strike_G","Strike_G","Survivor+1","Neutralize+1","Poisoned Stab","Infinite Blades+1","Outmaneuver","Escape Plan","Grand Finale+1","Dagger Throw+1"],"special_seed":0,"relics":["Ring of the Snake","NeowsBlessing","Pocketwatch","Prayer Wheel"],"potions_floor_usage":[],"damage_taken":[{"damage":0.0,"enemies":"Cultist","floor":1.0,"turns":1.0},{"damage":0.0,"enemies":"Small Slimes","floor":3.0,"turns":1.0},{"damage":0.0,"enemies":"Gremlin Nob","floor":6.0,"turns":1.0},{"damage":2.0,"enemies":"2 Louse","floor":8.0,"turns":3.0},{"damage":15.0,"enemies":"Exordium Thugs","floor":12.0,"turns":4.0},{"damage":1.0,"enemies":"Looter","floor":13.0,"turns":4.0},{"damage":0,"enemies":"Hexaghost","floor":16,"turns":1}],"seed_played":"-276746544431927236","potions_obtained":[{"floor":1.0,"key":"GamblersBrew"},{"floor":6.0,"key":"Explosive Potion"},{"floor":8.0,"key":"EssenceOfSteel"}],"is_trial":false,"path_per_floor":["M","$","M","$","?","E","R","M","T","R","?","M","M","?","R","B"],"character_chosen":"THE_SILENT","items_purchased":["Infinite Blades","Escape Plan"],"campfire_rested":0,"item_purchase_floors":[2,4],"current_hp_per_floor":[70,70,70,70,59,59,59,57,57,57,57,42,41,27,27,27],"gold":148,"neow_bonus":"THREE_ENEMY_KILL","is_prod":false,"is_daily":false,"chose_seed":false,"campfire_upgraded":3,"win_rate":0,"timestamp":1547532082,"path_taken":["M","$","M","$","?","E","R","M","T","R","?","?","M","?","R","BOSS"],"build_version":"2019-01-10","purchased_purges":0,"victory":false,"max_hp_per_floor":[70,70,70,70,70,70,70,70,70,70,70,70,70,70,70,70],"card_choices":[{"not_picked":["Distraction","All Out Attack"],"picked":"Poisoned Stab","floor":1.0},{"not_picked":["Underhanded Strike","Quick Slash"],"picked":"Outmaneuver","floor":3.0},{"not_picked":["Eviscerate","Distraction"],"picked":"Grand Finale","floor":6.0},{"not_picked":["Noxious Fumes","Dagger Spray"],"picked":"Dagger Throw","floor":8.0},{"not_picked":["PiercingWail","Riddle With Holes","Underhanded Strike"],"picked":"SKIP","floor":12.0},{"not_picked":["Flying Knee","Tactician","Infinite Blades"],"picked":"SKIP","floor":12.0},{"not_picked":["Quick Slash","Blade Dance","A Thousand Cuts"],"picked":"SKIP","floor":13.0},{"not_picked":["Concentrate","Masterful Stab","Slice"],"picked":"SKIP","floor":13.0}],"player_experience":96984,"relics_obtained":[{"floor":6.0,"key":"Pocketwatch"},{"floor":9.0,"key":"Prayer Wheel"}],"event_choices":[{"damage_healed":0.0,"max_hp_gain":0.0,"max_hp_loss":0.0,"gold_gain":75.0,"event_name":"World of Goop","player_choice":"Gather Gold","floor":5.0,"gold_loss":0.0,"damage_taken":11.0},{"cards_removed":["Strike_G"],"damage_healed":0.0,"max_hp_gain":0.0,"max_hp_loss":0.0,"gold_gain":0.0,"event_name":"Bonfire Elementals","player_choice":"Offered Basic","floor":11.0,"gold_loss":0.0,"damage_taken":0.0},{"damage_healed":0.0,"max_hp_gain":0.0,"max_hp_loss":0.0,"gold_gain":0.0,"event_name":"Shining Light","player_choice":"Entered Light","floor":14.0,"gold_loss":0.0,"damage_taken":14.0,"cards_upgraded":["Survivor","Dagger Throw"]}],"is_beta":false,"boss_relics":[],"items_purged_floors":[],"is_endless":false,"potions_floor_spawned":[1,6,8],"killed_by":"Hexaghost","ascension_level":3}