{"path_per_floor":["M","$","M","?","M","R","M","?","T","?","R","M","R","E","R","B",null,"M","?","M","?","?","E","R","$","T"],"character_chosen":"DEFECT","items_purchased":["Blood Vial"],"gold_per_floor":[117,117,135,135,155,155,170,135,135,198,198,209,209,243,243,348,348,361,286,302,302,217,245,245,24,24,24],"floor_reached":27,"campfire_rested":4,"playtime":1240,"current_hp_per_floor":[71,71,57,42,30,52,36,54,54,20,42,34,34,11,33,2,75,61,61,31,31,31,8,19,19,19,0],"items_purged":["Normality"],"gold":24,"score":254,"play_id":"83b6758e-8297-45c6-900d-9aeb486cb3ad","local_time":"20180429160839","is_prod":false,"is_daily":false,"chose_seed":false,"is_ascension_mode":false,"campfire_upgraded":1,"timestamp":1524982119,"path_taken":["M","?","M","?","M","R","M","?","T","?","R","?","R","E","R","BOSS","M","?","M","?","?","E","R","$","T","E"],"build_version":"2018-04-27v3","seed_source_timestamp":140678166445401,"purchased_purges":1,"victory":false,"master_deck":["Strike_B+1","Strike_B","Strike_B","Defend_B","Defend_B","Defend_B+1","Defend_B","Zap","Dualcast","Pain","Defragment+1","Force Field","White Noise","Cold Snap","Streamline","FTL","Leap+1","Fusion+1","Regret","Pain","Self Repair","Sweeping Beam+1","Ghostly+1","Ghostly+1","Ghostly+1","Ghostly+1","Ghostly+1","Glacier+1"],"max_hp_per_floor":[75,75,75,75,75,75,75,75,75,75,75,75,75,75,75,75,75,75,75,75,37,37,37,37,37,37,37],"relics":["Cracked Core","Unceasing Top","Toxic Egg 2","Dodecahedron","Ancient Tea Set","Calling Bell","Bag of Marbles","Mummified Hand","Ice Cream","Centennial Puzzle","Peace Pipe","Blood Vial","Ornamental Fan"],"card_choices":[{"not_picked":["Aggregate","Scrape"],"picked":"Defragment","floor":1},{"not_picked":["Static Discharge","Coolheaded"],"picked":"Force Field","floor":3},{"not_picked":["Stack","Barrage"],"picked":"White Noise","floor":5},{"not_picked":["Hologram","Skim"],"picked":"Cold Snap","floor":7},{"not_picked":["Gash","All For One"],"picked":"Streamline","floor":10},{"not_picked":["Rebound","Loop"],"picked":"FTL","floor":12},{"not_picked":["Streamline","Steam Power"],"picked":"Leap","floor":14},{"not_picked":["Fission","Redo"],"picked":"Fusion","floor":16},{"not_picked":["Double Energy","Stack"],"picked":"Self Repair","floor":18},{"not_picked":["Darkness","Undo"],"picked":"Sweeping Beam","floor":20},{"not_picked":["Echo Form","FTL"],"picked":"Glacier","floor":23}],"player_experience":5019,"potions_floor_usage":[16,16,16,23],"damage_taken":[{"damage":4,"enemies":"Cultist","floor":1,"turns":4},{"damage":14,"enemies":"2 Louse","floor":3,"turns":4},{"damage":12,"enemies":"Jaw Worm","floor":5,"turns":4},{"damage":16,"enemies":"Exordium Wildlife","floor":7,"turns":4},{"damage":34,"enemies":"3 Sentries","floor":10,"turns":6},{"damage":8,"enemies":"3 Louse","floor":12,"turns":3},{"damage":23,"enemies":"3 Sentries","floor":14,"turns":7},{"damage":31,"enemies":"The Guardian","floor":16,"turns":11},{"damage":14,"enemies":"Spheric Guardian","floor":18,"turns":4},{"damage":37,"enemies":"3 Byrds","floor":20,"turns":6},{"damage":30,"enemies":"Slavers","floor":23,"turns":9},{"damage":21,"enemies":"Gremlin Leader","floor":27,"turns":3}],"event_choices":[{"event_name":"Shining Light","player_choice":"Entered Light","floor":4,"damage_taken":0},{"event_name":"The Cleric","player_choice":"Healed","floor":8,"damage_taken":0},{"event_name":"Dead Adventurer","player_choice":"Searched \u00271\u0027 times","floor":10,"damage_taken":0},{"event_name":"Beggar","player_choice":"Gave Gold","floor":19,"damage_taken":0},{"event_name":"Ghosts","player_choice":"Became a Ghost","floor":21,"damage_taken":0},{"event_name":"Addict","player_choice":"Obtained Relic","floor":22,"damage_taken":0}],"boss_relics":[{"not_picked":["White Beast Statue","Lizard Tail"],"picked":"Calling Bell"}],"potions_floor_spawned":[1,5,12,14,16],"seed_played":"8439006576840304356","killed_by":"Gremlin Leader","ascension_level":0,"is_trial":false}