{"gold_per_floor":[110,128,128,139,41,41,6,6,59,72,91,91,102,120,120,218,218,231,246,246,146,157,157,176,176,176,194,194,205,205,237,237,339,339,359,373,384,384,3,3,3,103,129,129,129,129,148,174,174,174],"floor_reached":51,"playtime":5185,"items_purged":["Strike_B","Tempest","Rip and Tear"],"score":639,"play_id":"793b8b0c-9aad-4a34-b573-be8d831dd353","local_time":"20190126152351","is_ascension_mode":false,"campfire_choices":[{"data":"Zap","floor":6,"key":"SMITH"},{"data":"Dualcast","floor":8,"key":"SMITH"},{"data":"Go for the Eyes","floor":12,"key":"SMITH"},{"data":"Coolheaded","floor":15,"key":"SMITH"},{"data":"Electrodynamics","floor":23,"key":"SMITH"},{"floor":32,"key":"REST"},{"data":"FTL","floor":40,"key":"SMITH"},{"data":"Conserve Battery","floor":46,"key":"SMITH"},{"floor":49,"key":"REST"}],"neow_cost":"NONE","seed_source_timestamp":615470079421062,"circlet_count":0,"master_deck":["Zap+1","Dualcast+1","Echo Form+1","Coolheaded+1","Go for the Eyes+1","Conserve Battery+1","Coolheaded+1","Electrodynamics+1","FTL+1","Leap","All For One","Core Surge","Go for the Eyes+1","BootSequence+1","Consume+1","Conserve Battery+1","Seek+1","Finesse+1","Cold Snap","Chill+1","Ball Lightning+1"],"relics":["Cracked Core","Dream Catcher","Pandora\u0027s Box","Toxic Egg 2","Ice Cream","Lizard Tail","Bottled Flame","Calipers","Happy Flower","Bronze Scales","Centennial Puzzle"],"potions_floor_usage":[33,33,35,48],"damage_taken":[{"damage":1,"enemies":"Jaw Worm","floor":1,"turns":3},{"damage":5,"enemies":"Small Slimes","floor":2,"turns":3},{"damage":0,"enemies":"Cultist","floor":4,"turns":4},{"damage":4,"enemies":"Large Slime","floor":10,"turns":5},{"damage":0,"enemies":"3 Louse","floor":11,"turns":3},{"damage":2,"enemies":"Blue Slaver","floor":13,"turns":4},{"damage":0,"enemies":"2 Fungi Beasts","floor":14,"turns":3},{"damage":8,"enemies":"The Guardian","floor":16,"turns":13},{"damage":8,"enemies":"2 Thieves","floor":18,"turns":3},{"damage":3,"enemies":"3 Byrds","floor":19,"turns":4},{"damage":3,"enemies":"Snake Plant","floor":22,"turns":3},{"damage":6,"enemies":"Snecko","floor":24,"turns":4},{"damage":4,"enemies":"3 Cultists","floor":27,"turns":3},{"damage":0,"enemies":"Centurion and Healer","floor":29,"turns":2},{"damage":27,"enemies":"Gremlin Leader","floor":31,"turns":4},{"damage":26,"enemies":"Champ","floor":33,"turns":11},{"damage":0,"enemies":"3 Shapes","floor":35,"turns":5},{"damage":16,"enemies":"3 Darklings","floor":36,"turns":3},{"damage":11,"enemies":"Jaw Worm Horde","floor":37,"turns":3},{"damage":8,"enemies":"Mind Bloom Boss Battle","floor":42,"turns":7},{"damage":0,"enemies":"4 Shapes","floor":47,"turns":2},{"damage":28,"enemies":"Nemesis","floor":48,"turns":15},{"damage":10,"enemies":"Awakened One","floor":50,"turns":15}],"seed_played":"994345428584198881","potions_obtained":[{"floor":2,"key":"Fire Potion"},{"floor":4,"key":"FocusPotion"},{"floor":10,"key":"Block Potion"},{"floor":37,"key":"Block Potion"},{"floor":48,"key":"GamblersBrew"}],"is_trial":false,"path_per_floor":["M","M","?","M","$","R","?","R","T","M","M","R","M","M","R","B",null,"M","M","?","$","M","R","M","$","T","M","?","M","?","E","R","B",null,"M","M","M","?","$","R","?","?","T","?","T","R","M","E","R","B",null],"character_chosen":"DEFECT","items_purchased":["Conserve Battery","Bottled Flame"],"campfire_rested":2,"item_purchase_floors":[5,39],"current_hp_per_floor":[74,69,54,54,54,54,72,72,72,68,68,68,66,66,66,58,75,67,64,75,75,72,72,66,66,66,62,48,48,48,21,45,19,80,80,64,53,53,53,53,53,45,45,45,45,45,45,17,39,29],"gold":174,"neow_bonus":"ONE_RANDOM_RARE_CARD","is_prod":false,"is_daily":false,"chose_seed":false,"campfire_upgraded":7,"win_rate":0.0,"timestamp":1548512631,"path_taken":["M","M","?","M","$","R","?","R","T","M","M","R","M","M","R","BOSS","M","M","?","$","?","R","M","$","T","M","?","M","?","E","R","BOSS","M","M","M","?","$","R","?","?","T","?","?","R","M","E","R","BOSS"],"build_version":"2019-01-23","purchased_purges":3,"victory":true,"max_hp_per_floor":[75,75,75,75,75,75,75,75,75,75,75,75,75,75,75,75,75,75,75,75,75,75,75,75,75,75,75,80,80,80,80,80,80,80,80,80,80,76,76,76,76,76,76,76,76,76,76,76,76,76],"card_choices":[{"not_picked":["Beam Cell","Capacitor","Scrape"],"picked":"SKIP","floor":1},{"not_picked":["Redo","Compile Driver"],"picked":"Coolheaded","floor":2},{"not_picked":["BootSequence","Capacitor"],"picked":"Go for the Eyes","floor":4},{"not_picked":["Reprogram","Turbo","Rainbow"],"picked":"SKIP","floor":10},{"not_picked":["Stack","Streamline","Rebound"],"picked":"SKIP","floor":11},{"not_picked":["Compile Driver","Rip and Tear"],"picked":"Coolheaded","floor":13},{"not_picked":["Gash","Rebound","Turbo"],"picked":"SKIP","floor":14},{"not_picked":["Reboot","Core Surge"],"picked":"Electrodynamics","floor":16},{"not_picked":["Static Discharge+1","Sweeping Beam","Hologram"],"picked":"SKIP","floor":18},{"not_picked":["Cold Snap","Turbo"],"picked":"Go for the Eyes+1","floor":19},{"not_picked":["Streamline","Redo","Hello World"],"picked":"SKIP","floor":22},{"not_picked":["Ball Lightning","Recycle","Rebound"],"picked":"SKIP","floor":24},{"not_picked":["Coolheaded+1","Redo+1"],"picked":"BootSequence+1","floor":27},{"not_picked":["Meteor Strike","BootSequence+1","Melter"],"picked":"SKIP","floor":29},{"not_picked":["Recycle+1","Hello World","Chaos+1"],"picked":"SKIP","floor":31},{"not_picked":["Rebound","Reinforced Body+1"],"picked":"Conserve Battery+1","floor":32},{"not_picked":["Fission+1","Echo Form"],"picked":"Seek+1","floor":33},{"not_picked":["Recycle+1","Sweeping Beam","Stack+1"],"picked":"SKIP","floor":35},{"not_picked":["Ball Lightning","Melter+1","Steam+1"],"picked":"SKIP","floor":36},{"not_picked":["Steam+1","Lockon+1","Sweeping Beam"],"picked":"SKIP","floor":37},{"not_picked":["HandOfGreed","Mayhem"],"picked":"Finesse+1","floor":41},{"not_picked":["FTL","Recycle+1"],"picked":"Cold Snap","floor":47},{"not_picked":["Aggregate+1","Steam+1"],"picked":"Chill+1","floor":48},{"not_picked":["Barrage+1","Steam Power+1"],"picked":"Ball Lightning+1","floor":49}],"player_experience":83764,"relics_obtained":[{"floor":9,"key":"Dream Catcher"},{"floor":26,"key":"Toxic Egg 2"},{"floor":31,"key":"Ice Cream"},{"floor":42,"key":"Calipers"},{"floor":43,"key":"Happy Flower"},{"floor":45,"key":"Bronze Scales"},{"floor":48,"key":"Centennial Puzzle"}],"event_choices":[{"damage_healed":0,"gold_gain":0,"player_choice":"Entered Light","damage_taken":15,"max_hp_gain":0,"max_hp_loss":0,"event_name":"Shining Light","floor":3,"gold_loss":0,"cards_upgraded":["Echo Form","Coolheaded"]},{"damage_healed":18,"gold_gain":0,"player_choice":"Healed","damage_taken":0,"max_hp_gain":0,"max_hp_loss":0,"event_name":"The Cleric","floor":7,"gold_loss":35},{"cards_removed":["Darkness"],"damage_healed":11,"gold_gain":0,"player_choice":"Offered Uncommon","damage_taken":0,"max_hp_gain":0,"max_hp_loss":0,"event_name":"Bonfire Elementals","floor":20,"gold_loss":0},{"damage_healed":0,"gold_gain":0,"player_choice":"Shed Blood","damage_taken":19,"max_hp_gain":5,"max_hp_loss":0,"event_name":"Forgotten Altar","floor":28,"gold_loss":0},{"damage_healed":0,"gold_gain":0,"player_choice":"Read","damage_taken":0,"max_hp_gain":0,"max_hp_loss":0,"event_name":"The Library","floor":30,"gold_loss":0,"cards_obtained":["Consume"]},{"damage_healed":0,"gold_gain":0,"player_choice":"Max HP","damage_taken":0,"max_hp_gain":0,"max_hp_loss":4,"event_name":"Winding Halls","floor":38,"gold_loss":0},{"damage_healed":0,"gold_gain":0,"player_choice":"Memory 1","damage_taken":0,"max_hp_gain":0,"max_hp_loss":0,"event_name":"SensoryStone","floor":41,"gold_loss":0},{"damage_healed":0,"gold_gain":0,"player_choice":"Fight","damage_taken":0,"max_hp_gain":0,"max_hp_loss":0,"event_name":"MindBloom","floor":42,"gold_loss":0},{"damage_healed":0,"gold_gain":0,"player_choice":"Ignored","damage_taken":0,"max_hp_gain":0,"max_hp_loss":0,"event_name":"Mysterious Sphere","floor":44,"gold_loss":0}],"is_beta":false,"boss_relics":[{"not_picked":["Empty Cage","Philosopher\u0027s Stone"],"picked":"Pandora\u0027s Box"},{"not_picked":["Orrery","Runic Dome"],"picked":"Lizard Tail"}],"items_purged_floors":[5,21,39],"is_endless":false,"potions_floor_spawned":[2,4,10,19,22,31,37,48],"ascension_level":0}