{"gold_per_floor":[118,293,293,293,25,25,58,58,58,73,86,101,111,128,128,225,225,235,235,246,246,262,262,97,124,124,124,29,29,29,29,29,29],"floor_reached":33,"playtime":1701,"items_purged":[],"score":243,"play_id":"fd8a00b3-6590-4443-aa93-ba2e7b812995","local_time":"20190116090121","is_ascension_mode":false,"campfire_choices":[{"floor":6,"key":"REST"},{"floor":8,"key":"REST"},{"floor":15,"key":"REST"},{"data":"Accuracy","floor":23,"key":"SMITH"},{"data":"Mind Blast","floor":29,"key":"SMITH"},{"data":"Dark Shackles","floor":32,"key":"SMITH"}],"neow_cost":"PERCENT_DAMAGE","seed_source_timestamp":1858156206452757,"circlet_count":0,"master_deck":["Defend_G+1","Defend_G+1","Defend_G+1","Defend_G+1","Defend_G+1","Strike_G+1","Strike_G+1","Strike_G+1","Strike_G+1","Strike_G+1","Survivor+1","Neutralize","Dark Shackles+1","Mind Blast+1","Masterful Stab","Accuracy+1","Cloak And Dagger+1","Quick Slash","Dagger Spray","Blade Dance+1","Bullet Time+1","Finisher","Phantasmal Killer+1","Slice","Distraction+1","Outmaneuver+1","Underhanded Strike","Panache","Expertise+1","Discovery+1"],"relics":["Ring of the Snake","Toxic Egg 2","MealTicket","Ancient Tea Set","War Paint","WristBlade","Red Mask","Ornamental Fan","Smiling Mask"],"potions_floor_usage":[16,16,16,20],"damage_taken":[{"damage":0,"enemies":"Small Slimes","floor":1,"turns":5},{"damage":46,"enemies":"Gremlin Nob","floor":7,"turns":6},{"damage":0,"enemies":"Cultist","floor":10,"turns":3},{"damage":0,"enemies":"Jaw Worm","floor":11,"turns":3},{"damage":0,"enemies":"Blue Slaver","floor":12,"turns":3},{"damage":0,"enemies":"2 Fungi Beasts","floor":13,"turns":3},{"damage":0,"enemies":"Looter","floor":14,"turns":2},{"damage":45,"enemies":"Hexaghost","floor":16,"turns":9},{"damage":0,"enemies":"3 Byrds","floor":18,"turns":4},{"damage":0,"enemies":"Chosen","floor":20,"turns":3},{"damage":0,"enemies":"Sentry and Sphere","floor":22,"turns":2},{"damage":9,"enemies":"Masked Bandits","floor":25,"turns":3},{"damage":95,"enemies":"Automaton","floor":33,"turns":8}],"seed_played":"3947392654583170213","potions_obtained":[{"floor":11,"key":"Fire Potion"},{"floor":12,"key":"SteroidPotion"},{"floor":13,"key":"SteroidPotion"},{"floor":14,"key":"Energy Potion"},{"floor":18,"key":"Swift Potion"},{"floor":25,"key":"FairyPotion"}],"is_trial":false,"path_per_floor":["M","?","?","?","$","R","E","R","T","M","M","M","M","M","R","B",null,"M","?","M","?","M","R","$","?","T","?","$","R","$","$","R","B"],"character_chosen":"THE_SILENT","items_purchased":["Accuracy","MealTicket","Panache","Discovery+1"],"campfire_rested":3,"item_purchase_floors":[5,5,24,28],"current_hp_per_floor":[49,49,37,37,37,58,12,33,33,33,33,33,33,33,54,9,70,70,70,70,70,70,70,70,61,61,61,70,70,70,70,70,0],"gold":29,"neow_bonus":"RANDOM_COLORLESS_2","is_prod":false,"is_daily":false,"chose_seed":false,"campfire_upgraded":3,"win_rate":0.0,"timestamp":1547647281,"path_taken":["M","?","?","?","$","R","E","R","T","M","M","M","?","M","R","BOSS","M","?","M","?","M","R","$","?","T","?","$","R","?","$","R","BOSS"],"build_version":"2019-01-10","purchased_purges":0,"victory":false,"max_hp_per_floor":[70,70,70,70,70,70,70,70,70,70,70,70,70,70,70,70,70,70,70,70,70,70,70,70,70,70,70,70,70,70,70,70,70],"card_choices":[{"not_picked":["Riddle With Holes","Finisher"],"picked":"Masterful Stab","floor":1},{"not_picked":["Tactician+1","Sucker Punch"],"picked":"Cloak And Dagger+1","floor":7},{"not_picked":["Backstab","Bouncing Flask+1"],"picked":"Quick Slash","floor":10},{"not_picked":["Underhanded Strike","Choke"],"picked":"Dagger Spray","floor":11},{"not_picked":["Sucker Punch","Deadly Poison+1"],"picked":"Blade Dance+1","floor":12},{"not_picked":["Flying Knee","Crippling Poison+1"],"picked":"Bullet Time+1","floor":13},{"not_picked":["Accuracy","Dash"],"picked":"Finisher","floor":14},{"not_picked":["Tools of the Trade","Glass Knife"],"picked":"Phantasmal Killer+1","floor":16},{"not_picked":["Reflex+1","Masterful Stab"],"picked":"Slice","floor":18},{"not_picked":["Blur+1","Skewer"],"picked":"Outmaneuver+1","floor":20},{"not_picked":["Reflex+1","Deadly Poison+1"],"picked":"Underhanded Strike","floor":22},{"not_picked":["Acrobatics+1","Bane"],"picked":"Expertise+1","floor":25}],"player_experience":48536,"relics_obtained":[{"floor":7,"key":"Ancient Tea Set"},{"floor":9,"key":"War Paint"},{"floor":25,"key":"Red Mask"},{"floor":26,"key":"Ornamental Fan"}],"event_choices":[{"damage_healed":0,"gold_gain":175,"player_choice":"AGREE","damage_taken":0,"max_hp_gain":0,"max_hp_loss":0,"event_name":"Liars Game","floor":2,"gold_loss":0,"cards_obtained":["Doubt"]},{"damage_healed":0,"gold_gain":0,"player_choice":"Success","damage_taken":12,"relics_obtained":["Toxic Egg 2"],"max_hp_gain":0,"max_hp_loss":0,"event_name":"Scrap Ooze","floor":3,"gold_loss":0},{"cards_removed":["Doubt"],"damage_healed":0,"gold_gain":0,"player_choice":"Purged","damage_taken":0,"max_hp_gain":0,"max_hp_loss":0,"event_name":"Purifier","floor":4,"gold_loss":0},{"damage_healed":0,"gold_gain":0,"player_choice":"Read","damage_taken":0,"max_hp_gain":0,"max_hp_loss":0,"event_name":"The Library","floor":19,"gold_loss":0,"cards_obtained":["Distraction"]},{"damage_healed":0,"gold_gain":0,"player_choice":"Simplicity","damage_taken":0,"max_hp_gain":0,"max_hp_loss":0,"event_name":"Back to Basics","floor":21,"gold_loss":0,"cards_upgraded":["Defend_G","Defend_G","Defend_G","Defend_G","Strike_G","Strike_G","Strike_G","Strike_G","Strike_G"]},{"damage_healed":0,"gold_gain":0,"player_choice":"Fought Bandits","damage_taken":0,"max_hp_gain":0,"max_hp_loss":0,"event_name":"Masked Bandits","floor":25,"gold_loss":0},{"damage_healed":0,"gold_gain":0,"player_choice":"Opened","damage_taken":0,"relics_obtained":["Smiling Mask"],"max_hp_gain":0,"max_hp_loss":0,"event_name":"The Mausoleum","floor":27,"gold_loss":0}],"is_beta":false,"boss_relics":[{"not_picked":["White Beast Statue","Orrery"],"picked":"WristBlade"}],"items_purged_floors":[],"is_endless":false,"potions_floor_spawned":[11,12,13,14,18,25],"killed_by":"Automaton","ascension_level":0}