{"gold_per_floor":[109,109,119,119,119,119,175,187,212,212,312,327,354,354,354,451,451,468,468,449,463,463],"floor_reached":22,"playtime":1641,"items_purged":[],"score":247,"play_id":"641d003c-1641-4fcc-be04-b70aa7094bb3","local_time":"20180814232216","is_ascension_mode":true,"campfire_choices":[{"data":"Perfected Strike","floor":6,"key":"SMITH"},{"data":"Flame Barrier","floor":10,"key":"SMITH"},{"data":"1","floor":15,"key":"LIFT"}],"neow_cost":"NONE","seed_source_timestamp":0,"circlet_count":0,"master_deck":["Strike_R","Strike_R","Strike_R","Strike_R","Defend_R","Defend_R","Defend_R","Defend_R","Bash","Seeing Red","Perfected Strike+1","Feel No Pain","Flame Barrier+1","Double Tap","Heavy Blade","Decay","Perfected Strike","Shrug It Off"],"special_seed":0,"relics":["Burning Blood","Lantern","Spirit Poop","Pantograph","Boot","Girya","Strawberry","Black Star"],"potions_floor_usage":[12,13,20,22,22],"damage_taken":[{"damage":10,"enemies":"Cultist","floor":1,"turns":5},{"damage":6,"enemies":"2 Louse","floor":3,"turns":4},{"damage":20,"enemies":"3 Sentries","floor":7,"turns":9},{"damage":0,"enemies":"Small Slimes","floor":8,"turns":2},{"damage":7,"enemies":"Exordium Thugs","floor":12,"turns":6},{"damage":36,"enemies":"Gremlin Nob","floor":13,"turns":5},{"damage":37,"enemies":"Slime Boss","floor":16,"turns":11},{"damage":39,"enemies":"Spheric Guardian","floor":18,"turns":7},{"damage":22,"enemies":"2 Thieves","floor":20,"turns":4},{"damage":17,"enemies":"Centurion and Healer","floor":21,"turns":8},{"damage":16,"enemies":"Sentry and Sphere","floor":22,"turns":5}],"seed_played":"5868255940529607336","potions_obtained":[{"floor":1,"key":"SpeedPotion"},{"floor":7,"key":"EssenceOfSteel"},{"floor":8,"key":"Block Potion"},{"floor":18,"key":"SkillPotion"},{"floor":20,"key":"Swift Potion"}],"is_trial":false,"path_per_floor":["M","?","M","?","?","R","?","M","T","R","?","M","E","T","R","B",null,"M","?","M","M"],"character_chosen":"IRONCLAD","items_purchased":[],"campfire_rested":0,"item_purchase_floors":[],"current_hp_per_floor":[68,68,68,68,68,68,54,60,60,60,60,59,29,36,36,30,73,40,40,24,13,0],"gold":463,"neow_bonus":"TRANSFORM_CARD","is_prod":false,"is_daily":false,"chose_seed":false,"campfire_upgraded":2,"win_rate":0,"timestamp":1534281736,"path_taken":["M","?","M","?","?","R","?","?","T","R","?","?","E","?","R","BOSS","M","?","M","M","M"],"build_version":"2018-08-09","purchased_purges":0,"victory":false,"max_hp_per_floor":[80,80,80,80,80,80,80,80,80,80,80,80,80,87,87,87,87,87,87,87,87,87],"card_choices":[{"not_picked":["Headbutt","True Grit"],"picked":"Seeing Red","floor":1},{"not_picked":["Cleave","Thunderclap"],"picked":"Perfected Strike","floor":3},{"not_picked":["Clash","Havoc"],"picked":"Flame Barrier","floor":7},{"not_picked":["Burning Pact","Infernal Blade","Warcry"],"picked":"SKIP","floor":8},{"not_picked":["Armaments","Anger","True Grit"],"picked":"SKIP","floor":12},{"not_picked":["Clash","Combust","Sword Boomerang"],"picked":"SKIP","floor":13},{"not_picked":["Fiend Fire","Berserk"],"picked":"Double Tap","floor":16},{"not_picked":["Spot Weakness","Cleave"],"picked":"Heavy Blade","floor":18},{"not_picked":["Rage","Thunderclap"],"picked":"Perfected Strike","floor":20},{"not_picked":["Feel No Pain+1","Havoc"],"picked":"Shrug It Off","floor":21}],"player_experience":298546,"relics_obtained":[{"floor":7,"key":"Pantograph"},{"floor":9,"key":"Boot"},{"floor":13,"key":"Girya"},{"floor":14,"key":"Strawberry"}],"event_choices":[{"event_name":"Big Fish","player_choice":"Box","floor":2,"damage_taken":0},{"event_name":"Transmorgrifier","player_choice":"Transform","floor":4,"damage_taken":0},{"event_name":"Bonfire Elementals","player_choice":"CURSE","floor":5,"damage_taken":0},{"event_name":"Dead Adventurer","player_choice":"Searched \u00273\u0027 times","floor":7,"damage_taken":0},{"event_name":"Golden Shrine","player_choice":"Pray","floor":11,"damage_taken":0},{"event_name":"Wheel of Change","player_choice":"Curse","floor":19,"damage_taken":0}],"is_beta":false,"boss_relics":[{"not_picked":["Orrery","Runic Cube"],"picked":"Black Star"}],"items_purged_floors":[],"is_endless":false,"potions_floor_spawned":[1,7,8,18,20],"killed_by":"Sentry and Sphere","ascension_level":7}