{"gold_per_floor":[111,124,124,124,124,157,157,157,157,177,177,190,233,246,246,342,342,367,367,138,162,187,227,30,30,30,30,30,30,73,106,106,213,213,236,236,36,36,13,54,71,99,189,189,231,231,276,295,295,304],"floor_reached":51,"playtime":1929,"items_purged":["Wound","Defend_B"],"score":1368,"play_id":"dc3156af-12e7-4db9-9911-3291c3e5ebf1","local_time":"20190203000923","is_ascension_mode":true,"campfire_choices":[{"floor":7,"key":"REST"},{"floor":15,"key":"REST"},{"floor":25,"key":"REST"},{"floor":29,"key":"REST"},{"data":"Coolheaded","floor":32,"key":"SMITH"},{"floor":44,"key":"REST"},{"floor":46,"key":"REST"},{"floor":49,"key":"REST"}],"neow_cost":"NONE","seed_source_timestamp":41273196225893,"circlet_count":0,"master_deck":["AscendersBane","Gash+1","Gash+1","Gash","Gash+1","Gash","Defend_B+1","Defend_B+1","Defend_B","Clawfect:ClawForTheEyes","Clawfect:ScrapingClaw","Conserve Battery","Gash+1","strawberrySpire:BlasterWyrm","Clawfect:ClawLightning+1","Clawfect:ScrapingClaw+1","Reboot+1","ReplaySort","Clawfect:ClawLightning+1","Coolheaded","Gash+1","Gash+1","Coolheaded+1","Rebound+1","Clawfect:ClawLightning+1","strawberrySpire:AnotherWinter+1","Clawfect:ClawLightning+1","Gash+1","Clawfect:Clawrage+1","Clawfect:ClawingBeam+1","Skim+1","Clawfect:ClawAndGloom+1","Clawfect:ClawLightning+1","Glacier"],"relics":["Clawfect:DRClaw","Molten Egg 2","Golden Idol","Ancient Bracer","Torii","halation:AfternoonTea","strawberrySpire:SolarisEssence","Gremlin Food","halation:IllGainedPizza","Replay:WaspNest","Mercury Hourglass","hubris:Backtick","Unceasing Top","strawberrySpire:DirtyLipstick","halation:Gekota","strawberrySpire:StillNotAdequateHouse","hubris:Spice","Pondfish Scales"],"potions_floor_usage":[16,47,50],"damage_taken":[{"damage":1,"enemies":"Small Slimes","floor":1,"turns":4},{"damage":4,"enemies":"2 Louse","floor":2,"turns":4},{"damage":20,"enemies":"Lagavulin","floor":6,"turns":7},{"damage":7,"enemies":"Cultist","floor":10,"turns":5},{"damage":7,"enemies":"Large Slime","floor":12,"turns":6},{"damage":23,"enemies":"Gremlin Nob","floor":13,"turns":5},{"damage":1,"enemies":"2 Fungi Beasts","floor":14,"turns":4},{"damage":6,"enemies":"Hexaghost","floor":16,"turns":6},{"damage":11,"enemies":"Shell Parasite","floor":18,"turns":4},{"damage":31,"enemies":"theJungle:Flameango_and_Byrd","floor":21,"turns":5},{"damage":8,"enemies":"theJungle:SlimyTreeVines","floor":22,"turns":5},{"damage":11,"enemies":"theJungle:MamaSnecko","floor":23,"turns":4},{"damage":1,"enemies":"theJungle:2_Phrogs","floor":30,"turns":5},{"damage":10,"enemies":"theJungle:Snecko_Cultist_And_Trap","floor":31,"turns":5},{"damage":2,"enemies":"theJungle:FunGuy","floor":33,"turns":6},{"damage":18,"enemies":"3 Shapes","floor":35,"turns":4},{"damage":24,"enemies":"Reptomancer","floor":40,"turns":3},{"damage":12,"enemies":"Orb Walker","floor":41,"turns":2},{"damage":18,"enemies":"3 Darklings","floor":42,"turns":3},{"damage":1,"enemies":"R_Hoarder","floor":45,"turns":5},{"damage":39,"enemies":"strawberrySpire:EssenceStones","floor":47,"turns":2},{"damage":10,"enemies":"Sphere and 2 Shapes","floor":48,"turns":2},{"damage":36,"enemies":"Awakened One","floor":50,"turns":6}],"seed_played":"-3105445930776323699","potions_obtained":[{"floor":6,"key":"AttackPotion"},{"floor":10,"key":"FearPotion"},{"floor":23,"key":"Explosive Potion"},{"floor":33,"key":"Death Potion"},{"floor":47,"key":"Strength Potion"}],"is_trial":false,"path_per_floor":["M","M","?","?","?","E","R","?","T","M","?","M","E","M","R","B",null,"M","?","$","M","M","E","$","R","T","$","?","R","E","M","R","B",null,"M","?","$","T","$","E","M","M","T","R","E","R","E","M","R","B",null],"character_chosen":"DEFECT","items_purchased":["Gremlin Food","Coolheaded","Gash+1","strawberrySpire:AnotherWinter","Clawfect:ClawLightning+1","Gash+1"],"campfire_rested":7,"item_purchase_floors":[20,24,24,37,37,39],"current_hp_per_floor":[70,66,66,71,51,31,55,55,55,48,48,41,18,17,41,50,75,64,66,66,35,30,19,19,43,43,43,43,67,80,70,70,68,79,61,61,61,61,61,37,25,7,13,39,60,89,55,45,74,53],"gold":304,"neow_bonus":"TEN_PERCENT_HP_BONUS","is_prod":false,"is_daily":false,"chose_seed":false,"campfire_upgraded":1,"win_rate":0,"timestamp":1549112963,"path_taken":["M","M","?","?","?","E","R","?","T","M","?","?","E","M","R","BOSS","M","?","$","M","M","E","$","R","T","$","?","R","E","M","R","BOSS","M","?","$","?","$","E","?","M","T","R","E","R","E","M","R","BOSS"],"build_version":"2019-01-23","purchased_purges":2,"victory":true,"max_hp_per_floor":[78,78,78,83,83,83,83,83,83,83,83,83,83,83,83,83,83,83,83,83,83,83,83,83,83,83,83,83,83,83,83,83,83,83,83,83,83,83,83,83,83,83,89,89,97,97,97,97,97,97],"card_choices":[{"not_picked":["strawberrySpire:Disconnect","strawberrySpire:DataDump"],"picked":"Clawfect:ClawForTheEyes","floor":1},{"not_picked":["strawberrySpire:NeonFlight","Redo"],"picked":"Clawfect:ScrapingClaw","floor":2},{"not_picked":["Defragment","Turbo"],"picked":"Conserve Battery","floor":6},{"not_picked":["hubris:SpecializedCircuitry","strawberrySpire:Disconnect+1"],"picked":"Gash+1","floor":10},{"not_picked":["Hologram","Steam"],"picked":"strawberrySpire:BlasterWyrm","floor":12},{"not_picked":["strawberrySpire:BiBeamBolt","Force Field"],"picked":"Clawfect:ClawLightning+1","floor":13},{"not_picked":["BootSequence","Rebound+1"],"picked":"Clawfect:ScrapingClaw+1","floor":14},{"not_picked":["ReplayRNGCard","ReplayTheSpireMod:Omega Cannon+1"],"picked":"Reboot","floor":16},{"not_picked":["Sunder+1","Aggregate","strawberrySpire:NeonFlight"],"picked":"SKIP","floor":18},{"not_picked":["Reprogram","Static Discharge"],"picked":"ReplaySort","floor":21},{"not_picked":["Aggregate","Auto Shields"],"picked":"Clawfect:ClawLightning+1","floor":22},{"not_picked":["Sunder+1","strawberrySpire:NeonFlight","Chaos"],"picked":"SKIP","floor":23},{"not_picked":["Time Bomb","Conserve Battery"],"picked":"Gash+1","floor":30},{"not_picked":["Redo","Clawfect:ClawLightning+1"],"picked":"Coolheaded","floor":31},{"not_picked":["strawberrySpire:DataDump+1","strawberrySpire:Package"],"picked":"Rebound+1","floor":35},{"not_picked":["Self Repair","Steam Power+1"],"picked":"Clawfect:Clawrage+1","floor":40},{"not_picked":["Stack","White Noise"],"picked":"Clawfect:ClawingBeam+1","floor":41},{"not_picked":["Redo","Heatsinks"],"picked":"Skim","floor":42},{"not_picked":["strawberrySpire:HateBit","Steam+1"],"picked":"Clawfect:ClawAndGloom+1","floor":45},{"not_picked":["Conserve Battery","Clawfect:ClawingBeam+1"],"picked":"Clawfect:ClawLightning+1","floor":47},{"not_picked":["Gash+1","strawberrySpire:NeonFlight"],"picked":"Glacier","floor":48}],"player_experience":377246,"relics_obtained":[{"floor":6,"key":"Ancient Bracer"},{"floor":9,"key":"Torii"},{"floor":13,"key":"halation:AfternoonTea"},{"floor":23,"key":"halation:IllGainedPizza"},{"floor":26,"key":"Replay:WaspNest"},{"floor":30,"key":"Mercury Hourglass"},{"floor":38,"key":"strawberrySpire:DirtyLipstick"},{"floor":40,"key":"halation:Gekota"},{"floor":43,"key":"strawberrySpire:StillNotAdequateHouse"},{"floor":45,"key":"hubris:Spice"},{"floor":47,"key":"Pondfish Scales"}],"event_choices":[{"damage_healed":0,"gold_gain":0,"player_choice":"Donut","damage_taken":0,"max_hp_gain":5,"max_hp_loss":0,"event_name":"Big Fish","floor":4,"gold_loss":0},{"damage_healed":0,"gold_gain":0,"player_choice":"Take Damage","damage_taken":20,"relics_obtained":["Golden Idol"],"max_hp_gain":0,"max_hp_loss":0,"event_name":"Golden Idol","floor":5,"gold_loss":0},{"damage_healed":0,"gold_gain":0,"player_choice":"Got Potions","damage_taken":0,"max_hp_gain":0,"max_hp_loss":0,"event_name":"Lab","floor":11,"gold_loss":0},{"damage_healed":0,"gold_gain":0,"player_choice":"Copied","damage_taken":0,"max_hp_gain":0,"max_hp_loss":0,"event_name":"Duplicator","floor":36,"gold_loss":0,"cards_obtained":["Clawfect:ClawLightning"]}],"is_beta":false,"boss_relics":[{"not_picked":["halation:Risk","Ectoplasm"],"picked":"strawberrySpire:SolarisEssence"},{"not_picked":["aspiration:RitualDagger","halation:LoveArrow"],"picked":"hubris:Backtick"}],"items_purged_floors":[20,24],"is_endless":false,"potions_floor_spawned":[6,10,13,23,31,33,35,41,45,47],"ascension_level":14}