{"gold_per_floor":[111,130,130,141,141,141,171,171,171,203,228,240,253,25,25,122,122,140,140,19,37,37,37,71,47,47,77,77,77,77,87,87,189,189,207,222,222,140,0,33,33,51,51,51,51,0,15,15,15,15],"floor_reached":51,"playtime":1980,"items_purged":["Defend_B"],"score":799,"play_id":"f17ffde6-dbbc-460d-9f19-fae9909b6fc3","local_time":"20190128183600","is_ascension_mode":false,"campfire_choices":[{"data":"Clawfect:ClawCell","floor":6.0,"key":"SMITH"},{"data":"Clawfect:Clawter","floor":8.0,"key":"SMITH"},{"floor":23,"key":"REST"},{"data":"Pot Of Greed","floor":28,"key":"SMITH"},{"data":"Pot Of Greed","floor":30,"key":"SMITH"},{"floor":32,"key":"REST"},{"floor":41,"key":"REST"},{"floor":49,"key":"REST"}],"neow_cost":"NONE","seed_source_timestamp":166353371115266,"circlet_count":0,"master_deck":["Gash","Gash","Gash","Gash","Gash","Defend_B+1","Defend_B","Defend_B","Clawfect:Clawter+1","Clawfect:ClawSnap","Clawfect:ClawCell+1","Clawfect:ClawpileDriver","Pot Of Greed+1","Pot Of Greed","Clawfect:ClawForTheEyes","Hologram","Clawfect:Clawrage","FIFO Queue+1","strawberrySpire:Ronchyble","Hologram","Hologram","strawberrySpire:NeonFlight","Coolheaded","Pot Of Greed+1","Clawfect:Clawrage","Shame","strawberrySpire:Adapter","Clawfect:ClawingBeam","Electrodynamics","strawberrySpire:Adapter+1","Coolheaded","Clawfect:ClawAndGloom","FTL+1","Steam Power+1","Clawfect:ScrapingClaw","Clawfect:ClawLightning","Pot Of Greed","Clawfect:ClawCell+1","Coolheaded+1"],"special_seed":0,"relics":["halation:SimulatedSpire","aspiration:BabyByrd","strawberrySpire:PoopsieRoll","Grinning Jar","Orichalcum","Dream Catcher","aspiration:EnhancedActuators","hubris:RunicObelisk","Symbiotic Virus","hubris:DeckOfHolding","Tiny Chest","halation:PinkAlligatorPlush","Red Mask","halation:Gekota","Bottled Tornado","ReplayTheSpireMod:Multitool"],"potions_floor_usage":[35,50,50,50],"damage_taken":[{"damage":0.0,"enemies":"Cultist","floor":1.0,"turns":4.0},{"damage":3.0,"enemies":"2 Louse","floor":2.0,"turns":4.0},{"damage":1.0,"enemies":"Jaw Worm","floor":4.0,"turns":4.0},{"damage":18.0,"enemies":"Gremlin Nob","floor":7.0,"turns":4.0},{"damage":13.0,"enemies":"3 Sentries","floor":10.0,"turns":5.0},{"damage":0.0,"enemies":"Exordium Thugs","floor":12.0,"turns":3.0},{"damage":0.0,"enemies":"Red Slaver","floor":13.0,"turns":2.0},{"damage":3.0,"enemies":"Hexaghost","floor":16.0,"turns":5.0},{"damage":27,"enemies":"2 Thieves","floor":18,"turns":4},{"damage":15,"enemies":"Shell Parasite","floor":21,"turns":3},{"damage":10,"enemies":"strawberrySpire:AncientClocktower","floor":24,"turns":4},{"damage":0,"enemies":"Shelled Parasite and Fungi","floor":31,"turns":2},{"damage":20,"enemies":"Collector","floor":33,"turns":4},{"damage":9,"enemies":"3 Darklings","floor":35,"turns":4},{"damage":10,"enemies":"Orb Walker","floor":36,"turns":3},{"damage":23,"enemies":"Reptomancer","floor":40,"turns":4},{"damage":9,"enemies":"Sphere and 2 Shapes","floor":42,"turns":3},{"damage":9,"enemies":"3 Darklings","floor":47,"turns":3},{"damage":33,"enemies":"hubris:GrandSnecko","floor":50,"turns":5}],"seed_played":"830990626884674959","potions_obtained":[{"floor":7.0,"key":"Poison Potion"},{"floor":12.0,"key":"Fire Potion"},{"floor":13.0,"key":"SkillPotion"},{"floor":33,"key":"Cursed Concoction"},{"floor":35,"key":"Fire Potion"}],"is_trial":false,"path_per_floor":["M","M","?","M","?","R","E","R","T","E","T","M","M","$","R","B",null,"M","?","$","M","?","R","E","$","T","?","R","?","R","M","R","B",null,"M","M","?","$","?","E","R","M","T","?","T","$","M","$","R","B",null],"character_chosen":"DEFECT","items_purchased":["aspiration:EnhancedActuators","FIFO Queue","Hologram","Clawfect:Clawrage","Clawfect:ClawAndGloom","Clawfect:ClawLightning"],"campfire_rested":4,"item_purchase_floors":[14,14,20,25,38,46],"current_hp_per_floor":[75,72,72,71,71,71,53,53,53,40,40,40,40,40,25,22,75,48,32,32,17,17,39,29,29,29,29,29,29,29,29,51,31,75,66,56,56,56,56,33,55,46,46,46,46,46,37,37,59,26],"gold":15,"neow_bonus":"SIMULATED_SPIRE","is_prod":false,"is_daily":false,"chose_seed":false,"campfire_upgraded":4,"win_rate":0,"timestamp":1548660960,"path_taken":["M","M","?","?","?","R","E","R","T","E","?","M","?","?","R","BOSS","M","?","$","M","?","R","E","?","T","?","R","?","R","M","R","BOSS","M","M","?","$","?","E","R","M","T","?","?","?","?","$","R","BOSS"],"build_version":"2019-01-23","purchased_purges":1,"victory":true,"max_hp_per_floor":[75,75,75,75,75,75,75,75,75,75,75,75,75,75,75,75,75,75,75,75,75,75,75,75,75,75,75,75,75,75,75,75,75,75,75,75,75,75,75,75,75,75,75,75,75,75,75,75,75,75],"card_choices":[{"not_picked":["Turbo","Recycle"],"picked":"Clawfect:Clawter","floor":1.0},{"not_picked":["Double Energy","ReplayTheSpireMod:Calculation Training"],"picked":"Clawfect:ClawSnap","floor":2.0},{"not_picked":["Conserve Battery","BasicCrystalCard"],"picked":"Clawfect:ClawCell","floor":4.0},{"not_picked":["FTL","ReplaySolidLightProjector"],"picked":"Clawfect:ClawpileDriver","floor":7.0},{"not_picked":["strawberrySpire:NeonFlight","Turbo"],"picked":"Clawfect:ClawForTheEyes","floor":10.0},{"not_picked":["Meteor Strike","Clawfect:ClawpileDriver"],"picked":"Hologram","floor":12.0},{"not_picked":["Clawfect:ClawingBeam","strawberrySpire:ReturnNull"],"picked":"Clawfect:Clawrage","floor":13.0},{"not_picked":["Seek","Thunder Strike"],"picked":"strawberrySpire:Ronchyble","floor":16.0},{"not_picked":["Panic Button","Steam"],"picked":"Hologram","floor":18},{"not_picked":["FIFO Queue","ReplayTheSpireMod:Repulse"],"picked":"strawberrySpire:NeonFlight","floor":21},{"not_picked":["strawberrySpire:GearCrunch+1","Rebound","FTL"],"picked":"SKIP","floor":21},{"not_picked":["Turbo","hubris:Ukulele+1"],"picked":"strawberrySpire:Compressor","floor":23},{"not_picked":["strawberrySpire:Refactor","Aggregate"],"picked":"Coolheaded","floor":24},{"not_picked":["ReplayTheSpireMod:GoodbyeWorld","Conserve Battery"],"picked":"strawberrySpire:Adapter","floor":31},{"not_picked":["Leap","Loop+1","Clawfect:Clawline+1"],"picked":"SKIP","floor":31},{"not_picked":["Stack+1","Clawfect:ClawAndTear"],"picked":"Clawfect:ClawingBeam","floor":32},{"not_picked":["strawberrySpire:BiBeamBolt","Thunder Strike"],"picked":"Electrodynamics","floor":33},{"not_picked":["strawberrySpire:DataDump","Conserve Battery"],"picked":"strawberrySpire:Adapter+1","floor":35},{"not_picked":["Clawfect:ClawAndGloom","Clawfect:ClawForOne","Clawfect:ClawLightning+1"],"picked":"SKIP","floor":35},{"not_picked":["ReplayTheSpireMod:System Scan+1","White Noise+1"],"picked":"Coolheaded","floor":36},{"not_picked":["Reinforced Body","Storm","BootSequence+1"],"picked":"SKIP","floor":36},{"not_picked":["Panic Button","Buffer"],"picked":"FTL+1","floor":40},{"not_picked":["Clawfect:Clawline","Stack+1"],"picked":"Steam Power+1","floor":41},{"not_picked":["strawberrySpire:Adapter","Chill"],"picked":"Clawfect:ScrapingClaw","floor":42},{"not_picked":["Turbo+1","ReplayGash","hubris:SpecializedCircuitry"],"picked":"SKIP","floor":42},{"not_picked":["Auto Shields","Steam+1"],"picked":"Clawfect:ClawCell+1","floor":47},{"not_picked":["Clawfect:ClawLightning","Clawfect:Clawline","Clawfect:ScrapingClaw+1"],"picked":"SKIP","floor":47},{"not_picked":["Clawfect:Clawline","BootSequence+1"],"picked":"Coolheaded+1","floor":49}],"player_experience":340312,"relics_obtained":[{"floor":7.0,"key":"strawberrySpire:PoopsieRoll"},{"floor":9.0,"key":"Grinning Jar"},{"floor":10.0,"key":"Orichalcum"},{"floor":11.0,"key":"Dream Catcher"},{"floor":24,"key":"Symbiotic Virus"},{"floor":26,"key":"hubris:DeckOfHolding"},{"floor":40,"key":"halation:Gekota"},{"floor":43,"key":"Bottled Tornado"},{"floor":45,"key":"ReplayTheSpireMod:Multitool"}],"event_choices":[{"damage_healed":0.0,"max_hp_gain":0.0,"max_hp_loss":0.0,"gold_gain":0.0,"event_name":"Shining Light","player_choice":"Entered Light","floor":15.0,"gold_loss":0.0,"damage_taken":15.0,"cards_upgraded":["FIFO Queue","Defend_B"]},{"damage_healed":0,"gold_gain":0,"player_choice":"Obtained Book","damage_taken":16,"max_hp_gain":0,"max_hp_loss":0,"event_name":"Cursed Tome","floor":19,"gold_loss":0},{"cards_removed":["Defend_B"],"damage_healed":0,"gold_gain":0,"player_choice":"Elegance","damage_taken":0,"max_hp_gain":0,"max_hp_loss":0,"event_name":"Back to Basics","floor":22,"gold_loss":0},{"damage_healed":0,"gold_gain":0,"player_choice":"Stole Relic","damage_taken":0,"relics_obtained":["Tiny Chest"],"max_hp_gain":0,"max_hp_loss":0,"event_name":"Addict","floor":27,"gold_loss":0,"cards_obtained":["Shame"]},{"damage_healed":0,"gold_gain":0,"player_choice":"Paid","damage_taken":0,"relics_obtained":["Red Mask"],"max_hp_gain":0,"max_hp_loss":0,"event_name":"Tomb of Lord Red Mask","floor":39,"gold_loss":140},{"cards_removed":["strawberrySpire:Compressor"],"damage_healed":0,"gold_gain":0,"player_choice":"Removed Skill","damage_taken":0,"max_hp_gain":0,"max_hp_loss":0,"event_name":"Falling","floor":44,"gold_loss":0}],"is_beta":false,"boss_relics":[{"not_picked":["Replay:Drink Me","Busted Crown"],"picked":"hubris:RunicObelisk"},{"not_picked":["hubris:GrandSneckoEye","halation:Prosthetics"],"picked":"halation:PinkAlligatorPlush"}],"items_purged_floors":[20],"is_endless":false,"potions_floor_spawned":[7,12,13,16,24,33,35,42],"ascension_level":0}