{"gold_per_floor":[113,127,277,296,296,335,335,435,435,108,129,129],"floor_reached":12,"playtime":415,"items_purged":["Doubt"],"score":156,"play_id":"200d167f-17da-4b33-a610-b2dba5a1c38d","local_time":"20190214131510","is_ascension_mode":true,"campfire_choices":[{"floor":7,"key":"REST"}],"neow_cost":"NONE","seed_source_timestamp":124225518553676,"circlet_count":0,"master_deck":["AscendersBane","Strike_B","Strike_B","Strike_B","Strike_B","Defend_B","Defend_B","Defend_B","Defend_B","Zap","Dualcast","Glacier","Coolheaded","Conserve Battery","Ball Lightning","Coolheaded","Conserve Battery"],"relics":["Cracked Core","Golden Idol","Letter Opener","Regal Pillow","DataDisk"],"potions_floor_usage":[6,12],"damage_taken":[{"damage":0,"enemies":"Small Slimes","floor":1,"turns":3},{"damage":2,"enemies":"Cultist","floor":2,"turns":4},{"damage":4,"enemies":"2 Louse","floor":4,"turns":3},{"damage":27,"enemies":"Lagavulin","floor":6,"turns":13},{"damage":14,"enemies":"Exordium Thugs","floor":11,"turns":6},{"damage":42,"enemies":"Gremlin Nob","floor":12,"turns":4}],"seed_played":"2619081758778079419","potions_obtained":[{"floor":4,"key":"Fire Potion"},{"floor":11,"key":"Fruit Juice"}],"is_trial":false,"path_per_floor":["M","M","?","M","?","E","R","?","T","$","M","E"],"character_chosen":"DEFECT","items_purchased":["DataDisk","Ball Lightning","Coolheaded"],"campfire_rested":1,"item_purchase_floors":[10,10,10],"current_hp_per_floor":[71,69,69,65,38,11,34,34,34,34,20,0],"gold":129,"neow_bonus":"TEN_PERCENT_HP_BONUS","is_prod":false,"is_daily":false,"chose_seed":false,"campfire_upgraded":0,"win_rate":0,"timestamp":1550110510,"path_taken":["M","M","?","M","?","E","R","?","T","$","?","E"],"build_version":"2019-01-23","purchased_purges":1,"victory":false,"max_hp_per_floor":[78,78,78,78,78,78,78,78,78,78,78,83],"card_choices":[{"not_picked":["Streamline","Rip and Tear","Reprogram"],"picked":"SKIP","floor":1},{"not_picked":["Ball Lightning","Force Field"],"picked":"Glacier","floor":2},{"not_picked":["Heatsinks","Hologram"],"picked":"Coolheaded","floor":4},{"not_picked":["Loop","Storm"],"picked":"Conserve Battery","floor":6},{"not_picked":["Reprogram","Heatsinks"],"picked":"Conserve Battery","floor":11}],"player_experience":345064,"relics_obtained":[{"floor":6,"key":"Letter Opener"},{"floor":9,"key":"Regal Pillow"}],"event_choices":[{"damage_healed":0,"gold_gain":150,"player_choice":"AGREE","damage_taken":0,"max_hp_gain":0,"max_hp_loss":0,"event_name":"Liars Game","floor":3,"gold_loss":0,"cards_obtained":["Doubt"]},{"damage_healed":0,"gold_gain":0,"player_choice":"Take Damage","damage_taken":27,"relics_obtained":["Golden Idol"],"max_hp_gain":0,"max_hp_loss":0,"event_name":"Golden Idol","floor":5,"gold_loss":0},{"damage_healed":0,"gold_gain":100,"player_choice":"Gold","damage_taken":0,"max_hp_gain":0,"max_hp_loss":0,"event_name":"Wheel of Change","floor":8,"gold_loss":0}],"is_beta":false,"boss_relics":[],"items_purged_floors":[10],"is_endless":false,"potions_floor_spawned":[4,11],"killed_by":"Gremlin Nob","ascension_level":20}