{"gold_per_floor":[111,121,140,290,51,51,79,79,149,149,167,183,183,2,2,79,79,95,95,66,78,91,91,91,91,91,91],"floor_reached":27,"playtime":665,"items_purged":["Doubt","Strike_B"],"score":422,"play_id":"acbf681b-e456-4dd0-aa1c-55c00c9c607b","local_time":"20190223040003","is_ascension_mode":true,"campfire_choices":[{"data":"Zap","floor":6.0,"key":"SMITH"},{"data":"Hologram","floor":8.0,"key":"SMITH"},{"data":"Capacitor","floor":10.0,"key":"SMITH"},{"floor":13.0,"key":"REST"},{"data":"Echo Form","floor":15.0,"key":"SMITH"},{"data":"Self Repair","floor":23.0,"key":"SMITH"},{"floor":25.0,"key":"REST"}],"neow_cost":"NONE","seed_source_timestamp":49315730992200,"circlet_count":0,"master_deck":["AscendersBane","Strike_B","Strike_B","Strike_B","Defend_B","Defend_B","Defend_B","Defend_B","Zap+1","Dualcast","Cold Snap","Ball Lightning","Ball Lightning","Capacitor+1","Compile Driver","Hologram+1","Echo Form+1","Self Repair+1","Echo Form+1","Conserve Battery","Cold Snap"],"special_seed":0,"relics":["Cracked Core","NeowsBlessing","Lantern","Cables","Philosopher\u0027s Stone","Mummified Hand"],"potions_floor_usage":[27],"damage_taken":[{"damage":0.0,"enemies":"Cultist","floor":1.0,"turns":1.0},{"damage":0.0,"enemies":"2 Louse","floor":2.0,"turns":1.0},{"damage":0.0,"enemies":"Jaw Worm","floor":3.0,"turns":1.0},{"damage":22.0,"enemies":"Gremlin Nob","floor":7.0,"turns":4.0},{"damage":22.0,"enemies":"Exordium Thugs","floor":11.0,"turns":4.0},{"damage":0.0,"enemies":"Large Slime","floor":12.0,"turns":4.0},{"damage":24.0,"enemies":"Hexaghost","floor":16.0,"turns":5.0},{"damage":14.0,"enemies":"3 Byrds","floor":18.0,"turns":3.0},{"damage":24.0,"enemies":"Shell Parasite","floor":21.0,"turns":6.0},{"damage":7.0,"enemies":"Centurion and Healer","floor":22.0,"turns":7.0},{"damage":73,"enemies":"Slavers","floor":27,"turns":3}],"seed_played":"-6633960878222876842","potions_obtained":[{"floor":12.0,"key":"PowerPotion"},{"floor":16.0,"key":"Swift Potion"},{"floor":18.0,"key":"SpeedPotion"},{"floor":22.0,"key":"Ancient Potion"}],"is_trial":false,"path_per_floor":["M","M","M","?","$","R","E","R","T","R","M","M","R","$","R","B",null,"M","?","$","M","M","R","$","R","T","E"],"character_chosen":"DEFECT","items_purchased":["Capacitor","Compile Driver","Block Potion","LiquidBronze","Conserve Battery"],"campfire_rested":2,"item_purchase_floors":[5,5,5,14,20],"current_hp_per_floor":[64,64,64,64,64,64,42,42,42,42,20,20,41,41,41,17,58,44,44,44,34,41,41,41,62,62,0],"gold":91,"neow_bonus":"THREE_ENEMY_KILL","is_prod":false,"is_daily":false,"chose_seed":false,"campfire_upgraded":5,"win_rate":0,"timestamp":1550887203,"path_taken":["M","?","M","?","$","R","E","R","T","R","M","M","R","$","R","BOSS","M","?","?","M","M","R","$","R","T","E"],"build_version":"2019-01-23","purchased_purges":2,"victory":false,"max_hp_per_floor":[71,71,71,71,71,71,71,71,71,71,71,71,71,71,71,71,71,71,71,71,71,71,71,71,71,71,71],"card_choices":[{"not_picked":["Beam Cell","Barrage"],"picked":"Cold Snap","floor":1.0},{"not_picked":["Stack","Beam Cell"],"picked":"Ball Lightning","floor":2.0},{"not_picked":["Steam","Streamline"],"picked":"Ball Lightning","floor":3.0},{"not_picked":["Ball Lightning","Gash"],"picked":"Hologram","floor":7.0},{"not_picked":["Reinforced Body","Sunder"],"picked":"Echo Form","floor":11.0},{"not_picked":["Coolheaded","Gash","FTL"],"picked":"SKIP","floor":12.0},{"not_picked":["Conserve Battery","Redo+1"],"picked":"Self Repair","floor":18.0},{"not_picked":["Reinforced Body","Static Discharge","Barrage"],"picked":"SKIP","floor":21.0},{"not_picked":["Gash","Steam"],"picked":"Cold Snap","floor":22.0}],"player_experience":904693,"relics_obtained":[{"floor":7.0,"key":"Lantern"},{"floor":9.0,"key":"Cables"},{"floor":26.0,"key":"Mummified Hand"}],"event_choices":[{"damage_healed":0.0,"max_hp_gain":0.0,"max_hp_loss":0.0,"gold_gain":150.0,"event_name":"Liars Game","player_choice":"AGREE","floor":4.0,"gold_loss":0.0,"damage_taken":0.0,"cards_obtained":["Doubt"]},{"damage_healed":0.0,"max_hp_gain":0.0,"max_hp_loss":0.0,"gold_gain":0.0,"event_name":"Duplicator","player_choice":"Copied","floor":19.0,"gold_loss":0.0,"damage_taken":0.0,"cards_obtained":["Echo Form"]}],"is_beta":false,"boss_relics":[{"not_picked":["Tiny House","Empty Cage"],"picked":"Philosopher\u0027s Stone"}],"items_purged_floors":[5,14],"is_endless":false,"potions_floor_spawned":[12,16,18,22],"killed_by":"Slavers","ascension_level":20}