{"gold_per_floor":[119,135,60,60,36,36,46,73,73,85,98,48,48,60,60,162,162,162,162,162,102,102,102,102,102,102,102,102,102,102,102,102,102,102,102,102,102,102,102,102,102,102,102,52,52,52,52,52,52,52],"floor_reached":51,"playtime":10396,"items_purged":["Strike_R","Regret","Defend_R"],"score":676,"play_id":"976e7fd2-5341-4972-9926-8eeb60f68032","local_time":"20190222001304","is_ascension_mode":false,"campfire_choices":[{"data":"Shrug It Off","floor":6.0,"key":"SMITH"},{"data":"Flame Barrier","floor":13.0,"key":"SMITH"},{"data":"Seeing Red","floor":15.0,"key":"SMITH"},{"data":"Demon Form","floor":23,"key":"SMITH"},{"data":"Flex","floor":25,"key":"SMITH"},{"data":"Defend_R","floor":29,"key":"SMITH"},{"data":"Defend_R","floor":32,"key":"SMITH"},{"floor":40,"key":"REST"},{"data":"Impervious","floor":45,"key":"SMITH"},{"data":"Battle Trance","floor":49,"key":"SMITH"}],"neow_cost":"NONE","seed_source_timestamp":0,"circlet_count":0,"master_deck":["Defend_R+1","Defend_R+1","Defend_R+1","Bash+1","Shrug It Off+1","Flex+1","Clothesline+1","Flame Barrier+1","Heavy Blade+1","Seeing Red+1","Headbutt+1","Dual Wield","Demon Form+1","Bite+1","Bite+1","Bite+1","Bite+1","Bite+1","Headbutt+1","RitualDagger+1","Pummel+1","Shockwave+1","Shrug It Off+1","Impervious+1","Shrug It Off+1","Spot Weakness+1","Shrug It Off+1","Battle Trance+1"],"special_seed":0,"relics":["Burning Blood","Molten Egg 2","Smiling Mask","Question Card","Ectoplasm","Shuriken","Sozu","Prayer Wheel","Ornamental Fan"],"potions_floor_usage":[21,33,37],"damage_taken":[{"damage":1.0,"enemies":"Jaw Worm","floor":1.0,"turns":5.0},{"damage":0.0,"enemies":"2 Louse","floor":2.0,"turns":3.0},{"damage":2.0,"enemies":"Cultist","floor":7.0,"turns":5.0},{"damage":6.0,"enemies":"Gremlin Nob","floor":8.0,"turns":4.0},{"damage":16.0,"enemies":"Exordium Wildlife","floor":10.0,"turns":4.0},{"damage":21.0,"enemies":"Large Slime","floor":11.0,"turns":8.0},{"damage":10.0,"enemies":"Red Slaver","floor":14.0,"turns":5.0},{"damage":50.0,"enemies":"Slime Boss","floor":16.0,"turns":20.0},{"damage":10,"enemies":"Spheric Guardian","floor":18,"turns":4},{"damage":9,"enemies":"2 Thieves","floor":21,"turns":4},{"damage":0,"enemies":"Snecko","floor":24,"turns":5},{"damage":19,"enemies":"Centurion and Healer","floor":28,"turns":5},{"damage":0,"enemies":"Chosen and Byrds","floor":30,"turns":3},{"damage":61,"enemies":"Automaton","floor":33,"turns":10},{"damage":5,"enemies":"Orb Walker","floor":35,"turns":3},{"damage":1,"enemies":"3 Shapes","floor":36,"turns":3},{"damage":49,"enemies":"2 Orb Walkers","floor":37,"turns":7},{"damage":28,"enemies":"Writhing Mass","floor":39,"turns":6},{"damage":5,"enemies":"4 Shapes","floor":41,"turns":7},{"damage":16,"enemies":"3 Darklings","floor":42,"turns":4},{"damage":0,"enemies":"Writhing Mass","floor":46,"turns":5},{"damage":10,"enemies":"Maw","floor":47,"turns":4},{"damage":29,"enemies":"Time Eater","floor":50,"turns":9}],"seed_played":"-7312793904298171663","potions_obtained":[{"floor":2.0,"key":"AttackPotion"},{"floor":7.0,"key":"Swift Potion"},{"floor":11.0,"key":"Ancient Potion"},{"floor":14.0,"key":"Weak Potion"},{"floor":18,"key":"Weak Potion"},{"floor":30,"key":"Explosive Potion"},{"floor":33,"key":"Poison Potion"}],"is_trial":false,"path_per_floor":["M","M","$","?","$","R","M","E","T","M","M","$","R","M","R","B",null,"M","?","?","M","?","R","M","R","T","$","M","R","M","?","R","B",null,"M","M","?","?","M","R","M","M","T","$","R","M","M","$","R","B",null],"character_chosen":"IRONCLAD","items_purchased":["Clothesline+1"],"campfire_rested":1,"item_purchase_floors":[5],"current_hp_per_floor":[80,80,80,80,80,80,80,80,80,70,55,55,55,51,51,7,80,76,56,56,56,50,50,56,56,56,56,56,56,56,56,56,25,56,56,56,22,22,15,31,47,49,49,49,49,56,56,56,56,54],"gold":52,"neow_bonus":"UPGRADE_CARD","is_prod":false,"is_daily":false,"chose_seed":false,"campfire_upgraded":9,"win_rate":0,"timestamp":1550761984,"path_taken":["M","M","$","?","$","R","M","E","T","M","M","$","R","M","R","BOSS","M","?","?","?","?","R","M","R","T","$","M","R","M","?","R","BOSS","M","M","?","?","M","R","M","M","T","$","R","M","M","$","R","BOSS"],"build_version":"2019-01-23","purchased_purges":3,"victory":true,"max_hp_per_floor":[80,80,80,80,80,80,80,80,80,80,80,80,80,80,80,80,80,80,56,56,56,56,56,56,56,56,56,56,56,56,56,56,56,56,56,56,56,56,56,56,56,56,56,56,56,56,56,56,56,56],"card_choices":[{"not_picked":["Fire Breathing","Body Slam"],"picked":"Shrug It Off","floor":1.0},{"not_picked":["Carnage","Perfected Strike"],"picked":"Flex","floor":2.0},{"not_picked":["Perfected Strike+1","Carnage+1"],"picked":"Flame Barrier","floor":7.0},{"not_picked":["Fire Breathing","Cleave+1"],"picked":"Heavy Blade+1","floor":8.0},{"not_picked":["Twin Strike+1","Wild Strike+1","Intimidate"],"picked":"Seeing Red","floor":10.0},{"not_picked":["Power Through","Sword Boomerang+1","True Grit"],"picked":"Headbutt+1","floor":11.0},{"not_picked":["Juggernaut","Anger+1","Clothesline+1"],"picked":"Dual Wield","floor":14.0},{"not_picked":["Brutality","Barricade","Limit Break"],"picked":"Demon Form","floor":16.0},{"not_picked":["Havoc","Cleave+1","Body Slam+1"],"picked":"Pommel Strike+1","floor":18},{"not_picked":["Flex+1","Wild Strike+1","Clothesline+1"],"picked":"Headbutt+1","floor":21},{"not_picked":["Evolve","Armaments","Anger+1"],"picked":"Pummel+1","floor":24},{"not_picked":["Impervious","Uppercut+1","Armaments+1"],"picked":"Shockwave+1","floor":28},{"not_picked":["Rupture","Heavy Blade+1","Perfected Strike+1"],"picked":"Shrug It Off+1","floor":30},{"not_picked":["Double Tap","Immolate+1","Offering"],"picked":"Impervious","floor":33},{"not_picked":["Dropkick+1","Perfected Strike+1","Sword Boomerang+1"],"picked":"Shrug It Off+1","floor":35},{"not_picked":["Twin Strike+1","Body Slam+1","Brutality","Second Wind"],"picked":"SKIP","floor":36},{"not_picked":["Wild Strike+1","Rupture","Shrug It Off"],"picked":"Spot Weakness+1","floor":37},{"not_picked":["Wild Strike+1","Clothesline+1","Twin Strike+1"],"picked":"Shrug It Off+1","floor":39},{"not_picked":["Havoc","Hemokinesis+1","Armaments+1","Rupture"],"picked":"SKIP","floor":39},{"not_picked":["Thunderclap+1","Dual Wield","Headbutt+1","Sword Boomerang+1"],"picked":"SKIP","floor":41},{"not_picked":["Blood for Blood+1","Combust+1","True Grit","Brutality"],"picked":"SKIP","floor":41},{"not_picked":["Havoc","Dual Wield","Heavy Blade+1","Armaments"],"picked":"SKIP","floor":42},{"not_picked":["Sever Soul+1","Combust","Clothesline+1","Twin Strike+1"],"picked":"SKIP","floor":42},{"not_picked":["True Grit","Clash+1","Armaments","Entrench+1"],"picked":"SKIP","floor":46},{"not_picked":["Thunderclap+1","Heavy Blade+1","Clothesline+1","Spot Weakness"],"picked":"SKIP","floor":46},{"not_picked":["True Grit","Clash+1","Armaments","Entrench+1"],"picked":"SKIP","floor":46},{"not_picked":["Thunderclap+1","Heavy Blade+1","Clothesline+1","Spot Weakness"],"picked":"SKIP","floor":46},{"not_picked":["Corruption","Ghostly Armor+1","Second Wind+1"],"picked":"Battle Trance","floor":47},{"not_picked":["Hemokinesis+1","Clash+1","Power Through+1","Sever Soul+1"],"picked":"SKIP","floor":47}],"player_experience":309536,"relics_obtained":[{"floor":8.0,"key":"Smiling Mask"},{"floor":9.0,"key":"Question Card"},{"floor":26,"key":"Shuriken"},{"floor":37,"key":"Prayer Wheel"},{"floor":43,"key":"Ornamental Fan"}],"event_choices":[{"damage_healed":0.0,"max_hp_gain":0.0,"max_hp_loss":0.0,"gold_gain":0.0,"event_name":"Big Fish","player_choice":"Box","floor":4.0,"gold_loss":0.0,"damage_taken":0.0,"relics_obtained":["Molten Egg 2"],"cards_obtained":["Regret"]},{"damage_healed":0,"gold_gain":0,"player_choice":"Became a vampire","damage_taken":0,"max_hp_gain":0,"max_hp_loss":24,"event_name":"Vampires","floor":19,"gold_loss":0,"cards_obtained":["Bite","Bite","Bite","Bite","Bite"]},{"damage_healed":0,"gold_gain":100,"player_choice":"Pray","damage_taken":0,"max_hp_gain":0,"max_hp_loss":0,"event_name":"Golden Shrine","floor":20,"gold_loss":0},{"damage_healed":0,"gold_gain":0,"player_choice":"Joined the Cult","damage_taken":6,"max_hp_gain":0,"max_hp_loss":0,"event_name":"Nest","floor":22,"gold_loss":0,"cards_obtained":["RitualDagger"]},{"damage_healed":0,"gold_gain":0,"player_choice":"Forge","damage_taken":0,"max_hp_gain":0,"max_hp_loss":0,"event_name":"Accursed Blacksmith","floor":31,"gold_loss":0,"cards_upgraded":["Defend_R"]},{"damage_healed":0,"gold_gain":0,"player_choice":"Fight","damage_taken":0,"max_hp_gain":0,"max_hp_loss":0,"event_name":"Mysterious Sphere","floor":37,"gold_loss":0},{"cards_removed":["Pommel Strike"],"damage_healed":0,"gold_gain":0,"player_choice":"Removed Attack","damage_taken":0,"max_hp_gain":0,"max_hp_loss":0,"event_name":"Falling","floor":38,"gold_loss":0}],"is_beta":false,"boss_relics":[{"not_picked":["Tiny House","Black Star"],"picked":"Ectoplasm"},{"not_picked":["Cursed Key","Calling Bell"],"picked":"Sozu"}],"items_purged_floors":[3,12,44],"is_endless":false,"potions_floor_spawned":[2,7,11,14,18,30,33,35,46,47],"ascension_level":0}