{"gold_per_floor":[116,116,116,146,162,162,193,210,235,235,248,248,265,283,283,360,360,379,379,294,309,328,328,328],"floor_reached":24,"playtime":515,"items_purged":[],"score":446,"play_id":"a824107e-9de9-4dec-8753-41a97dc778de","local_time":"20190223210103","is_ascension_mode":true,"campfire_choices":[{"data":"Zap","floor":6,"key":"SMITH"},{"data":"Go for the Eyes","floor":10,"key":"SMITH"},{"data":"Consume","floor":12,"key":"SMITH"},{"floor":15,"key":"REST"},{"floor":23,"key":"REST"}],"neow_cost":"NONE","seed_source_timestamp":26580602067900,"circlet_count":0,"master_deck":["AscendersBane","Strike_B","Strike_B","Defend_B","Defend_B","Zap+1","Dualcast","Consume+1","Ball Lightning","Go for the Eyes+1","Compile Driver","Echo Form","All For One+1","Lockon+1","Tempest+1","Conserve Battery","Coolheaded"],"relics":["Cracked Core","NeowsBlessing","Tiny Chest","Pen Nib","Lantern","Astrolabe","Happy Flower"],"potions_floor_usage":[13,16,16],"damage_taken":[{"damage":0,"enemies":"Jaw Worm","floor":1,"turns":1},{"damage":0,"enemies":"Small Slimes","floor":5,"turns":1},{"damage":0,"enemies":"Gremlin Nob","floor":7,"turns":1},{"damage":6,"enemies":"2 Louse","floor":8,"turns":3},{"damage":8,"enemies":"Blue Slaver","floor":11,"turns":2},{"damage":1,"enemies":"Looter","floor":13,"turns":2},{"damage":9,"enemies":"2 Fungi Beasts","floor":14,"turns":2},{"damage":35,"enemies":"The Guardian","floor":16,"turns":9},{"damage":23,"enemies":"2 Thieves","floor":18,"turns":3},{"damage":1,"enemies":"Spheric Guardian","floor":21,"turns":3},{"damage":34,"enemies":"3 Cultists","floor":22,"turns":4},{"damage":41,"enemies":"Masked Bandits","floor":24,"turns":3}],"seed_played":"-4727969271692786520","potions_obtained":[{"floor":7,"key":"Regen Potion"},{"floor":8,"key":"SteroidPotion"},{"floor":13,"key":"EssenceOfSteel"},{"floor":22,"key":"SteroidPotion"}],"is_trial":false,"path_per_floor":["M","?","?","?","M","R","E","M","T","R","M","R","M","M","R","B",null,"M","?","?","M","M","R","?"],"character_chosen":"DEFECT","items_purchased":[],"campfire_rested":2,"item_purchase_floors":[],"current_hp_per_floor":[64,69,62,44,44,44,44,38,38,38,30,30,34,25,47,12,60,37,52,52,51,17,39,0],"gold":328,"neow_bonus":"THREE_ENEMY_KILL","is_prod":false,"is_daily":false,"chose_seed":false,"campfire_upgraded":3,"win_rate":0,"timestamp":1550948463,"path_taken":["M","?","?","?","M","R","E","M","T","R","M","R","?","M","R","BOSS","M","?","?","M","M","R","?"],"build_version":"2019-01-23","purchased_purges":0,"victory":false,"max_hp_per_floor":[71,76,76,76,76,76,76,76,76,76,76,76,76,76,76,76,76,76,76,76,76,76,76,76],"card_choices":[{"not_picked":["Gash","Rip and Tear"],"picked":"Consume","floor":1},{"not_picked":["Skim","Lockon"],"picked":"Ball Lightning","floor":5},{"not_picked":["Aggregate","Steam"],"picked":"Go for the Eyes","floor":7},{"not_picked":["Streamline","Beam Cell"],"picked":"Compile Driver","floor":8},{"not_picked":["Steam","Beam Cell","Loop"],"picked":"SKIP","floor":11},{"not_picked":["Hologram","Barrage","Thunder Strike"],"picked":"SKIP","floor":13},{"not_picked":["Steam","Tempest","Stack"],"picked":"SKIP","floor":14},{"not_picked":["All For One","Core Surge"],"picked":"Echo Form","floor":16},{"not_picked":["Steam","Rip and Tear","Go for the Eyes"],"picked":"SKIP","floor":18},{"not_picked":["Stack","Aggregate"],"picked":"Conserve Battery","floor":21},{"not_picked":["Stack","Steam Power"],"picked":"Coolheaded","floor":22}],"player_experience":927771,"relics_obtained":[{"floor":7,"key":"Pen Nib"},{"floor":9,"key":"Lantern"}],"event_choices":[{"damage_healed":0,"gold_gain":0,"player_choice":"Donut","damage_taken":0,"max_hp_gain":5,"max_hp_loss":0,"event_name":"Big Fish","floor":2,"gold_loss":0},{"cards_removed":["Defend_B"],"damage_healed":0,"gold_gain":0,"player_choice":"Card Removal","damage_taken":7,"max_hp_gain":0,"max_hp_loss":0,"event_name":"Golden Wing","floor":3,"gold_loss":0},{"damage_healed":0,"gold_gain":0,"player_choice":"Success","damage_taken":18,"relics_obtained":["Tiny Chest"],"max_hp_gain":0,"max_hp_loss":0,"event_name":"Scrap Ooze","floor":4,"gold_loss":0},{"damage_healed":15,"gold_gain":0,"player_choice":"Heal","damage_taken":0,"max_hp_gain":0,"max_hp_loss":0,"event_name":"The Library","floor":19,"gold_loss":0},{"damage_healed":0,"gold_gain":0,"player_choice":"Obtained Relic","damage_taken":0,"relics_obtained":["Happy Flower"],"max_hp_gain":0,"max_hp_loss":0,"event_name":"Addict","floor":20,"gold_loss":85},{"damage_healed":0,"gold_gain":0,"player_choice":"Fought Bandits","damage_taken":0,"max_hp_gain":0,"max_hp_loss":0,"event_name":"Masked Bandits","floor":24,"gold_loss":0}],"is_beta":false,"boss_relics":[{"not_picked":["Empty Cage","Coffee Dripper"],"picked":"Astrolabe"}],"items_purged_floors":[],"is_endless":false,"potions_floor_spawned":[7,8,13,22],"killed_by":"Masked Bandits","ascension_level":20}