{"gold_per_floor":[116,134,152,152,170,198,212,212,280,30,40,68,68,82,82,177,177,187,187,17,27,27,61,61,72,95,107,133,148,175,175,175,272,272,284,284,13,31,49,49,82,82,134,169,184,210,225,32,32,32,32,32,9,44,44],"floor_reached":56,"playtime":4234,"items_purged":["Strike_R","Strike_R","Strike_R"],"score":1539,"play_id":"d11a68f9-c588-40c0-8fad-2caec5365184","local_time":"20181212220625","is_ascension_mode":false,"campfire_choices":[{"data":"Bludgeon","floor":8.0,"key":"SMITH"},{"floor":13,"key":"RECALL"},{"data":"Corruption","floor":15,"key":"SMITH"},{"data":"Uppercut","floor":24,"key":"SMITH"},{"data":"Sentinel","floor":32,"key":"SMITH"},{"data":"Double Tap","floor":40,"key":"SMITH"},{"data":"Iron Wave","floor":42,"key":"SMITH"},{"data":"Impervious","floor":49,"key":"SMITH"},{"data":"Disarm","floor":52,"key":"SMITH"}],"neow_cost":"NONE","seed_source_timestamp":7909890191227,"circlet_count":0,"master_deck":["Strike_R","Defend_R","Defend_R","Defend_R","Bash","Shrug It Off","Shrug It Off","Bludgeon+1","Corruption+1","Shrug It Off","Burning Pact","Sentinel+1","Disarm+1","Double Tap+1","Uppercut+1","Shrug It Off","Dark Embrace","Barricade","Disarm","Bludgeon+1","Iron Wave+1","Impervious+1","Blood for Blood+1","Shrug It Off","Uppercut+1","Bludgeon+1","Shrug It Off"],"special_seed":0,"relics":["Burning Blood","Pear","Bottled Flame","Ginger","Snecko Eye","Centennial Puzzle","Happy Flower","Magic Flower","Molten Egg 2","Nilry\u0027s Codex","Runic Dome","Pen Nib","Pocketwatch","Blood Vial","Gremlin Horn","Red Skull","DollysMirror","Bag of Preparation"],"potions_floor_usage":[11,23,29,46,50,50,50],"damage_taken":[{"damage":7.0,"enemies":"2 Louse","floor":1.0,"turns":3.0},{"damage":0.0,"enemies":"Small Slimes","floor":2.0,"turns":3.0},{"damage":6.0,"enemies":"Cultist","floor":3.0,"turns":3.0},{"damage":4.0,"enemies":"Looter","floor":5.0,"turns":4.0},{"damage":39.0,"enemies":"3 Sentries","floor":6.0,"turns":15.0},{"damage":12.0,"enemies":"2 Fungi Beasts","floor":7.0,"turns":4.0},{"damage":5,"enemies":"Gremlin Gang","floor":11,"turns":5},{"damage":10,"enemies":"Gremlin Nob","floor":12,"turns":4},{"damage":11,"enemies":"Lots of Slimes","floor":14,"turns":4},{"damage":20,"enemies":"Slime Boss","floor":16,"turns":9},{"damage":0,"enemies":"Chosen","floor":18,"turns":2},{"damage":0,"enemies":"2 Thieves","floor":21,"turns":2},{"damage":0,"enemies":"Gremlin Leader","floor":23,"turns":3},{"damage":0,"enemies":"Snake Plant","floor":25,"turns":1},{"damage":0,"enemies":"Centurion and Healer","floor":27,"turns":4},{"damage":0,"enemies":"Slavers","floor":28,"turns":2},{"damage":5,"enemies":"Chosen and Byrds","floor":29,"turns":2},{"damage":12,"enemies":"Gremlin Leader","floor":30,"turns":3},{"damage":0,"enemies":"Collector","floor":33,"turns":3},{"damage":0,"enemies":"Orb Walker","floor":35,"turns":3},{"damage":0,"enemies":"3 Shapes","floor":38,"turns":3},{"damage":0,"enemies":"Transient","floor":39,"turns":5},{"damage":0,"enemies":"Reptomancer","floor":41,"turns":2},{"damage":0,"enemies":"Nemesis","floor":44,"turns":5},{"damage":0,"enemies":"Maw","floor":45,"turns":2},{"damage":0,"enemies":"Giant Head","floor":46,"turns":3},{"damage":0,"enemies":"4 Shapes","floor":47,"turns":2},{"damage":17,"enemies":"Awakened One","floor":50,"turns":5},{"damage":0,"enemies":"Shield and Spear","floor":54,"turns":2},{"damage":3,"enemies":"The Heart","floor":55,"turns":5}],"seed_played":"2135202881000945974","potions_obtained":[{"floor":1.0,"key":"LiquidBronze"},{"floor":2.0,"key":"Energy Potion"},{"floor":7.0,"key":"SpeedPotion"},{"floor":12,"key":"SteroidPotion"},{"floor":21,"key":"AttackPotion"},{"floor":25,"key":"FearPotion"},{"floor":27,"key":"SkillPotion"},{"floor":33,"key":"Weak Potion"},{"floor":35,"key":"Regen Potion"},{"floor":38,"key":"FearPotion"},{"floor":46,"key":"SteroidPotion"},{"floor":54,"key":"SpeedPotion"}],"is_trial":false,"path_per_floor":["M","M","M","?","M","E","M","R","T","$","M","E","R","M","R","B",null,"M","?","$","M","?","E","R","M","T","M","E","M","E","?","R","B",null,"M","?","$","M","M","R","E","R","T","E","M","E","M","$","R","B",null,"R","$","E","B",null],"character_chosen":"IRONCLAD","items_purchased":["Corruption","Shrug It Off","Burning Pact","Uppercut","Pen Nib","DollysMirror","Shrug It Off"],"campfire_rested":0,"item_purchase_floors":[10,10,10,20,37,48,53],"current_hp_per_floor":[87,88,88,81,83,60,54,54,54,54,55,51,51,46,46,32,98,98,98,98,98,98,98,98,98,98,98,98,98,95,79,79,88,98,98,98,98,98,98,98,98,98,98,98,98,98,98,98,98,98,98,98,98,98,98],"gold":44,"neow_bonus":"TEN_PERCENT_HP_BONUS","is_prod":false,"is_daily":false,"chose_seed":false,"campfire_upgraded":8,"win_rate":0,"timestamp":1544648785,"path_taken":["M","M","M","?","M","E","M","R","T","$","M","E","R","M","R","BOSS","M","?","$","M","?","E","R","M","T","M","E","?","E","?","R","BOSS","M","?","$","?","M","R","E","R","T","E","M","E","M","?","R","BOSS","R","$","E","BOSS"],"build_version":"2018-12-06","purchased_purges":3,"victory":true,"max_hp_per_floor":[88,88,88,88,88,98,98,98,98,98,98,98,98,98,98,98,98,98,98,98,98,98,98,98,98,98,98,98,98,98,98,98,98,98,98,98,98,98,98,98,98,98,98,98,98,98,98,98,98,98,98,98,98,98,98],"card_choices":[{"not_picked":["Whirlwind","Pommel Strike","Headbutt"],"picked":"SKIP","floor":1.0},{"not_picked":["Heavy Blade","Clash"],"picked":"Shrug It Off","floor":2.0},{"not_picked":["Wild Strike","Rupture"],"picked":"Shrug It Off","floor":3.0},{"not_picked":["Pommel Strike","Twin Strike","Havoc"],"picked":"SKIP","floor":5.0},{"not_picked":["Heavy Blade","Sentinel"],"picked":"Bludgeon","floor":6.0},{"not_picked":["Anger","Reckless Charge","Headbutt"],"picked":"SKIP","floor":7.0},{"not_picked":["Warcry","Armaments"],"picked":"Sentinel","floor":11},{"not_picked":["Uppercut","Rage"],"picked":"Flame Barrier","floor":12},{"not_picked":["Cleave","Headbutt"],"picked":"Disarm","floor":14},{"not_picked":["Berserk","Demon Form"],"picked":"Double Tap","floor":16},{"not_picked":["Perfected Strike","Clothesline","Battle Trance"],"picked":"SKIP","floor":18},{"not_picked":["Dropkick","Pommel Strike"],"picked":"Shrug It Off","floor":21},{"not_picked":["Flex","Wild Strike"],"picked":"Dark Embrace","floor":23},{"not_picked":["Clash+1","Flex","Perfected Strike"],"picked":"SKIP","floor":25},{"not_picked":["Searing Blow","Clash","Havoc"],"picked":"SKIP","floor":27},{"not_picked":["Thunderclap","Cleave","Intimidate+1"],"picked":"SKIP","floor":28},{"not_picked":["Shrug It Off","Havoc"],"picked":"Barricade","floor":29},{"not_picked":["Inflame","Heavy Blade+1"],"picked":"Disarm","floor":30},{"not_picked":["Impervious","Exhume"],"picked":"Bludgeon+1","floor":33},{"not_picked":["Flex","Thunderclap+1","Clothesline+1"],"picked":"SKIP","floor":35},{"not_picked":["Wild Strike+1","Reckless Charge+1","Bloodletting+1"],"picked":"SKIP","floor":38},{"not_picked":["Combust","Sword Boomerang+1","Heavy Blade+1"],"picked":"SKIP","floor":39},{"not_picked":["Heavy Blade+1","Rampage+1","Sword Boomerang+1"],"picked":"SKIP","floor":41},{"not_picked":["Anger+1","Shrug It Off+1"],"picked":"Impervious","floor":44},{"not_picked":["Sword Boomerang+1","Spot Weakness+1"],"picked":"Blood for Blood+1","floor":45},{"not_picked":["Rampage+1","Burning Pact+1"],"picked":"Shrug It Off","floor":46},{"not_picked":["Pommel Strike+1","Sword Boomerang+1"],"picked":"Uppercut+1","floor":47},{"not_picked":["Body Slam+1","Flex","Twin Strike+1"],"picked":"SKIP","floor":54}],"player_experience":608323,"relics_obtained":[{"floor":6.0,"key":"Pear"},{"floor":9.0,"key":"Bottled Flame"},{"floor":12,"key":"Ginger"},{"floor":22,"key":"Centennial Puzzle"},{"floor":23,"key":"Happy Flower"},{"floor":28,"key":"Magic Flower"},{"floor":30,"key":"Molten Egg 2"},{"floor":31,"key":"Nilry\u0027s Codex"},{"floor":41,"key":"Pocketwatch"},{"floor":43,"key":"Blood Vial"},{"floor":44,"key":"Gremlin Horn"},{"floor":46,"key":"Red Skull"},{"floor":54,"key":"Bag of Preparation"}],"event_choices":[{"cards_removed":["Defend_R"],"damage_healed":0.0,"max_hp_gain":0.0,"max_hp_loss":0.0,"gold_gain":0.0,"event_name":"Golden Wing","player_choice":"Card Removal","floor":4.0,"gold_loss":0.0,"damage_taken":7.0},{"cards_removed":["Strike_R"],"damage_healed":0,"gold_gain":0,"player_choice":"Elegance","damage_taken":0,"max_hp_gain":0,"max_hp_loss":0,"event_name":"Back to Basics","floor":19,"gold_loss":0},{"damage_healed":0,"gold_gain":0,"player_choice":"Relic","damage_taken":0,"max_hp_gain":0,"max_hp_loss":0,"event_name":"Wheel of Change","floor":22,"gold_loss":0},{"damage_healed":0,"gold_gain":0,"player_choice":"Obtained Book","damage_taken":16,"max_hp_gain":0,"max_hp_loss":0,"event_name":"Cursed Tome","floor":31,"gold_loss":0},{"cards_removed":["Flame Barrier"],"damage_healed":0,"gold_gain":0,"player_choice":"Took Card","damage_taken":0,"max_hp_gain":0,"max_hp_loss":0,"event_name":"NoteForYourself","floor":36,"gold_loss":0,"cards_obtained":["Iron Wave"]}],"is_beta":false,"boss_relics":[{"not_picked":["Mark of Pain","Cursed Key"],"picked":"Snecko Eye"},{"not_picked":["Eternal Feather","Runic Cube"],"picked":"Runic Dome"}],"items_purged_floors":[10,20,37],"is_endless":false,"potions_floor_spawned":[1,2,7,12,21,25,27,33,35,38,45,46,54],"ascension_level":0}