{"gold_per_floor":[19,30,30,30,45,45,80,80,80,93,93,136,161,177,177,177],"floor_reached":16,"playtime":1230,"items_purged":[],"score":162,"play_id":"8d345212-261a-4d82-b981-0ecfa0e3b763","local_time":"20180902013236","is_ascension_mode":true,"campfire_choices":[{"data":"Defend_R","floor":6,"key":"SMITH"},{"floor":11,"key":"REST"},{"data":"True Grit","floor":15,"key":"SMITH"}],"neow_cost":"NO_GOLD","seed_source_timestamp":33061086135050,"circlet_count":0,"master_deck":["Strike_R","Strike_R","Defend_R+1","Defend_R+1","Defend_R","Defend_R","Bash","Power Through","Reckless Charge","Armaments+1","Clothesline","Spot Weakness","True Grit+1","Ghostly Armor","Heavy Blade"],"relics":["Burning Blood","Blood Vial","Golden Idol","The Courier","Oddly Smooth Stone"],"potions_floor_usage":[12,12,12,16],"damage_taken":[{"damage":2,"enemies":"Jaw Worm","floor":1,"turns":5},{"damage":4,"enemies":"2 Louse","floor":2,"turns":4},{"damage":0,"enemies":"Small Slimes","floor":5,"turns":4},{"damage":53,"enemies":"3 Sentries","floor":7,"turns":19},{"damage":3,"enemies":"Looter","floor":10,"turns":3},{"damage":17,"enemies":"Lagavulin","floor":12,"turns":7},{"damage":8,"enemies":"Exordium Thugs","floor":13,"turns":5},{"damage":0,"enemies":"Blue Slaver","floor":14,"turns":5},{"damage":45,"enemies":"The Guardian","floor":16,"turns":5}],"seed_played":"-8761182330433328347","potions_obtained":[{"floor":2,"key":"Energy Potion"},{"floor":7,"key":"Fire Potion"},{"floor":10,"key":"Swift Potion"},{"floor":14,"key":"Strength Potion"}],"is_trial":false,"path_per_floor":["M","M","?","?","M","R","E","?","T","M","R","E","M","M","R"],"character_chosen":"IRONCLAD","items_purchased":[],"campfire_rested":1,"item_purchase_floors":[],"current_hp_per_floor":[76,78,62,55,61,61,14,14,14,19,41,32,32,40,40,0],"gold":177,"neow_bonus":"TRANSFORM_TWO_CARDS","is_prod":false,"is_daily":false,"chose_seed":false,"campfire_upgraded":2,"win_rate":0,"timestamp":1535844756,"path_taken":["M","M","?","?","?","R","E","?","T","M","R","E","M","M","R","BOSS"],"build_version":"2018-08-30","purchased_purges":0,"victory":false,"max_hp_per_floor":[80,80,80,80,80,80,80,74,74,74,74,74,74,74,74,74],"card_choices":[{"not_picked":["Iron Wave","Clash","Flex"],"picked":"SKIP","floor":1},{"not_picked":["Shrug It Off","Heavy Blade"],"picked":"Armaments","floor":2},{"not_picked":["Sword Boomerang","Exhume","Body Slam"],"picked":"SKIP","floor":5},{"not_picked":["Pummel","Iron Wave"],"picked":"Clothesline","floor":7},{"not_picked":["Heavy Blade","Whirlwind"],"picked":"Spot Weakness","floor":10},{"not_picked":["Corruption","Shrug It Off"],"picked":"True Grit","floor":12},{"not_picked":["True Grit","Iron Wave"],"picked":"Ghostly Armor","floor":13},{"not_picked":["Bloodletting","Intimidate"],"picked":"Heavy Blade","floor":14}],"player_experience":366873,"relics_obtained":[{"floor":7,"key":"Blood Vial"},{"floor":9,"key":"The Courier"},{"floor":12,"key":"Oddly Smooth Stone"}],"event_choices":[{"event_name":"Shining Light","player_choice":"Entered Light","floor":3,"damage_taken":0},{"event_name":"Golden Wing","player_choice":"Card Removal","floor":4,"damage_taken":0},{"event_name":"Golden Idol","player_choice":"Lose Max HP","floor":8,"damage_taken":0}],"is_beta":false,"boss_relics":[],"items_purged_floors":[],"is_endless":false,"potions_floor_spawned":[2,7,10,14],"killed_by":"The Guardian","ascension_level":9}