{"gold_per_floor":[17,33,33,33,49,49,74,74,74,90,106,106],"floor_reached":12,"playtime":559,"items_purged":[],"score":80,"play_id":"f23fe875-b0ac-4399-ad8c-a79809c01a21","local_time":"20190125210351","is_ascension_mode":false,"campfire_choices":[{"data":"Zap","floor":6,"key":"SMITH"}],"neow_cost":"NO_GOLD","seed_source_timestamp":554113224399030,"circlet_count":0,"master_deck":["Strike_B+1","Strike_B","Strike_B","Defend_B","Defend_B","Defend_B","Defend_B","Zap+1","Dualcast+1","Panacea","Magnetism","Darkness","Lockon","Glacier","Melter","Redo"],"relics":["Cracked Core","Cables","Bottled Lightning"],"potions_floor_usage":[7],"damage_taken":[{"damage":5,"enemies":"2 Louse","floor":1,"turns":2},{"damage":11,"enemies":"Jaw Worm","floor":2,"turns":3},{"damage":6,"enemies":"Cultist","floor":5,"turns":3},{"damage":26,"enemies":"Gremlin Nob","floor":7,"turns":4},{"damage":0,"enemies":"Looter","floor":10,"turns":3},{"damage":3,"enemies":"Blue Slaver","floor":11,"turns":3},{"damage":13,"enemies":"3 Louse","floor":12,"turns":1}],"seed_played":"-9061423968028721351","potions_obtained":[{"floor":5,"key":"FearPotion"},{"floor":11,"key":"AttackPotion"}],"is_trial":false,"path_per_floor":["M","M","?","?","M","R","E","$","T","M","M","M"],"character_chosen":"DEFECT","items_purchased":[],"campfire_rested":0,"item_purchase_floors":[],"current_hp_per_floor":[70,59,44,44,38,38,12,12,12,12,9,0],"gold":106,"neow_bonus":"RANDOM_COLORLESS_2","is_prod":false,"is_daily":false,"chose_seed":false,"campfire_upgraded":1,"win_rate":0.0,"timestamp":1548446631,"path_taken":["M","M","?","?","M","R","E","$","T","M","?","M"],"build_version":"2019-01-23","purchased_purges":0,"victory":false,"max_hp_per_floor":[75,75,75,75,75,75,75,75,75,75,75,75],"card_choices":[{"not_picked":["Beam Cell","Stack"],"picked":"Darkness","floor":1},{"not_picked":["Beam Cell","Leap"],"picked":"Lockon","floor":2},{"not_picked":["Doom and Gloom","Leap"],"picked":"Glacier","floor":5},{"not_picked":["Force Field","Leap"],"picked":"Melter","floor":7},{"not_picked":["Coolheaded","Steam"],"picked":"Redo","floor":10},{"not_picked":["Blizzard","Gash","Static Discharge"],"picked":"SKIP","floor":11}],"player_experience":71918,"relics_obtained":[{"floor":7,"key":"Cables"},{"floor":9,"key":"Bottled Lightning"}],"event_choices":[{"damage_healed":0,"gold_gain":0,"player_choice":"Entered Light","damage_taken":15,"max_hp_gain":0,"max_hp_loss":0,"event_name":"Shining Light","floor":3,"gold_loss":0,"cards_upgraded":["Dualcast","Strike_B"]},{"cards_removed":["Strike_B"],"damage_healed":0,"gold_gain":0,"player_choice":"Purged","damage_taken":0,"max_hp_gain":0,"max_hp_loss":0,"event_name":"Purifier","floor":4,"gold_loss":0}],"is_beta":false,"boss_relics":[],"items_purged_floors":[],"is_endless":false,"potions_floor_spawned":[5,11],"killed_by":"3 Louse","ascension_level":0}