{"gold_per_floor":[115,131,149,165,45,62,62,91,168,168,168,168,168,181,181,282,282,301,94,94,94,110,110,123,123,123,123,152,172,172,192,192,289,289,299,261,133,147,160,160,170,170,194,194,214,232,232,242,242,242],"floor_reached":51,"playtime":4179,"items_purged":[],"score":696,"play_id":"eae385d2-8302-499e-9086-2815e649ed51","local_time":"20190222043348","is_ascension_mode":false,"campfire_choices":[{"data":"Well Laid Plans","floor":7,"key":"SMITH"},{"data":"Predator","floor":10,"key":"SMITH"},{"data":"Dash","floor":12,"key":"SMITH"},{"floor":15,"key":"REST"},{"data":"RitualDagger","floor":23,"key":"SMITH"},{"data":"Bane","floor":25,"key":"SMITH"},{"data":"Bane","floor":27,"key":"SMITH"},{"floor":30,"key":"REST"},{"floor":32,"key":"REST"},{"floor":40,"key":"REST"},{"data":"Wraith Form v2","floor":42,"key":"SMITH"},{"data":"Wraith Form v2","floor":44,"key":"SMITH"},{"floor":47,"key":"REST"},{"floor":49,"key":"REST"}],"neow_cost":"NONE","seed_source_timestamp":18105598816447,"circlet_count":0,"master_deck":["Defend_G+1","Strike_G","Strike_G","Strike_G","Strike_G","Strike_G","Survivor","Neutralize+1","Bane+1","Wraith Form v2+1","Predator+1","Well Laid Plans+1","Wraith Form v2+1","Deadly Poison","Bane+1","Dash+1","Leg Sweep","Dagger Spray","Burst","Blur+1","Outmaneuver+1","Bane+1","Deadly Poison","RitualDagger+1","Well Laid Plans","Bane","Outmaneuver+1","Escape Plan+1","Bane+1","Catalyst","Envenom","Catalyst+1","Noxious Fumes","Outmaneuver+1","Skewer+1","Escape Plan+1","Deadly Poison+1"],"relics":["Ring of the Snake","Bag of Marbles","Bottled Flame","Astrolabe","Dream Catcher","Pear","Ice Cream","Lizard Tail","Snake Skull","Pen Nib"],"potions_floor_usage":[4,28,33,50,50],"damage_taken":[{"damage":2,"enemies":"Cultist","floor":1,"turns":4},{"damage":0,"enemies":"Jaw Worm","floor":2,"turns":4},{"damage":0,"enemies":"Small Slimes","floor":3,"turns":3},{"damage":5,"enemies":"Exordium Wildlife","floor":4,"turns":4},{"damage":11,"enemies":"Large Slime","floor":6,"turns":6},{"damage":9,"enemies":"Lagavulin","floor":8,"turns":7},{"damage":0,"enemies":"Blue Slaver","floor":14,"turns":2},{"damage":39,"enemies":"The Guardian","floor":16,"turns":9},{"damage":4,"enemies":"Spheric Guardian","floor":18,"turns":6},{"damage":12,"enemies":"Chosen","floor":22,"turns":5},{"damage":14,"enemies":"Centurion and Healer","floor":24,"turns":5},{"damage":18,"enemies":"Gremlin Leader","floor":28,"turns":7},{"damage":6,"enemies":"Cultist and Chosen","floor":29,"turns":4},{"damage":0,"enemies":"Snecko","floor":31,"turns":4},{"damage":58,"enemies":"Champ","floor":33,"turns":12},{"damage":23,"enemies":"3 Darklings","floor":35,"turns":6},{"damage":7,"enemies":"Orb Walker","floor":38,"turns":3},{"damage":30,"enemies":"Spire Growth","floor":39,"turns":5},{"damage":13,"enemies":"3 Darklings","floor":41,"turns":7},{"damage":2,"enemies":"Writhing Mass","floor":45,"turns":4},{"damage":14,"enemies":"Spire Growth","floor":46,"turns":5},{"damage":13,"enemies":"3 Darklings","floor":48,"turns":8},{"damage":37,"enemies":"Time Eater","floor":50,"turns":7}],"seed_played":"6912220928866975827","potions_obtained":[{"floor":3,"key":"AttackPotion"},{"floor":4,"key":"FairyPotion"},{"floor":6,"key":"Explosive Potion"},{"floor":8,"key":"SteroidPotion"},{"floor":24,"key":"Strength Potion"},{"floor":39,"key":"SpeedPotion"},{"floor":45,"key":"Dexterity Potion"}],"is_trial":false,"path_per_floor":["M","M","?","?","?","?","?","M"],"character_chosen":"THE_SILENT","items_purchased":["Wraith Form v2","Deadly Poison","Deadly Poison","Dream Catcher","Noxious Fumes"],"campfire_rested":6,"item_purchase_floors":[5,5,19,19,36],"current_hp_per_floor":[75,75,75,70,70,59,59,50,50,50,50,50,35,35,58,19,77,73,73,73,67,55,55,41,41,51,51,33,27,53,53,79,21,87,64,64,64,57,27,53,40,40,40,40,38,24,50,37,63,26],"gold":242,"neow_bonus":"TEN_PERCENT_HP_BONUS","is_prod":false,"is_daily":false,"chose_seed":false,"campfire_upgraded":8,"win_rate":0.0,"timestamp":1550828028,"path_taken":["M","M","?","?","$","M","R","E","T","R","?","R","?","M","R","BOSS","M","$","?","?","M","R","M","R","T","R","E","M","R","M","R","BOSS","M","$","?","M","M","R","M","R","T","R","?","M","R","M","R","BOSS"],"build_version":"2019-01-23","purchased_purges":0,"victory":true,"max_hp_per_floor":[77,77,77,77,77,77,77,77,77,77,77,77,77,77,77,77,77,77,77,77,77,77,77,77,77,87,87,87,87,87,87,87,87,87,87,87,87,87,87,87,87,87,87,87,87,87,87,87,87,87],"card_choices":[{"not_picked":["Underhanded Strike","Prepared"],"picked":"Bane","floor":1},{"not_picked":["PiercingWail","Acrobatics"],"picked":"Wraith Form v2","floor":2},{"not_picked":["Bane","Outmaneuver"],"picked":"Predator","floor":3},{"not_picked":["Cloak And Dagger","Terror"],"picked":"Well Laid Plans","floor":4},{"not_picked":["Dodge and Roll","Sucker Punch"],"picked":"Bane","floor":6},{"not_picked":["Riddle With Holes","Slice"],"picked":"Dash","floor":8},{"not_picked":["Unload","Dagger Throw"],"picked":"Dagger Spray","floor":14},{"not_picked":["Bullet Time","Storm of Steel"],"picked":"Burst","floor":16},{"not_picked":["Deflect","Sucker Punch","Caltrops"],"picked":"SKIP","floor":18},{"not_picked":["Dagger Spray","Slice"],"picked":"Well Laid Plans","floor":22},{"not_picked":["Backflip","Deflect","All Out Attack+1"],"picked":"SKIP","floor":24},{"not_picked":["Deflect+1","Cloak And Dagger"],"picked":"Bane","floor":28},{"not_picked":["Quick Slash","Poisoned Stab"],"picked":"Outmaneuver+1","floor":29},{"not_picked":["Deflect+1","Bouncing Flask"],"picked":"Escape Plan+1","floor":30},{"not_picked":["Blur+1","Eviscerate"],"picked":"Bane+1","floor":31},{"not_picked":["Poisoned Stab","Underhanded Strike"],"picked":"Catalyst","floor":32},{"not_picked":["Glass Knife","Doppelganger"],"picked":"Envenom","floor":33},{"not_picked":["Quick Slash","Dodge and Roll+1"],"picked":"Catalyst+1","floor":35},{"not_picked":["Backflip","Predator","Cloak And Dagger+1"],"picked":"SKIP","floor":38},{"not_picked":["Bane","Dagger Spray+1"],"picked":"Outmaneuver+1","floor":39},{"not_picked":["Dodge and Roll+1","Endless Agony"],"picked":"Skewer+1","floor":41},{"not_picked":["Acrobatics","Well Laid Plans+1","Choke"],"picked":"SKIP","floor":45},{"not_picked":["Blade Dance+1","Poisoned Stab+1"],"picked":"Escape Plan+1","floor":46},{"not_picked":["Backstab","Quick Slash+1","Masterful Stab+1"],"picked":"SKIP","floor":48},{"not_picked":["Underhanded Strike","Dodge and Roll"],"picked":"Deadly Poison+1","floor":49}],"player_experience":45659,"relics_obtained":[{"floor":8,"key":"Bag of Marbles"},{"floor":9,"key":"Bottled Flame"},{"floor":26,"key":"Pear"},{"floor":28,"key":"Ice Cream"},{"floor":43,"key":"Pen Nib"}],"event_choices":[{"damage_healed":0,"gold_gain":0,"cards_transformed":["Defend_G"],"player_choice":"Change","damage_taken":0,"max_hp_gain":0,"max_hp_loss":0,"event_name":"Living Wall","floor":11,"gold_loss":0,"cards_obtained":["Leg Sweep"]},{"damage_healed":0,"gold_gain":0,"player_choice":"Entered Light","damage_taken":15,"max_hp_gain":0,"max_hp_loss":0,"event_name":"Shining Light","floor":13,"gold_loss":0,"cards_upgraded":["Neutralize","Defend_G"]},{"damage_healed":0,"gold_gain":0,"player_choice":"Ignored","damage_taken":0,"max_hp_gain":0,"max_hp_loss":0,"event_name":"Ghosts","floor":20,"gold_loss":0},{"damage_healed":0,"gold_gain":0,"player_choice":"Joined the Cult","damage_taken":6,"max_hp_gain":0,"max_hp_loss":0,"event_name":"Nest","floor":21,"gold_loss":0,"cards_obtained":["RitualDagger"]},{"damage_healed":0,"gold_gain":0,"player_choice":"Paid Gold","damage_taken":0,"relics_obtained":["Snake Skull"],"max_hp_gain":0,"max_hp_loss":0,"event_name":"WeMeetAgain","floor":37,"gold_loss":128}],"is_beta":false,"boss_relics":[{"not_picked":["Busted Crown","Snecko Eye"],"picked":"Astrolabe"},{"not_picked":["Runic Pyramid","Sozu"],"picked":"Lizard Tail"}],"items_purged_floors":[],"is_endless":false,"potions_floor_spawned":[3,4,6,8,14,24,39,45,48],"ascension_level":0}