{"gold_per_floor":[118,68,68,68,82,109,109,138,161,196,196,196],"floor_reached":12,"playtime":566,"items_purged":[],"score":143,"play_id":"ea219096-f655-47de-b344-05e4ed931725","local_time":"20190212115738","is_ascension_mode":true,"campfire_choices":[{"data":"Coolheaded","floor":7,"key":"SMITH"}],"neow_cost":"NONE","seed_source_timestamp":389755037749085,"circlet_count":0,"master_deck":["Strike_B","Strike_B","Defend_B+1","Defend_B","Defend_B+1","Defend_B","Zap","Dualcast","Steam Power","Consume","Coolheaded+1","Go for the Eyes","Reboot"],"relics":["Cracked Core","NeowsBlessing","War Paint","Torii","Juzu Bracelet","Vajra","Singing Bowl"],"potions_floor_usage":[8,10],"damage_taken":[{"damage":0,"enemies":"Small Slimes","floor":1,"turns":1},{"damage":0,"enemies":"Jaw Worm","floor":5,"turns":1},{"damage":0,"enemies":"3 Sentries","floor":6,"turns":1},{"damage":65,"enemies":"Gremlin Nob","floor":8,"turns":6},{"damage":1,"enemies":"Lagavulin","floor":10,"turns":11},{"damage":8,"enemies":"Gremlin Nob","floor":12,"turns":2}],"seed_played":"-6571016034822473986","potions_obtained":[{"floor":1,"key":"Dexterity Potion"},{"floor":8,"key":"PowerPotion"},{"floor":10,"key":"Ancient Potion"}],"is_trial":false,"path_per_floor":["?","?","?","?"],"character_chosen":"DEFECT","items_purchased":[],"campfire_rested":0,"item_purchase_floors":[],"current_hp_per_floor":[75,75,75,68,68,68,68,3,3,2,2,0],"gold":196,"neow_bonus":"THREE_ENEMY_KILL","is_prod":false,"is_daily":false,"chose_seed":false,"campfire_upgraded":1,"win_rate":0,"timestamp":1549969058,"path_taken":["M","?","$","?","M","E","R","E","T","E","?","?"],"build_version":"2019-01-23","purchased_purges":0,"victory":false,"max_hp_per_floor":[75,75,75,75,75,75,75,75,75,75,75,75],"card_choices":[{"not_picked":["Reinforced Body","Chaos"],"picked":"Steam Power","floor":1},{"not_picked":["Conserve Battery","Beam Cell"],"picked":"Consume","floor":5},{"not_picked":["Barrage","Force Field"],"picked":"Coolheaded","floor":6},{"not_picked":["Storm","Leap"],"picked":"Go for the Eyes","floor":8},{"not_picked":["Hologram","Static Discharge"],"picked":"Reboot","floor":10}],"player_experience":137790,"relics_obtained":[{"floor":6,"key":"War Paint"},{"floor":8,"key":"Torii"},{"floor":9,"key":"Juzu Bracelet"},{"floor":10,"key":"Vajra"}],"event_choices":[{"cards_removed":["Strike_B"],"damage_healed":0,"gold_gain":0,"player_choice":"Card Removal","damage_taken":0,"max_hp_gain":0,"max_hp_loss":0,"event_name":"The Cleric","floor":2,"gold_loss":50},{"cards_removed":["Strike_B"],"damage_healed":0,"gold_gain":0,"player_choice":"Card Removal","damage_taken":7,"max_hp_gain":0,"max_hp_loss":0,"event_name":"Golden Wing","floor":4,"gold_loss":0},{"damage_healed":0,"gold_gain":0,"player_choice":"Gave Potion","damage_taken":0,"relics_obtained":["Singing Bowl"],"max_hp_gain":0,"max_hp_loss":0,"event_name":"WeMeetAgain","floor":11,"gold_loss":0},{"damage_healed":0,"gold_gain":0,"player_choice":"Searched \u00271\u0027 times","damage_taken":0,"max_hp_gain":0,"max_hp_loss":0,"event_name":"Dead Adventurer","floor":12,"gold_loss":0}],"is_beta":false,"boss_relics":[],"items_purged_floors":[],"is_endless":false,"potions_floor_spawned":[1,8,10],"killed_by":"Gremlin Nob","ascension_level":4}