{"gold_per_floor":[113,128,145,145,199,199,230,230,230,249,267,11,49,72,72,202,202,185,185,185,221,235,235,275,275,325,356,377,85,85,129,129,257,257,273,298,323,323,346,381,714,740,740,233,233,253,253,7,7,7],"floor_reached":51,"playtime":5011,"items_purged":["Strike_G","Defend_G","Defend_G"],"score":1352,"play_id":"94732b1c-210e-4bad-b130-a1a300dfdb62","local_time":"20180905194117","is_ascension_mode":true,"campfire_choices":[{"floor":6.0,"key":"REST"},{"data":"Unload","floor":15.0,"key":"SMITH"},{"data":"Eviscerate","floor":25.0,"key":"SMITH"},{"data":"Transmutation","floor":30.0,"key":"SMITH"},{"data":"Calculated Gamble","floor":32.0,"key":"SMITH"},{"data":"Apotheosis","floor":45,"key":"SMITH"},{"data":"Adrenaline","floor":47,"key":"SMITH"},{"data":"Mayhem","floor":49,"key":"SMITH"}],"neow_cost":"NONE","seed_source_timestamp":0,"circlet_count":0,"master_deck":["Defend_G+1","Defend_G","Survivor","Neutralize","Backflip+1","Dodge and Roll","Predator","Acrobatics","Underhanded Strike","Mayhem+1","Unload+1","All Out Attack","Adrenaline+1","Underhanded Strike","Eviscerate+1","Calculated Gamble+1","Bite","Bite","Bite","Bite","Bite","Dash","Deflect","Transmutation+1","All Out Attack+1","Prepared","Outmaneuver+1","Outmaneuver+1","Backflip+1","Apotheosis+1","Eviscerate+1","Deflect"],"special_seed":0,"relics":["Philosopher\u0027s Stone","Happy Flower","Mummified Hand","Tough Bandages","Gambling Chip","Coffee Dripper","Red Mask","Unceasing Top","Boot","Thread and Needle","Bottled Flame","Busted Crown","Snake Skull","Matryoshka","Bag of Preparation","Pantograph","Tingsha"],"potions_floor_usage":[42,50],"damage_taken":[{"damage":4.0,"enemies":"Small Slimes","floor":1.0,"turns":4.0},{"damage":2.0,"enemies":"Cultist","floor":2.0,"turns":5.0},{"damage":5.0,"enemies":"Jaw Worm","floor":3.0,"turns":4.0},{"damage":17.0,"enemies":"Gremlin Nob","floor":7.0,"turns":4.0},{"damage":3.0,"enemies":"3 Louse","floor":10.0,"turns":3.0},{"damage":0.0,"enemies":"2 Fungi Beasts","floor":11.0,"turns":4.0},{"damage":1.0,"enemies":"Lagavulin","floor":13.0,"turns":7.0},{"damage":0.0,"enemies":"Red Slaver","floor":14.0,"turns":2.0},{"damage":18.0,"enemies":"Hexaghost","floor":16.0,"turns":9.0},{"damage":0.0,"enemies":"2 Thieves","floor":18.0,"turns":4.0},{"damage":1.0,"enemies":"Masked Bandits","floor":21.0,"turns":4.0},{"damage":0.0,"enemies":"Spheric Guardian","floor":22.0,"turns":2.0},{"damage":19.0,"enemies":"Gremlin Leader","floor":24.0,"turns":7.0},{"damage":0.0,"enemies":"Book of Stabbing","floor":27.0,"turns":4.0},{"damage":0.0,"enemies":"Centurion and Healer","floor":28.0,"turns":5.0},{"damage":0.0,"enemies":"Gremlin Leader","floor":31.0,"turns":6.0},{"damage":46.0,"enemies":"Automaton","floor":33.0,"turns":9.0},{"damage":0.0,"enemies":"3 Darklings","floor":35.0,"turns":3.0},{"damage":0.0,"enemies":"3 Shapes","floor":36.0,"turns":2.0},{"damage":0.0,"enemies":"3 Darklings","floor":37.0,"turns":3.0},{"damage":4.0,"enemies":"Reptomancer","floor":39.0,"turns":5.0},{"damage":0.0,"enemies":"Giant Head","floor":40.0,"turns":5.0},{"damage":0,"enemies":"2 Orb Walkers","floor":42,"turns":3},{"damage":0,"enemies":"Spire Growth","floor":46,"turns":3},{"damage":0,"enemies":"Awakened One","floor":50,"turns":6}],"seed_played":"-3118368826282663445","potions_obtained":[{"floor":1.0,"key":"Poison Potion"},{"floor":3.0,"key":"SteroidPotion"},{"floor":7.0,"key":"Regen Potion"},{"floor":10.0,"key":"EssenceOfSteel"},{"floor":16.0,"key":"EssenceOfSteel"},{"floor":18.0,"key":"GamblersBrew"},{"floor":28.0,"key":"GamblersBrew"},{"floor":33.0,"key":"GamblersBrew"},{"floor":35.0,"key":"SteroidPotion"},{"floor":42,"key":"Energy Potion"}],"is_trial":false,"path_per_floor":["M","M","M","?","T","R","E","?","T","M","M","$","E","M","R","B",null,"M","?","?","?","M","?","E","R","T","E","M","$","R","E","R","B",null,"M","M","M","?","M","E","?","E","T","$","R","M","R","$","R","B"],"character_chosen":"THE_SILENT","items_purchased":["Mayhem","Transmutation","Tingsha","Apotheosis","Deflect","GhostInAJar"],"campfire_rested":1,"item_purchase_floors":[12,29,44,44,48,48],"current_hp_per_floor":[59,57,52,35,35,56,39,25,25,22,22,22,36,36,36,18,57,57,57,57,56,56,49,32,32,32,44,49,49,49,49,49,17,41,49,49,49,49,49,49,49,49,49,49,49,49,49,49,49,49],"gold":7,"neow_bonus":"BOSS_RELIC","is_prod":false,"is_daily":false,"chose_seed":false,"campfire_upgraded":7,"win_rate":0,"timestamp":1536169277,"path_taken":["M","M","M","?","?","R","E","?","T","M","M","?","E","?","R","BOSS","M","?","?","?","M","?","E","R","T","E","M","$","R","E","R","BOSS","M","M","M","?","M","E","?","E","T","$","R","M","R","$","R","BOSS"],"build_version":"2018-08-30","purchased_purges":3,"victory":true,"max_hp_per_floor":[70,70,70,70,70,70,70,70,70,70,70,70,70,70,70,70,70,70,70,70,70,70,49,49,49,49,49,49,49,49,49,49,49,49,49,49,49,49,49,49,49,49,49,49,49,49,49,49,49,49],"card_choices":[{"not_picked":["Masterful Stab","Tactician"],"picked":"Backflip","floor":1.0},{"not_picked":["Deadly Poison","Calculated Gamble"],"picked":"Dodge and Roll","floor":2.0},{"not_picked":["Sucker Punch","PiercingWail"],"picked":"Predator","floor":3.0},{"not_picked":["Dagger Spray","PiercingWail"],"picked":"Acrobatics","floor":7.0},{"not_picked":["Cloak And Dagger","Bouncing Flask"],"picked":"Underhanded Strike","floor":10.0},{"not_picked":["Blade Dance","Poisoned Stab","Deflect"],"picked":"SKIP","floor":11.0},{"not_picked":["Noxious Fumes","Dagger Throw"],"picked":"Unload","floor":13.0},{"not_picked":["Cloak And Dagger","Choke"],"picked":"All Out Attack","floor":14.0},{"not_picked":["Die Die Die","Doppelganger"],"picked":"Adrenaline","floor":16.0},{"not_picked":["Quick Slash","Backflip"],"picked":"Underhanded Strike","floor":18.0},{"not_picked":["Underhanded Strike","Heel Hook+1"],"picked":"Eviscerate","floor":21.0},{"not_picked":["Flying Knee","Escape Plan"],"picked":"Calculated Gamble","floor":22.0},{"not_picked":["Backflip","Cloak And Dagger"],"picked":"Dash","floor":24.0},{"not_picked":["Dagger Spray","Leg Sweep"],"picked":"Deflect","floor":27.0},{"not_picked":["Predator","Tactician+1","Bane"],"picked":"SKIP","floor":28.0},{"not_picked":["Catalyst","Venomology"],"picked":"All Out Attack+1","floor":31.0},{"not_picked":[],"picked":"Prepared","floor":35.0},{"not_picked":[],"picked":"Outmaneuver+1","floor":36.0},{"not_picked":[],"picked":"Outmaneuver+1","floor":37.0},{"not_picked":[],"picked":"Backflip+1","floor":39.0},{"not_picked":["Quick Slash"],"picked":"SKIP","floor":40},{"not_picked":["Predator+1"],"picked":"SKIP","floor":42},{"not_picked":[],"picked":"Eviscerate+1","floor":46}],"player_experience":371460,"relics_obtained":[{"floor":5.0,"key":"Happy Flower"},{"floor":7.0,"key":"Mummified Hand"},{"floor":9.0,"key":"Tough Bandages"},{"floor":13.0,"key":"Gambling Chip"},{"floor":21.0,"key":"Red Mask"},{"floor":24.0,"key":"Unceasing Top"},{"floor":26.0,"key":"Boot"},{"floor":27.0,"key":"Thread and Needle"},{"floor":31.0,"key":"Bottled Flame"},{"floor":40,"key":"Snake Skull"},{"floor":42,"key":"Matryoshka"},{"floor":43,"key":"Bag of Preparation"},{"floor":43,"key":"Pantograph"}],"event_choices":[{"event_name":"Golden Idol","player_choice":"Take Damage","floor":4.0,"damage_taken":0.0},{"event_name":"Shining Light","player_choice":"Entered Light","floor":8.0,"damage_taken":0.0},{"event_name":"Purifier","player_choice":"One Purge","floor":19.0,"damage_taken":0.0},{"event_name":"Ghosts","player_choice":"Ignored","floor":20.0,"damage_taken":0.0},{"event_name":"Masked Bandits","player_choice":"Fought Bandits","floor":21.0,"damage_taken":0.0},{"event_name":"Vampires","player_choice":"Became a vampire","floor":23.0,"damage_taken":0.0},{"event_name":"Purifier","player_choice":"One Purge","floor":38.0,"damage_taken":0.0},{"event_name":"The Moai Head","player_choice":"Gave Idol","floor":41,"damage_taken":0}],"is_beta":false,"boss_relics":[{"not_picked":["Snecko Eye","Runic Pyramid"],"picked":"Coffee Dripper"},{"not_picked":["Empty Cage","Tiny House"],"picked":"Busted Crown"}],"items_purged_floors":[12,29,48],"is_endless":false,"potions_floor_spawned":[1,3,7,10,16,18,28,33,35,42,46],"ascension_level":9}