{"gold_per_floor":[110,110,123,139,155,181,192,192,192,192,202,213,213,224,224,326,326,345,15,15,25,40,40,51,80,80,29,29,29,54,54,54,151,151,171,107,125,52,66,95,95,106,106,106],"floor_reached":44,"playtime":2788,"items_purged":["Strike_B"],"score":583,"play_id":"5e23ae73-ddd7-4ee3-bf74-f15de98e1daa","local_time":"20190111160445","is_ascension_mode":true,"campfire_choices":[{"data":"Defragment","floor":8.0,"key":"SMITH"},{"data":"Go for the Eyes","floor":10.0,"key":"SMITH"},{"data":"Zap","floor":13.0,"key":"SMITH"},{"data":"Dualcast","floor":15.0,"key":"SMITH"},{"data":"Fission","floor":23.0,"key":"SMITH"},{"floor":29.0,"key":"REST"},{"floor":32,"key":"REST"},{"data":"Glacier","floor":41,"key":"SMITH"}],"neow_cost":"NONE","seed_source_timestamp":0,"circlet_count":0,"master_deck":["Strike_B","Strike_B","Strike_B","Defend_B","Defend_B","Defend_B","Defend_B","Zap+1","Dualcast+1","Double Energy","All For One","Glacier+1","Rebound","Go for the Eyes+1","Fission+1","Defragment+1","Leap","Sweeping Beam","Stack","Creative AI","Redo","Go for the Eyes","White Noise","Go for the Eyes","Turbo","Capacitor","Hologram+1","White Noise"],"special_seed":0,"relics":["Cracked Core","DataDisk","Ornamental Fan","Busted Crown","Bottled Tornado","Bottled Lightning","Pear","Incense Burner","Nuclear Battery","Mummified Hand","Darkstone Periapt","Kunai"],"potions_floor_usage":[30,33],"damage_taken":[{"damage":0.0,"enemies":"Small Slimes","floor":1.0,"turns":3.0},{"damage":1.0,"enemies":"Cultist","floor":3.0,"turns":4.0},{"damage":7.0,"enemies":"Jaw Worm","floor":4.0,"turns":5.0},{"damage":15.0,"enemies":"Exordium Wildlife","floor":5.0,"turns":6.0},{"damage":8.0,"enemies":"Gremlin Nob","floor":6.0,"turns":4.0},{"damage":4.0,"enemies":"Large Slime","floor":7.0,"turns":7.0},{"damage":0.0,"enemies":"3 Louse","floor":11.0,"turns":3.0},{"damage":0.0,"enemies":"Red Slaver","floor":12.0,"turns":3.0},{"damage":0.0,"enemies":"Gremlin Gang","floor":14.0,"turns":1.0},{"damage":23.0,"enemies":"Slime Boss","floor":16.0,"turns":12.0},{"damage":16.0,"enemies":"Chosen","floor":18.0,"turns":6.0},{"damage":15.0,"enemies":"Shell Parasite","floor":21.0,"turns":5.0},{"damage":12.0,"enemies":"Sentry and Sphere","floor":22.0,"turns":5.0},{"damage":0.0,"enemies":"Snake Plant","floor":24.0,"turns":6.0},{"damage":0.0,"enemies":"Gremlin Leader","floor":25.0,"turns":7.0},{"damage":28.0,"enemies":"Colosseum Slavers","floor":28.0,"turns":4.0},{"damage":17,"enemies":"Book of Stabbing","floor":30,"turns":8},{"damage":27,"enemies":"Automaton","floor":33,"turns":18},{"damage":9,"enemies":"Orb Walker","floor":35,"turns":3},{"damage":2,"enemies":"3 Darklings","floor":37,"turns":2},{"damage":13,"enemies":"4 Shapes","floor":39,"turns":3},{"damage":15,"enemies":"Giant Head","floor":40,"turns":8},{"damage":9,"enemies":"Writhing Mass","floor":42,"turns":8},{"damage":39,"enemies":"2 Orb Walkers","floor":44,"turns":5}],"seed_played":"6502032123610604734","potions_obtained":[{"floor":0.0,"key":"Block Potion"},{"floor":0.0,"key":"SkillPotion"},{"floor":0.0,"key":"Explosive Potion"},{"floor":6.0,"key":"Poison Potion"},{"floor":12.0,"key":"EssenceOfSteel"},{"floor":24.0,"key":"Explosive Potion"},{"floor":25.0,"key":"EssenceOfSteel"},{"floor":30,"key":"LiquidBronze"},{"floor":35,"key":"SneckoOil"},{"floor":40,"key":"Weak Potion"}],"is_trial":false,"path_per_floor":["M","?","M","M","M","E","M","R","T","R","M","M","R","M","R","B",null,"M","$","?","M","M","R","M","E","T","$","?","R","E","$","R","B",null,"M","?","M","$","M","E","R","M","T","?"],"character_chosen":"DEFECT","items_purchased":["Bottled Tornado","Turbo","Capacitor"],"campfire_rested":2,"item_purchase_floors":[19,27,38],"current_hp_per_floor":[75,75,74,67,52,44,40,40,40,40,40,40,40,40,40,17,75,59,59,59,44,32,32,32,32,42,42,14,39,22,22,47,20,85,76,76,74,74,61,46,46,37,37,0],"gold":106,"neow_bonus":"THREE_SMALL_POTIONS","is_prod":false,"is_daily":false,"chose_seed":false,"campfire_upgraded":6,"win_rate":0,"timestamp":1547244285,"path_taken":["M","?","M","M","M","E","M","R","T","R","?","M","R","M","R","BOSS","M","?","?","M","M","R","M","E","T","?","?","R","E","$","R","BOSS","M","?","?","$","M","E","R","?","T","?"],"build_version":"2019-01-10","purchased_purges":1,"victory":false,"max_hp_per_floor":[75,75,75,75,75,75,75,75,75,75,75,75,75,75,75,75,75,75,75,75,75,75,75,75,75,85,85,85,85,85,85,85,85,85,85,85,85,85,85,85,85,85,85,85],"card_choices":[{"not_picked":["Beam Cell","Force Field"],"picked":"Double Energy","floor":1.0},{"not_picked":["Beam Cell","Go for the Eyes"],"picked":"Glacier","floor":3.0},{"not_picked":["Auto Shields","Double Energy"],"picked":"Rebound","floor":4.0},{"not_picked":["Coolheaded","Consume"],"picked":"Go for the Eyes","floor":5.0},{"not_picked":["Cold Snap","Streamline"],"picked":"Fission","floor":6.0},{"not_picked":["Force Field","Reprogram"],"picked":"Defragment","floor":7.0},{"not_picked":["Consume","Stack"],"picked":"Leap","floor":11.0},{"not_picked":["Storm","Undo"],"picked":"Sweeping Beam","floor":12.0},{"not_picked":["Gash","FTL"],"picked":"Stack","floor":14.0},{"not_picked":["Thunder Strike","All For One"],"picked":"Creative AI","floor":16.0},{"not_picked":[],"picked":"Redo","floor":18.0},{"not_picked":["Barrage"],"picked":"SKIP","floor":21.0},{"not_picked":[],"picked":"Go for the Eyes","floor":22.0},{"not_picked":[],"picked":"White Noise","floor":24.0},{"not_picked":[],"picked":"Go for the Eyes","floor":25.0},{"not_picked":["Aggregate"],"picked":"SKIP","floor":30},{"not_picked":["Barrage+1"],"picked":"SKIP","floor":35},{"not_picked":["Melter+1"],"picked":"SKIP","floor":37},{"not_picked":["Redo"],"picked":"SKIP","floor":39},{"not_picked":[],"picked":"Hologram+1","floor":40},{"not_picked":[],"picked":"White Noise","floor":42}],"player_experience":91550,"relics_obtained":[{"floor":6.0,"key":"DataDisk"},{"floor":9.0,"key":"Ornamental Fan"},{"floor":25.0,"key":"Bottled Lightning"},{"floor":26.0,"key":"Pear"},{"floor":30,"key":"Incense Burner"},{"floor":40,"key":"Darkstone Periapt"},{"floor":43,"key":"Kunai"}],"event_choices":[{"damage_healed":0.0,"max_hp_gain":0.0,"max_hp_loss":0.0,"gold_gain":0.0,"event_name":"Match and Keep!","player_choice":"1 cards matched","floor":2.0,"gold_loss":0.0,"damage_taken":0.0,"cards_obtained":["All For One"]},{"damage_healed":0.0,"max_hp_gain":0.0,"max_hp_loss":0.0,"gold_gain":0.0,"event_name":"Ghosts","player_choice":"Ignored","floor":20.0,"gold_loss":0.0,"damage_taken":0.0},{"damage_healed":0.0,"max_hp_gain":0.0,"max_hp_loss":0.0,"gold_gain":0.0,"event_name":"Colosseum","player_choice":"Fight","floor":28.0,"gold_loss":0.0,"damage_taken":0.0},{"damage_healed":0.0,"max_hp_gain":0.0,"max_hp_loss":0.0,"gold_gain":0.0,"event_name":"Colosseum","player_choice":"Fled From Nobs","floor":28.0,"gold_loss":0.0,"damage_taken":0.0},{"damage_healed":0,"gold_gain":0,"player_choice":"Paid Gold","damage_taken":0,"relics_obtained":["Mummified Hand"],"max_hp_gain":0,"max_hp_loss":0,"event_name":"WeMeetAgain","floor":36,"gold_loss":64},{"damage_healed":0,"gold_gain":0,"player_choice":"Fight","damage_taken":0,"max_hp_gain":0,"max_hp_loss":0,"event_name":"Mysterious Sphere","floor":44,"gold_loss":0}],"is_beta":false,"boss_relics":[{"not_picked":["Velvet Choker","Black Star"],"picked":"Busted Crown"},{"not_picked":["Philosopher\u0027s Stone","Calling Bell"],"picked":"Nuclear Battery"}],"items_purged_floors":[19],"is_endless":false,"potions_floor_spawned":[1,6,7,11,12,24,25,30,35,40],"killed_by":"2 Orb Walkers","ascension_level":3}