{"gold_per_floor":[13,30,42,53,53,53,64,64,64,339,351,381,306,108,108,179,179,199,179,179,192,192,192,217,217,270,289,119,119,131,131,131,131],"floor_reached":33,"playtime":1807,"items_purged":["Regret","Defend_R"],"score":500,"play_id":"997faba7-2df4-4b2d-b59d-84e91193f23e","local_time":"20190126182950","is_ascension_mode":true,"campfire_choices":[{"data":"Wild Strike","floor":6,"key":"SMITH"},{"data":"Bash","floor":8,"key":"SMITH"},{"data":"Swift Strike","floor":15,"key":"SMITH"},{"floor":23,"key":"REST"},{"floor":25,"key":"REST"},{"data":"Immolate","floor":29,"key":"SMITH"},{"floor":32,"key":"REST"}],"neow_cost":"NO_GOLD","seed_source_timestamp":0,"circlet_count":0,"master_deck":["AscendersBane","Strike_R+1","Strike_R+1","Strike_R+1","Strike_R+1","Strike_R+1","Bash+1","Metallicize","Perfected Strike+1","Wild Strike+1","Ghostly Armor","Warcry","Swift Strike+1","Feed","True Grit+1","Flame Barrier","Metallicize","Immolate+1","Searing Blow","Twin Strike","Metallicize","Metallicize","Dual Wield"],"special_seed":0,"relics":["Burning Blood","Incense Burner","Blood Vial","Odd Mushroom","Astrolabe","Red Skull","Orichalcum"],"potions_floor_usage":[11,12,16,21,33,33],"damage_taken":[{"damage":15.0,"enemies":"Small Slimes","floor":1.0,"turns":4.0},{"damage":1,"enemies":"2 Louse","floor":2,"turns":3},{"damage":4,"enemies":"Cultist","floor":3,"turns":4},{"damage":5,"enemies":"3 Louse","floor":4,"turns":3},{"damage":21,"enemies":"Exordium Thugs","floor":7,"turns":4},{"damage":1,"enemies":"Blue Slaver","floor":11,"turns":2},{"damage":17,"enemies":"The Mushroom Lair","floor":12,"turns":5},{"damage":53,"enemies":"Hexaghost","floor":16,"turns":8},{"damage":29,"enemies":"Shell Parasite","floor":18,"turns":4},{"damage":27,"enemies":"2 Thieves","floor":19,"turns":4},{"damage":8,"enemies":"Centurion and Healer","floor":21,"turns":6},{"damage":27,"enemies":"Gremlin Leader","floor":24,"turns":9},{"damage":18,"enemies":"Snecko","floor":27,"turns":5},{"damage":18,"enemies":"Cultist and Chosen","floor":30,"turns":8},{"damage":64,"enemies":"Collector","floor":33,"turns":11}],"seed_played":"-3471579079258781548","potions_obtained":[{"floor":3,"key":"Block Potion"},{"floor":7,"key":"Regen Potion"},{"floor":11,"key":"AttackPotion"},{"floor":16,"key":"FearPotion"},{"floor":19,"key":"SteroidPotion"},{"floor":20,"key":"Weak Potion"},{"floor":30,"key":"Dexterity Potion"}],"is_trial":false,"path_per_floor":["M","M","M","M","?","R","M","R","T","?","M","?","$","$","R","B",null,"M","M","?","M","?","R","E","R","T","M","$","R","M","?","R","B"],"character_chosen":"IRONCLAD","items_purchased":["Swift Strike","Metallicize","Dual Wield"],"campfire_rested":3,"item_purchase_floors":[14,28,28],"current_hp_per_floor":[59,64,66,67,67,67,52,52,52,52,59,64,64,64,64,19,61,40,21,21,24,24,47,28,51,51,41,41,41,34,34,58,0],"gold":131,"neow_bonus":"ONE_RARE_RELIC","is_prod":false,"is_daily":false,"chose_seed":false,"campfire_upgraded":4,"win_rate":0,"timestamp":1548523790,"path_taken":["M","M","M","M","?","R","M","R","T","?","?","?","?","$","R","BOSS","M","M","?","?","?","R","E","R","T","M","$","R","M","?","R","BOSS"],"build_version":"2019-01-23","purchased_purges":2,"victory":false,"max_hp_per_floor":[75,75,75,75,75,75,75,75,75,75,75,75,75,75,75,75,75,75,75,75,78,78,78,78,78,78,78,78,78,81,81,81,81],"card_choices":[{"not_picked":["Pommel Strike","Shockwave","Heavy Blade"],"picked":"SKIP","floor":1},{"not_picked":["Battle Trance","Cleave"],"picked":"Metallicize","floor":2},{"not_picked":["Clash","Cleave"],"picked":"Perfected Strike","floor":3},{"not_picked":["Clash","Headbutt"],"picked":"Wild Strike","floor":4},{"not_picked":["Thunderclap","True Grit","Rampage"],"picked":"SKIP","floor":7},{"not_picked":["Seeing Red","Anger"],"picked":"Ghostly Armor","floor":11},{"not_picked":["Clash","Sword Boomerang"],"picked":"Warcry","floor":12},{"not_picked":["Fiend Fire","Reaper"],"picked":"Feed","floor":16},{"not_picked":["Reckless Charge","Armaments+1"],"picked":"Flame Barrier","floor":18},{"not_picked":["Shockwave","Evolve"],"picked":"Metallicize","floor":19},{"not_picked":["Armaments","Second Wind","Cleave"],"picked":"SKIP","floor":21},{"not_picked":["Armaments","Demon Form"],"picked":"Twin Strike","floor":24},{"not_picked":["Burning Pact","Heavy Blade"],"picked":"Metallicize","floor":27},{"not_picked":["Rage","Havoc","Clothesline"],"picked":"SKIP","floor":30}],"player_experience":721973,"relics_obtained":[{"floor":9,"key":"Blood Vial"},{"floor":12,"key":"Odd Mushroom"},{"floor":24,"key":"Red Skull"},{"floor":26,"key":"Orichalcum"}],"event_choices":[{"damage_healed":0,"gold_gain":0,"player_choice":"Grow","damage_taken":0,"max_hp_gain":0,"max_hp_loss":0,"event_name":"Living Wall","floor":5,"gold_loss":0,"cards_upgraded":["Perfected Strike"]},{"damage_healed":0,"gold_gain":275,"player_choice":"Desecrate","damage_taken":0,"max_hp_gain":0,"max_hp_loss":0,"event_name":"Golden Shrine","floor":10,"gold_loss":0,"cards_obtained":["Regret"]},{"damage_healed":0,"gold_gain":0,"player_choice":"Fought Mushrooms","damage_taken":0,"max_hp_gain":0,"max_hp_loss":0,"event_name":"Mushrooms","floor":12,"gold_loss":0},{"damage_healed":0,"gold_gain":0,"player_choice":"Got Potions","damage_taken":0,"max_hp_gain":0,"max_hp_loss":0,"event_name":"Lab","floor":20,"gold_loss":0},{"damage_healed":0,"gold_gain":0,"cards_transformed":["Entrench","Body Slam"],"player_choice":"Became Test Subject","damage_taken":0,"max_hp_gain":0,"max_hp_loss":0,"event_name":"Drug Dealer","floor":22,"gold_loss":0,"cards_obtained":["Immolate","Searing Blow"]},{"damage_healed":0,"gold_gain":0,"player_choice":"Simplicity","damage_taken":0,"max_hp_gain":0,"max_hp_loss":0,"event_name":"Back to Basics","floor":31,"gold_loss":0,"cards_upgraded":["Strike_R","Strike_R","Strike_R","Strike_R","Strike_R"]}],"is_beta":false,"boss_relics":[{"not_picked":["White Beast Statue","Runic Pyramid"],"picked":"Astrolabe"}],"items_purged_floors":[13,14],"is_endless":false,"potions_floor_spawned":[3,7,11,16,19,30],"killed_by":"Collector","ascension_level":17}