{"path_per_floor":["M","?","?","$","M","R","E","R","T","M","M","R","M","$","R","B",null,"M","M","M","M","?","R","E","R","T","M","M","M","R","?","R","B",null,"M","M","?","$","M","R"],"character_chosen":"DEFECT","items_purchased":["Hello World","Hello World","Bottled Tornado","Heatsinks"],"gold_per_floor":[114,114,114,41,57,57,87,87,111,125,142,142,160,89,89,189,219,229,247,261,279,279,279,311,311,389,401,415,432,432,432,432,529,529,544,563,563,238,252,252,252],"floor_reached":41,"campfire_rested":6,"playtime":1802,"item_purchase_floors":[4,14,38,38],"current_hp_per_floor":[75,60,60,60,67,67,28,50,50,46,46,46,42,42,64,25,80,58,60,42,25,9,33,3,27,27,17,23,23,47,47,71,31,80,76,29,70,70,58,58,0],"items_purged":[],"gold":252,"score":498,"play_id":"9a11f35b-a083-4f29-bbc9-584baed5cda6","local_time":"20180603082718","is_prod":false,"is_daily":false,"chose_seed":false,"is_ascension_mode":true,"campfire_upgraded":3,"win_rate":0,"timestamp":1527978438,"campfire_choices":[{"data":"Hello World","floor":6,"key":"SMITH"},{"floor":8,"key":"REST"},{"data":"Static Discharge","floor":12,"key":"SMITH"},{"floor":15,"key":"REST"},{"floor":23,"key":"REST"},{"floor":25,"key":"REST"},{"floor":30,"key":"REST"},{"floor":32,"key":"REST"},{"data":"Defragment","floor":40,"key":"SMITH"}],"path_taken":["M","?","?","$","M","R","E","R","T","M","M","R","M","?","R","BOSS","M","M","?","M","?","R","E","R","T","?","M","M","R","?","R","BOSS","M","M","?","?","?","R","E"],"build_version":"2018-05-31","seed_source_timestamp":185969337181753,"purchased_purges":0,"victory":false,"master_deck":["Strike_B","Strike_B","Strike_B","Strike_B+1","Defend_B+1","Defend_B","Defend_B+1","Defend_B","Zap","Dualcast","White Noise","Hello World+1","Static Discharge+1","Electrodynamics","Hologram","Coolheaded","Defragment","Hello World","Thunder Strike","Hello World","Self Repair","Loop","Steam","Leap","Amplify","Force Field","Static Discharge","Stack","Defragment+1","Echo Form","Leap+1","Conserve Battery+1","Heatsinks","Redo+1"],"max_hp_per_floor":[75,75,75,75,75,75,75,75,75,75,75,75,75,75,75,75,80,80,80,80,80,80,80,80,80,80,80,80,80,80,80,80,80,80,80,80,70,70,70,70,70],"relics":["Cracked Core","Lantern","Ancient Tea Set","Boot","Tiny House","Enchiridion","Vajra","Bottled Flame","Cursed Key","Bottled Tornado"],"card_choices":[{"not_picked":["Leap","Scrape"],"picked":"White Noise","floor":1},{"not_picked":["Sweeping Beam","Leap"],"picked":"Static Discharge","floor":5},{"not_picked":["Turbo","All For One"],"picked":"Electrodynamics","floor":7},{"not_picked":["FTL","Coolheaded"],"picked":"Hologram","floor":10},{"not_picked":["Skim","Recycle"],"picked":"Coolheaded","floor":11},{"not_picked":["Go for the Eyes","Leap"],"picked":"Defragment","floor":13},{"not_picked":["Fission","Multi-Cast"],"picked":"Thunder Strike","floor":16},{"not_picked":["BootSequence","Conserve Battery"],"picked":"Hello World","floor":17},{"not_picked":["BootSequence","Conserve Battery"],"picked":"Self Repair","floor":18},{"not_picked":["Stack","BootSequence"],"picked":"Loop","floor":19},{"not_picked":["Sweeping Beam+1","Skim"],"picked":"Steam","floor":20},{"not_picked":["Redo+1","Coolheaded"],"picked":"Leap","floor":21},{"not_picked":["Hologram","Reinforced Body"],"picked":"Amplify","floor":24},{"not_picked":["White Noise","Rip and Tear"],"picked":"Force Field","floor":27},{"not_picked":["Compile Driver","Consume"],"picked":"Static Discharge","floor":28},{"not_picked":["Redo","Rebound"],"picked":"Stack","floor":29},{"not_picked":["Electrodynamics","Core Surge"],"picked":"Echo Form","floor":33},{"not_picked":["Gash","Redo+1"],"picked":"Leap+1","floor":35},{"not_picked":["Compile Driver","Hologram+1"],"picked":"Conserve Battery+1","floor":36},{"not_picked":["Double Energy","Beam Cell+1"],"picked":"Redo+1","floor":39}],"player_experience":147375,"potions_floor_usage":[7,13,18,21,24,29,33,39],"damage_taken":[{"damage":0,"enemies":"2 Louse","floor":1,"turns":2},{"damage":0,"enemies":"Small Slimes","floor":5,"turns":3},{"damage":39,"enemies":"Gremlin Nob","floor":7,"turns":5},{"damage":4,"enemies":"Jaw Worm","floor":10,"turns":2},{"damage":0,"enemies":"Blue Slaver","floor":11,"turns":2},{"damage":4,"enemies":"Exordium Thugs","floor":13,"turns":2},{"damage":39,"enemies":"The Guardian","floor":16,"turns":7},{"damage":29,"enemies":"Chosen","floor":18,"turns":6},{"damage":5,"enemies":"3 Byrds","floor":19,"turns":2},{"damage":25,"enemies":"Snecko","floor":20,"turns":5},{"damage":24,"enemies":"Sentry and Sphere","floor":21,"turns":4},{"damage":30,"enemies":"Slavers","floor":24,"turns":3},{"damage":17,"enemies":"3 Cultists","floor":27,"turns":4},{"damage":1,"enemies":"Snecko","floor":28,"turns":5},{"damage":14,"enemies":"Sentry and Sphere","floor":29,"turns":3},{"damage":40,"enemies":"Champ","floor":33,"turns":8},{"damage":11,"enemies":"3 Shapes","floor":35,"turns":3},{"damage":54,"enemies":"3 Darklings","floor":36,"turns":5},{"damage":19,"enemies":"Maw","floor":39,"turns":8},{"damage":68,"enemies":"2 Orb Walkers","floor":41,"turns":4}],"relics_obtained":[{"floor":7,"key":"Ancient Tea Set"},{"floor":9,"key":"Boot"},{"floor":22,"key":"Enchiridion"},{"floor":24,"key":"Vajra"},{"floor":26,"key":"Bottled Flame"}],"event_choices":[{"event_name":"Shining Light","player_choice":"Entered Light","floor":2,"damage_taken":0},{"event_name":"The Cleric","player_choice":"Leave","floor":3,"damage_taken":0},{"event_name":"Cursed Tome","player_choice":"Obtained Book","floor":22,"damage_taken":0},{"event_name":"The Library","player_choice":"Read","floor":31,"damage_taken":0},{"event_name":"The Moai Head","player_choice":"Heal","floor":37,"damage_taken":0}],"boss_relics":[{"not_picked":["Snecko Eye","Lizard Tail"],"picked":"Tiny House"},{"not_picked":["White Beast Statue","Inserter"],"picked":"Cursed Key"}],"items_purged_floors":[],"potions_floor_spawned":[5,7,10,21,28,29,33,35,36],"seed_played":"-5831094574056355644","killed_by":"2 Orb Walkers","ascension_level":4,"potions_obtained":[{"floor":5,"key":"SkillPotion"},{"floor":7,"key":"Weak Potion"},{"floor":10,"key":"Swift Potion"},{"floor":17,"key":"Fire Potion"},{"floor":21,"key":"SteroidPotion"},{"floor":28,"key":"Swift Potion"},{"floor":29,"key":"Strength Potion"},{"floor":33,"key":"SteroidPotion"},{"floor":35,"key":"Ancient Potion"},{"floor":36,"key":"SkillPotion"}],"is_trial":false}