{"gold_per_floor":[109,184,184,184,70,97,97,111,111,111,142,162,162,172,172,271,271,291,291,366,366,241,241,258,258,258,277,304,332,332,342,342,446,446,460,470,488,506,560,594,606,630,642,654,24,24,70,81,81,81],"floor_reached":51,"playtime":3749,"items_purged":["Dualcast","Defend_B","Zap"],"score":1019,"play_id":"a4281d32-3b45-49d5-9a04-c0a1806a3062","local_time":"20180813233149","is_ascension_mode":true,"campfire_choices":[{"data":"1","floor":7.0,"key":"LIFT"},{"floor":10.0,"key":"REST"},{"data":"2","floor":13.0,"key":"LIFT"},{"data":"3","floor":15.0,"key":"LIFT"},{"data":"Rip and Tear","floor":23.0,"key":"SMITH"},{"data":"Leap","floor":25.0,"key":"SMITH"},{"floor":32.0,"key":"REST"},{"data":"Buffer","floor":41,"key":"SMITH"},{"data":"Streamline","floor":44,"key":"SMITH"},{"floor":49,"key":"REST"}],"neow_cost":"NONE","seed_source_timestamp":0,"circlet_count":0,"master_deck":["Strike_B+1","Strike_B+1","Strike_B+1","Strike_B+1","Defend_B+1","Defend_B+1","Defend_B+1","Conserve Battery","Rip and Tear+1","FTL","Conserve Battery","Leap+1","Genetic Algorithm","Streamline+1","Buffer+1","Rip and Tear+1","Conserve Battery+1","Rip and Tear+1"],"special_seed":0,"relics":["Velvet Choker","Girya","Regal Pillow","Du-Vu Doll","Runic Pyramid","Vajra","Oddly Smooth Stone","Anchor","Red Mask","Omamori","Nuclear Battery","Juzu Bracelet","MawBank","The Courier","Pen Nib","Singing Bowl","Bag of Preparation","Thread and Needle"],"potions_floor_usage":[40,50,50,50],"damage_taken":[{"damage":1.0,"enemies":"2 Louse","floor":1.0,"turns":3.0},{"damage":30.0,"enemies":"3 Sentries","floor":6.0,"turns":8.0},{"damage":0.0,"enemies":"Small Slimes","floor":8.0,"turns":3.0},{"damage":14.0,"enemies":"Gremlin Nob","floor":11.0,"turns":4.0},{"damage":5.0,"enemies":"Jaw Worm","floor":12.0,"turns":3.0},{"damage":3.0,"enemies":"Gremlin Gang","floor":14.0,"turns":4.0},{"damage":20.0,"enemies":"Hexaghost","floor":16.0,"turns":9.0},{"damage":11.0,"enemies":"Shell Parasite","floor":18.0,"turns":5.0},{"damage":0.0,"enemies":"Spheric Guardian","floor":24.0,"turns":3.0},{"damage":1.0,"enemies":"Centurion and Healer","floor":27.0,"turns":6.0},{"damage":31.0,"floor":28.0,"turns":6.0},{"damage":0.0,"enemies":"Gremlin Leader","floor":29.0,"turns":7.0},{"damage":1.0,"enemies":"Snecko","floor":31.0,"turns":3.0},{"damage":31.0,"enemies":"Champ","floor":33.0,"turns":12.0},{"damage":0.0,"enemies":"3 Shapes","floor":35.0,"turns":5.0},{"damage":0.0,"enemies":"Orb Walker","floor":36.0,"turns":4.0},{"damage":0,"enemies":"Flame Bruiser 2 Orb","floor":37,"turns":6},{"damage":0,"enemies":"Spire Growth","floor":38,"turns":5},{"damage":23,"enemies":"2 Orb Walkers","floor":40,"turns":5},{"damage":0,"enemies":"Transient","floor":42,"turns":5},{"damage":1,"floor":47,"turns":4},{"damage":0,"enemies":"4 Shapes","floor":48,"turns":4},{"damage":0,"enemies":"Awakened One","floor":50,"turns":12}],"seed_played":"3618289946002323098","potions_obtained":[{"floor":4.0,"key":"Energy Potion"},{"floor":4.0,"key":"Energy Potion"},{"floor":4.0,"key":"FearPotion"},{"floor":11.0,"key":"Strength Potion"},{"floor":14.0,"key":"LiquidBronze"},{"floor":18.0,"key":"FairyPotion"},{"floor":29.0,"key":"LiquidBronze"},{"floor":33.0,"key":"FairyPotion"},{"floor":36.0,"key":"GamblersBrew"},{"floor":38,"key":"PowerPotion"},{"floor":47,"key":"EssenceOfSteel"}],"is_trial":false,"path_per_floor":["M","?","?","?","$","E","R","M","T","R","E","M","R","M","R","B",null,"M","?","?","?","$","R","M","R","T","M","?","E","?","M","R","B",null,"M","M","M","M","T","E","R","M","T","R","$","?","?","M","R","B"],"character_chosen":"DEFECT","items_purchased":["Rip and Tear","Leap","Pen Nib","Singing Bowl","Bag of Preparation","EssenceOfSteel"],"campfire_rested":3,"item_purchase_floors":[5,22,45,45,45,45],"current_hp_per_floor":[67,56,61,61,61,31,31,31,31,70,56,51,51,48,48,28,67,56,56,48,48,48,48,48,48,48,47,16,16,16,15,54,23,66,66,66,66,66,66,43,43,43,43,43,43,45,44,46,84,84],"gold":81,"neow_bonus":"BOSS_RELIC","is_prod":false,"is_daily":false,"chose_seed":false,"campfire_upgraded":4,"win_rate":0,"timestamp":1534195909,"path_taken":["M","?","?","?","?","E","R","M","T","R","E","M","R","M","R","BOSS","M","?","?","?","$","R","M","R","T","?","?","E","?","M","R","BOSS","M","M","M","?","?","E","R","M","T","R","$","?","?","M","R","BOSS"],"build_version":"2018-08-09","purchased_purges":3,"victory":true,"max_hp_per_floor":[75,75,80,80,80,80,80,80,80,80,80,80,80,80,80,80,80,80,80,80,80,80,80,80,80,80,80,80,80,80,80,80,80,80,80,80,80,80,80,80,80,80,80,80,80,82,82,84,84,84],"card_choices":[{"not_picked":["Coolheaded","Streamline"],"picked":"Conserve Battery","floor":1.0},{"not_picked":["Ball Lightning","Cold Snap","Coolheaded"],"picked":"SKIP","floor":6.0},{"not_picked":["Turbo","Go for the Eyes"],"picked":"FTL","floor":8.0},{"not_picked":["Steam Power","Go for the Eyes","Cold Snap"],"picked":"SKIP","floor":11.0},{"not_picked":["Defragment","Coolheaded"],"picked":"Conserve Battery","floor":12.0},{"not_picked":["Reprogram","Loop","Chaos"],"picked":"SKIP","floor":14.0},{"not_picked":["Barrage","Rebound","Turbo"],"picked":"SKIP","floor":18.0},{"not_picked":["Heatsinks","Barrage","Compile Driver"],"picked":"SKIP","floor":24.0},{"not_picked":["Loop","Steam+1"],"picked":"Genetic Algorithm","floor":27.0},{"not_picked":["Go for the Eyes","Lockon"],"picked":"Streamline","floor":28.0},{"not_picked":["Conserve Battery","Gash","Fission"],"picked":"SKIP","floor":29.0},{"not_picked":["White Noise","Redo","Coolheaded"],"picked":"SKIP","floor":31.0},{"not_picked":["Reboot","Amplify"],"picked":"Buffer","floor":33.0},{"not_picked":["Turbo","Cold Snap","Fusion"],"picked":"SKIP","floor":35.0},{"not_picked":["Lockon","Reprogram+1"],"picked":"Rip and Tear+1","floor":36.0},{"not_picked":["Gash+1","Beam Cell+1","Darkness+1"],"picked":"SKIP","floor":37},{"not_picked":["Coolheaded+1","Sweeping Beam"],"picked":"Conserve Battery+1","floor":38},{"not_picked":["Sweeping Beam+1","Auto Shields+1","Loop"],"picked":"SKIP","floor":40},{"not_picked":["Steam","Blizzard","Rebound"],"picked":"SKIP","floor":42},{"not_picked":["Finesse","Master of Strategy","Apotheosis"],"picked":"Singing Bowl","floor":46},{"not_picked":["Force Field+1","Steam+1"],"picked":"Rip and Tear+1","floor":47},{"not_picked":["Coolheaded+1","Sunder","Gash"],"picked":"Singing Bowl","floor":48}],"player_experience":294797,"relics_obtained":[{"floor":6.0,"key":"Girya"},{"floor":9.0,"key":"Regal Pillow"},{"floor":11.0,"key":"Du-Vu Doll"},{"floor":26.0,"key":"Anchor"},{"floor":28.0,"key":"Red Mask"},{"floor":29.0,"key":"Omamori"},{"floor":39,"key":"Juzu Bracelet"},{"floor":40,"key":"MawBank"},{"floor":43,"key":"The Courier"},{"floor":47,"key":"Thread and Needle"}],"event_choices":[{"event_name":"World of Goop","player_choice":"Gather Gold","floor":2.0,"damage_taken":0.0},{"event_name":"Big Fish","player_choice":"Donut","floor":3.0,"damage_taken":0.0},{"event_name":"The Lab","player_choice":"Got Potions","floor":4.0,"damage_taken":0.0},{"event_name":"WeMeetAgain","player_choice":"Potion","floor":19.0,"damage_taken":0.0},{"event_name":"FaceTrader","player_choice":"Touch","floor":20.0,"damage_taken":0.0},{"event_name":"Accursed Blacksmith","player_choice":"Rummage","floor":21.0,"damage_taken":0.0},{"event_name":"Masked Bandits","player_choice":"Fought Bandits","floor":28.0,"damage_taken":0.0},{"event_name":"Back to Basics","player_choice":"Simplicity","floor":30.0,"damage_taken":0.0},{"event_name":"SensoryStone","player_choice":"Memory 1","floor":46,"damage_taken":0},{"event_name":"Mysterious Sphere","player_choice":"Fight","floor":47,"damage_taken":0}],"is_beta":false,"boss_relics":[{"not_picked":["Philosopher\u0027s Stone","Busted Crown"],"picked":"Runic Pyramid"},{"not_picked":["White Beast Statue","Inserter"],"picked":"Nuclear Battery"}],"items_purged_floors":[5,22,45],"is_endless":false,"potions_floor_spawned":[11,14,18,29,33,36,38,47,48],"ascension_level":8}