{"gold_per_floor":[116,116,116,129,5,36,36,36,36,36,36,51,51,126,126,230,230,248,43,61,73,73],"floor_reached":22,"playtime":701,"items_purged":[],"score":182,"play_id":"cb2321f4-f619-4e28-899e-917ddac4c99c","local_time":"20190122070545","is_ascension_mode":false,"campfire_choices":[{"floor":7,"key":"REST"},{"floor":13,"key":"REST"},{"floor":15,"key":"REST"}],"neow_cost":"CURSE","seed_source_timestamp":470203908831517,"circlet_count":0,"master_deck":["Strike_B","Strike_B","Strike_B","Strike_B","Defend_B","Defend_B","Defend_B","Defend_B","Zap","Dualcast","Jack Of All Trades","Jack Of All Trades","Hologram","Gash","Trip","Loop","Glacier","Defragment","Electrodynamics","Consume+1","Turbo+1","Storm"],"relics":["Cracked Core","Bronze Scales","Calipers","Inserter","Runic Capacitor"],"potions_floor_usage":[16,22,22],"damage_taken":[{"damage":6,"enemies":"2 Louse","floor":1,"turns":5},{"damage":1,"enemies":"Jaw Worm","floor":4,"turns":3},{"damage":62,"enemies":"Gremlin Nob","floor":6,"turns":6},{"damage":0,"enemies":"Small Slimes","floor":12,"turns":3},{"damage":52,"enemies":"Slime Boss","floor":16,"turns":9},{"damage":26,"enemies":"Shell Parasite","floor":18,"turns":7},{"damage":8,"enemies":"Chosen","floor":20,"turns":5},{"damage":42,"enemies":"Shelled Parasite and Fungi","floor":21,"turns":7},{"damage":6,"enemies":"Sentry and Sphere","floor":22,"turns":2}],"seed_played":"1347261738585905321","potions_obtained":[{"floor":6,"key":"SpeedPotion"},{"floor":12,"key":"EssenceOfSteel"},{"floor":16,"key":"Ancient Potion"},{"floor":18,"key":"Strength Potion"}],"is_trial":false,"path_per_floor":["M","?","?","M","$","E","R","$","T","$","?","M","R","?","R","B",null,"M","$","M","M","M"],"character_chosen":"DEFECT","items_purchased":["Trip","Loop","Runic Capacitor"],"campfire_rested":3,"item_purchase_floors":[5,5,19],"current_hp_per_floor":[69,62,67,66,66,4,28,28,28,28,25,25,49,38,62,10,80,54,54,46,4,0],"gold":73,"neow_bonus":"RANDOM_COLORLESS_2","is_prod":false,"is_daily":false,"chose_seed":false,"campfire_upgraded":0,"win_rate":0,"timestamp":1548158745,"path_taken":["M","?","?","M","$","E","R","?","T","$","?","M","R","?","R","BOSS","M","$","M","M","M"],"build_version":"2019-01-17v2","purchased_purges":0,"victory":false,"max_hp_per_floor":[75,75,80,80,80,80,80,80,80,80,80,80,80,80,80,80,80,80,80,80,80,80],"card_choices":[{"not_picked":["Ball Lightning","Rebound"],"picked":"Hologram","floor":1},{"not_picked":["Leap","Steam"],"picked":"Gash","floor":4},{"not_picked":["Turbo","Go for the Eyes"],"picked":"Glacier","floor":6},{"not_picked":["Stack","Double Energy"],"picked":"Defragment","floor":12},{"not_picked":["Rainbow","Reboot"],"picked":"Electrodynamics","floor":16},{"not_picked":["Barrage","Rebound"],"picked":"Consume+1","floor":18},{"not_picked":["Defragment","Streamline"],"picked":"Turbo+1","floor":20},{"not_picked":["Skim","Rip and Tear"],"picked":"Storm","floor":21}],"player_experience":173335,"relics_obtained":[{"floor":6,"key":"Bronze Scales"}],"event_choices":[{"cards_removed":["Shame"],"damage_healed":0,"gold_gain":0,"player_choice":"Card Removal","damage_taken":7,"max_hp_gain":0,"max_hp_loss":0,"event_name":"Golden Wing","floor":2,"gold_loss":0},{"damage_healed":0,"gold_gain":0,"player_choice":"Donut","damage_taken":0,"max_hp_gain":5,"max_hp_loss":0,"event_name":"Big Fish","floor":3,"gold_loss":0},{"damage_healed":0,"gold_gain":0,"player_choice":"Success","damage_taken":3,"relics_obtained":["Calipers"],"max_hp_gain":0,"max_hp_loss":0,"event_name":"Scrap Ooze","floor":11,"gold_loss":0},{"damage_healed":0,"gold_gain":75,"player_choice":"Gather Gold","damage_taken":11,"max_hp_gain":0,"max_hp_loss":0,"event_name":"World of Goop","floor":14,"gold_loss":0}],"is_beta":false,"boss_relics":[{"not_picked":["Pandora\u0027s Box","Fusion Hammer"],"picked":"Inserter"}],"items_purged_floors":[],"is_endless":false,"potions_floor_spawned":[6,12,16,18],"killed_by":"Sentry and Sphere","ascension_level":0}