{"gold_per_floor":[110,21,21,21,96,96,154,154,223,148,168,198,123,177,177,250,250,260,3,16,34,34,34,69,69,69,103,122,133,133,147,147,147],"floor_reached":33,"playtime":1018,"items_purged":["Defend_B","Strike_B"],"score":632,"play_id":"73d3ac99-7679-4498-bb0b-fc9654276178","local_time":"20190223002523","is_ascension_mode":true,"campfire_choices":[{"data":"Zap","floor":6,"key":"SMITH"},{"data":"Self Repair","floor":15,"key":"SMITH"},{"floor":23,"key":"REST"},{"floor":25,"key":"REST"},{"floor":30,"key":"REST"},{"data":"Static Discharge","floor":32,"key":"SMITH"}],"neow_cost":"NONE","seed_source_timestamp":36127166310800,"circlet_count":0,"master_deck":["AscendersBane","Strike_B","Strike_B","Defend_B","Defend_B","Zap+1","Dualcast","Cold Snap","Self Repair+1","Auto Shields","Core Surge","Go for the Eyes+1","Cold Snap+1","Static Discharge+1"],"relics":["Cracked Core","NeowsBlessing","Tiny Chest","Bottled Tornado","Shuriken","Regal Pillow","DataDisk","Sozu","Anchor","Blue Candle","Kunai","Blood Vial"],"potions_floor_usage":[16],"damage_taken":[{"damage":0,"enemies":"Small Slimes","floor":1,"turns":1},{"damage":0,"enemies":"3 Sentries","floor":7,"turns":1},{"damage":0,"enemies":"Jaw Worm","floor":11,"turns":1},{"damage":33,"enemies":"Lagavulin","floor":12,"turns":9},{"damage":32,"enemies":"The Guardian","floor":16,"turns":12},{"damage":23,"enemies":"3 Byrds","floor":18,"turns":5},{"damage":17,"enemies":"Spheric Guardian","floor":20,"turns":4},{"damage":7,"enemies":"Snake Plant","floor":21,"turns":4},{"damage":64,"enemies":"Slavers","floor":24,"turns":8},{"damage":67,"enemies":"Gremlin Leader","floor":27,"turns":12},{"damage":8,"enemies":"Centurion and Healer","floor":28,"turns":8},{"damage":12,"enemies":"Chosen and Byrds","floor":29,"turns":7},{"damage":10,"enemies":"Snake Plant","floor":31,"turns":6},{"damage":70,"enemies":"Collector","floor":33,"turns":9}],"seed_played":"-8386008329551579061","potions_obtained":[{"floor":7,"key":"LiquidBronze"},{"floor":11,"key":"FairyPotion"}],"is_trial":false,"path_per_floor":["M","$","?","?","?","R","E","T","T","?","M","E","$","T","R","B",null,"M","$","M","M","?","R","E","R","T","E","M","M","R","M","R","B"],"character_chosen":"DEFECT","items_purchased":["Self Repair","Anchor"],"campfire_rested":3,"item_purchase_floors":[2,19],"current_hp_per_floor":[64,64,69,69,58,58,65,65,65,65,72,46,46,46,46,24,63,50,50,43,46,46,76,22,59,59,17,21,21,58,60,60,0],"gold":147,"neow_bonus":"THREE_ENEMY_KILL","is_prod":false,"is_daily":false,"chose_seed":false,"campfire_upgraded":3,"win_rate":0,"timestamp":1550874323,"path_taken":["M","$","?","?","?","R","E","?","T","?","?","E","$","?","R","BOSS","M","$","M","M","?","R","E","R","T","E","M","M","R","M","R","BOSS"],"build_version":"2019-01-23","purchased_purges":2,"victory":false,"max_hp_per_floor":[71,71,76,76,76,76,76,76,76,76,76,76,76,76,76,76,76,76,76,76,76,76,76,76,76,76,76,76,76,76,76,76,76],"card_choices":[{"not_picked":["Hologram","Ball Lightning"],"picked":"Cold Snap","floor":1},{"not_picked":["Barrage","Buffer","Hologram"],"picked":"SKIP","floor":7},{"not_picked":["Blizzard","Sweeping Beam","Reprogram"],"picked":"SKIP","floor":11},{"not_picked":["Stack","Streamline"],"picked":"Auto Shields","floor":12},{"not_picked":["Machine Learning","Meteor Strike"],"picked":"Core Surge","floor":16},{"not_picked":["Glacier","Chill+1"],"picked":"Go for the Eyes+1","floor":18},{"not_picked":["Steam Power","Sunder"],"picked":"Cold Snap+1","floor":20},{"not_picked":["Stack","Go for the Eyes","Leap"],"picked":"SKIP","floor":21},{"not_picked":["Beam Cell","Stack","Static Discharge"],"picked":"SKIP","floor":24},{"not_picked":["Turbo","Heatsinks","Coolheaded"],"picked":"SKIP","floor":27},{"not_picked":["Tempest","Compile Driver","BootSequence"],"picked":"SKIP","floor":28},{"not_picked":["Compile Driver","Gash"],"picked":"Static Discharge","floor":29},{"not_picked":["Glacier","Thunder Strike","FTL"],"picked":"SKIP","floor":31}],"player_experience":892406,"relics_obtained":[{"floor":7,"key":"Tiny Chest"},{"floor":8,"key":"Bottled Tornado"},{"floor":9,"key":"Shuriken"},{"floor":12,"key":"Regal Pillow"},{"floor":14,"key":"DataDisk"},{"floor":24,"key":"Blue Candle"},{"floor":26,"key":"Kunai"},{"floor":27,"key":"Blood Vial"}],"event_choices":[{"damage_healed":0,"gold_gain":0,"player_choice":"Donut","damage_taken":0,"max_hp_gain":5,"max_hp_loss":0,"event_name":"Big Fish","floor":3,"gold_loss":0},{"cards_removed":["Strike_B"],"damage_healed":0,"gold_gain":0,"player_choice":"Forget","damage_taken":0,"max_hp_gain":0,"max_hp_loss":0,"event_name":"Living Wall","floor":4,"gold_loss":0},{"damage_healed":0,"gold_gain":75,"player_choice":"Gather Gold","damage_taken":11,"max_hp_gain":0,"max_hp_loss":0,"event_name":"World of Goop","floor":5,"gold_loss":0},{"cards_removed":["Defend_B"],"damage_healed":0,"gold_gain":0,"player_choice":"Card Removal","damage_taken":0,"max_hp_gain":0,"max_hp_loss":0,"event_name":"The Cleric","floor":10,"gold_loss":75},{"damage_healed":0,"gold_gain":0,"player_choice":"Got Potions","damage_taken":0,"max_hp_gain":0,"max_hp_loss":0,"event_name":"Lab","floor":22,"gold_loss":0}],"is_beta":false,"boss_relics":[{"not_picked":["Black Star","Inserter"],"picked":"Sozu"}],"items_purged_floors":[13,19],"is_endless":false,"potions_floor_spawned":[7,11,12,18,21,27,28],"killed_by":"Collector","ascension_level":20}