{"gold_per_floor":[112,187,202,377,31,31,31,41,88,88,105,118,135,5,5,100,100,111,381,50,10,23,23,23],"floor_reached":24,"playtime":913,"items_purged":["Doubt"],"score":251,"play_id":"ef299921-523e-404a-91dc-417c09a77aae","local_time":"20190210030446","is_ascension_mode":true,"campfire_choices":[{"data":"Zap","floor":6,"key":"SMITH"},{"floor":10,"key":"REST"},{"floor":15,"key":"REST"},{"floor":23,"key":"REST"}],"neow_cost":"NONE","seed_source_timestamp":622863514929,"circlet_count":0,"master_deck":["Strike_B","Strike_B","Strike_B","Strike_B","Defend_B","Defend_B","Defend_B","Defend_B","Zap+1","Dualcast","Streamline","Coolheaded","Finesse","FTL","Buffer","Go for the Eyes","Seek","Capacitor","Defragment","Coolheaded","Buffer","Self Repair","Finesse","Reinforced Body"],"relics":["Cracked Core","Pen Nib","Anchor","Lantern","Busted Crown","Bronze Scales"],"potions_floor_usage":[16,24],"damage_taken":[{"damage":13,"enemies":"Small Slimes","floor":1,"turns":3},{"damage":9,"enemies":"Jaw Worm","floor":3,"turns":3},{"damage":0,"enemies":"Cultist","floor":8,"turns":2},{"damage":0,"enemies":"Red Slaver","floor":11,"turns":3},{"damage":6,"enemies":"Gremlin Gang","floor":12,"turns":4},{"damage":0,"enemies":"3 Louse","floor":13,"turns":2},{"damage":27,"enemies":"Hexaghost","floor":16,"turns":10},{"damage":15,"enemies":"3 Byrds","floor":18,"turns":8},{"damage":8,"enemies":"2 Thieves","floor":22,"turns":4},{"damage":53,"enemies":"Book of Stabbing","floor":24,"turns":5}],"seed_played":"6081466242066345506","potions_obtained":[{"floor":3,"key":"Strength Potion"},{"floor":11,"key":"Strength Potion"},{"floor":12,"key":"Poison Potion"},{"floor":13,"key":"Ancient Potion"},{"floor":18,"key":"Ancient Potion"}],"is_trial":false,"path_per_floor":["M","?","M","?","$","R","?","M","T","R","M","M","M","$","R","B",null,"M","?","$","$","M","R","E"],"character_chosen":"DEFECT","items_purchased":["Pen Nib","Finesse","FTL","Defragment","Coolheaded","Self Repair","Bronze Scales","Finesse","Reinforced Body"],"campfire_rested":3,"item_purchase_floors":[5,5,5,14,14,20,20,20,21],"current_hp_per_floor":[62,51,42,42,42,42,42,42,42,66,66,60,60,60,82,55,75,60,28,28,28,27,51,0],"gold":23,"neow_bonus":"TEN_PERCENT_HP_BONUS","is_prod":false,"is_daily":false,"chose_seed":false,"campfire_upgraded":1,"win_rate":0,"timestamp":1549785886,"path_taken":["M","?","M","?","?","R","?","M","T","R","M","M","M","$","R","BOSS","M","?","?","$","?","R","E"],"build_version":"2019-01-23","purchased_purges":1,"victory":false,"max_hp_per_floor":[82,82,82,82,82,82,82,82,82,82,82,82,82,82,82,82,82,82,82,82,82,82,82,82],"card_choices":[{"not_picked":["Stack","Scrape"],"picked":"Streamline","floor":1},{"not_picked":["Stack","Hologram"],"picked":"Coolheaded","floor":3},{"not_picked":["Coolheaded","Hello World"],"picked":"Buffer","floor":8},{"not_picked":["Leap","Ball Lightning"],"picked":"Go for the Eyes","floor":11},{"not_picked":["Conserve Battery","Gash"],"picked":"Seek","floor":12},{"not_picked":["Cold Snap","Go for the Eyes"],"picked":"Capacitor","floor":13},{"not_picked":["Machine Learning","Meteor Strike"],"picked":"Buffer","floor":16},{"not_picked":["Auto Shields"],"picked":"SKIP","floor":18},{"not_picked":["Go for the Eyes"],"picked":"SKIP","floor":22}],"player_experience":436416,"relics_obtained":[{"floor":9,"key":"Lantern"}],"event_choices":[{"damage_healed":0,"gold_gain":75,"player_choice":"Gather Gold","damage_taken":11,"max_hp_gain":0,"max_hp_loss":0,"event_name":"World of Goop","floor":2,"gold_loss":0},{"damage_healed":0,"gold_gain":175,"player_choice":"AGREE","damage_taken":0,"max_hp_gain":0,"max_hp_loss":0,"event_name":"Liars Game","floor":4,"gold_loss":0,"cards_obtained":["Doubt"]},{"damage_healed":0,"gold_gain":0,"player_choice":"Searched \u00271\u0027 times","damage_taken":0,"relics_obtained":["Anchor"],"max_hp_gain":0,"max_hp_loss":0,"event_name":"Dead Adventurer","floor":7,"gold_loss":0},{"damage_healed":0,"gold_gain":270,"player_choice":"GOLD GOLD GOLD ","damage_taken":32,"max_hp_gain":0,"max_hp_loss":0,"event_name":"Knowing Skull","floor":19,"potions_obtained":[],"gold_loss":0,"cards_obtained":[]}],"is_beta":false,"boss_relics":[{"not_picked":["Velvet Choker","Runic Dome"],"picked":"Busted Crown"}],"items_purged_floors":[5],"is_endless":false,"potions_floor_spawned":[3,11,12,13,18],"killed_by":"Book of Stabbing","ascension_level":7}