{"gold_per_floor":[144,144,189,64,109,109,109,199,224,224,314,359,359],"floor_reached":13,"playtime":479,"items_purged":[],"score":118,"play_id":"418456a9-9692-4d88-8dd9-6cb929b1815a","local_time":"20190124154803","daily_mods":["Specialized","Green Cards","Midas"],"is_ascension_mode":false,"campfire_choices":[{"floor":6,"key":"REST"},{"floor":10,"key":"DIG"}],"neow_cost":"","seed_source_timestamp":672650853516790,"circlet_count":0,"master_deck":["Strike_B","Strike_B","Strike_B","Strike_B","Defend_B","Defend_B","Defend_B","Defend_B","Zap","Dualcast","Expertise","Expertise","Expertise","Expertise","Expertise","Prepared","Beam Cell","Conserve Battery","Caltrops+1","Chaos","Go for the Eyes","Turbo","Flying Knee"],"special_seed":17920,"relics":["Cracked Core","Du-Vu Doll","Shovel","Happy Flower","Bronze Scales","Emotion Chip"],"potions_floor_usage":[8,8,8,13],"damage_taken":[{"damage":5,"enemies":"Jaw Worm","floor":1,"turns":5},{"damage":4,"enemies":"Cultist","floor":3,"turns":4},{"damage":7,"enemies":"Small Slimes","floor":5,"turns":3},{"damage":10,"enemies":"3 Sentries","floor":8,"turns":6},{"damage":60,"enemies":"Gremlin Nob","floor":11,"turns":5},{"damage":0,"enemies":"3 Louse","floor":12,"turns":3},{"damage":5,"enemies":"Lots of Slimes","floor":13,"turns":1}],"seed_played":"5878124087660540128","potions_obtained":[{"floor":1,"key":"Energy Potion"},{"floor":3,"key":"SteroidPotion"},{"floor":5,"key":"EssenceOfSteel"},{"floor":12,"key":"SteroidPotion"}],"is_trial":false,"path_per_floor":["M","?","M","$","M","R","?","E","T","R","E","M","M"],"character_chosen":"DEFECT","items_purchased":["Conserve Battery","Caltrops"],"campfire_rested":1,"item_purchase_floors":[4,4],"current_hp_per_floor":[70,67,63,63,56,75,75,65,65,65,5,5,0],"gold":359,"neow_bonus":"","is_prod":false,"is_daily":true,"chose_seed":false,"campfire_upgraded":0,"win_rate":0,"timestamp":1548362883,"path_taken":["M","?","M","$","M","R","?","E","T","R","E","M","?"],"build_version":"2019-01-23","purchased_purges":0,"victory":false,"max_hp_per_floor":[75,75,75,75,75,75,75,75,75,75,75,75,75],"card_choices":[{"not_picked":["Blizzard","Tactician"],"picked":"Prepared","floor":1},{"not_picked":["Flechettes","Static Discharge"],"picked":"Beam Cell","floor":3},{"not_picked":["Genetic Algorithm","Underhanded Strike"],"picked":"Chaos","floor":5},{"not_picked":["Capacitor","Glacier"],"picked":"Go for the Eyes","floor":8},{"not_picked":["Meteor Strike","Echo Form"],"picked":"Turbo","floor":11},{"not_picked":["Sucker Punch","Prepared"],"picked":"Flying Knee","floor":12}],"player_experience":211909,"relics_obtained":[{"floor":8,"key":"Shovel"},{"floor":9,"key":"Happy Flower"},{"floor":10,"key":"Bronze Scales"},{"floor":11,"key":"Emotion Chip"}],"event_choices":[{"damage_healed":0,"gold_gain":0,"player_choice":"Success","damage_taken":3,"relics_obtained":["Du-Vu Doll"],"max_hp_gain":0,"max_hp_loss":0,"event_name":"Scrap Ooze","floor":2,"gold_loss":0},{"damage_healed":0,"gold_gain":0,"player_choice":"Upgraded","damage_taken":0,"max_hp_gain":0,"max_hp_loss":0,"event_name":"Upgrade Shrine","floor":7,"gold_loss":0,"cards_upgraded":["Caltrops"]}],"is_beta":false,"boss_relics":[],"items_purged_floors":[],"is_endless":false,"potions_floor_spawned":[1,3,5,12],"killed_by":"Lots of Slimes","ascension_level":0}