{"gold_per_floor":[118,118,118,118,132,132,162,162,162,191,191,205,220,255,255,350,350,363,363,76,87,87,87,97,97,97,125,125,125,138,138,138,138],"floor_reached":33,"playtime":1412,"items_purged":[],"score":331,"play_id":"4eb3448f-1c34-4d4b-be99-b46fd169dfce","local_time":"20190121074011","is_ascension_mode":false,"campfire_choices":[{"data":"Neutralize","floor":6,"key":"SMITH"},{"floor":8,"key":"REST"},{"floor":15,"key":"REST"},{"floor":23,"key":"RECALL"},{"data":"Corpse Explosion","floor":25,"key":"SMITH"},{"floor":29,"key":"REST"},{"floor":32,"key":"REST"}],"neow_cost":"NONE","seed_source_timestamp":385156502263477,"circlet_count":0,"master_deck":["Defend_G","Defend_G+1","Defend_G","Defend_G","Defend_G","Survivor","Neutralize+1","Blur+1","Deflect","Concentrate+1","Slice","Bouncing Flask","Backflip","Corpse Explosion+1","Poisoned Stab+1","Bite","Bite","Bite","Bite","Bite","Quick Slash","Backflip","Infinite Blades","Cloak And Dagger+1"],"relics":["Ring of the Snake","NeowsBlessing","Omamori","Pantograph","Mummified Hand","Bottled Flame","Black Star","FossilizedHelix","MutagenicStrength","Dodecahedron","Du-Vu Doll","Tingsha"],"potions_floor_usage":[10,16,21,28,33,33,33],"damage_taken":[{"damage":0,"enemies":"Small Slimes","floor":1,"turns":1},{"damage":0,"enemies":"2 Louse","floor":5,"turns":1},{"damage":0,"enemies":"3 Sentries","floor":7,"turns":1},{"damage":21,"enemies":"Lagavulin","floor":10,"turns":11},{"damage":0,"enemies":"Cultist","floor":12,"turns":5},{"damage":2,"enemies":"3 Louse","floor":13,"turns":4},{"damage":36,"enemies":"Gremlin Nob","floor":14,"turns":5},{"damage":36,"enemies":"Hexaghost","floor":16,"turns":12},{"damage":22,"enemies":"3 Byrds","floor":18,"turns":5},{"damage":0,"enemies":"2 Thieves","floor":21,"turns":3},{"damage":4,"enemies":"Centurion and Healer","floor":24,"turns":6},{"damage":36,"enemies":"Book of Stabbing","floor":27,"turns":6},{"damage":0,"enemies":"Colosseum Slavers","floor":28,"turns":3},{"damage":28,"enemies":"Chosen and Byrds","floor":30,"turns":9},{"damage":59,"enemies":"Champ","floor":33,"turns":11}],"seed_played":"-3381665828149161886","potions_obtained":[{"floor":1,"key":"Dexterity Potion"},{"floor":5,"key":"GhostInAJar"},{"floor":14,"key":"PowerPotion"},{"floor":16,"key":"EssenceOfSteel"},{"floor":18,"key":"SteroidPotion"},{"floor":27,"key":"Strength Potion"},{"floor":30,"key":"Block Potion"}],"is_trial":false,"path_per_floor":["M","?","?","?","M","R","E","R","T","E","?","M","M","E","R","B",null,"M","?","$","M","?","R","M","R","T","E","?","R","M","?","R","B"],"character_chosen":"THE_SILENT","items_purchased":["FossilizedHelix"],"campfire_rested":4,"item_purchase_floors":[20],"current_hp_per_floor":[70,56,49,49,49,49,49,70,70,49,49,49,47,11,32,21,70,48,48,48,49,49,49,49,49,49,17,19,33,13,13,27,0],"gold":138,"neow_bonus":"THREE_ENEMY_KILL","is_prod":false,"is_daily":false,"chose_seed":false,"campfire_upgraded":2,"win_rate":0,"timestamp":1548074411,"path_taken":["M","?","?","?","?","R","E","R","T","E","?","M","M","E","R","BOSS","M","?","$","M","?","R","M","R","T","E","?","R","M","?","R","BOSS"],"build_version":"2019-01-17v2","purchased_purges":0,"victory":false,"max_hp_per_floor":[70,70,70,70,70,70,70,70,70,70,70,70,70,70,70,70,70,70,49,49,49,49,49,49,49,49,49,49,49,49,49,49,49],"card_choices":[{"not_picked":["Expertise","Slice"],"picked":"Blur","floor":1},{"not_picked":["Prepared","Slice"],"picked":"Deflect","floor":5},{"not_picked":["Escape Plan","Accuracy"],"picked":"Concentrate","floor":7},{"not_picked":["Blur","Dagger Throw"],"picked":"Slice","floor":10},{"not_picked":["Leg Sweep","Acrobatics"],"picked":"Bouncing Flask","floor":12},{"not_picked":["Leg Sweep","Expertise"],"picked":"Backflip","floor":13},{"not_picked":["Prepared","Phantasmal Killer","Dagger Spray"],"picked":"SKIP","floor":14},{"not_picked":["Phantasmal Killer","Die Die Die"],"picked":"Corpse Explosion","floor":16},{"not_picked":["Dagger Spray","Escape Plan"],"picked":"Poisoned Stab+1","floor":18},{"not_picked":["Backflip","Blade Dance+1"],"picked":"Quick Slash","floor":21},{"not_picked":["Reflex","Sucker Punch"],"picked":"Backflip","floor":24},{"not_picked":["Heel Hook","Acrobatics+1"],"picked":"Infinite Blades","floor":27},{"not_picked":["Infinite Blades","Poisoned Stab"],"picked":"Cloak And Dagger+1","floor":30}],"player_experience":155013,"relics_obtained":[{"floor":7,"key":"Pantograph"},{"floor":10,"key":"Mummified Hand"},{"floor":14,"key":"Bottled Flame"},{"floor":26,"key":"Dodecahedron"},{"floor":27,"key":"Du-Vu Doll"},{"floor":27,"key":"Tingsha"}],"event_choices":[{"damage_healed":0,"gold_gain":0,"player_choice":"Entered Light","damage_taken":14,"max_hp_gain":0,"max_hp_loss":0,"event_name":"Shining Light","floor":2,"gold_loss":0,"cards_upgraded":["Defend_G","Strike_G"]},{"damage_healed":0,"gold_gain":0,"player_choice":"Success","damage_taken":7,"relics_obtained":["Omamori"],"max_hp_gain":0,"max_hp_loss":0,"event_name":"Scrap Ooze","floor":3,"gold_loss":0},{"damage_healed":0,"gold_gain":0,"player_choice":"Upgraded","damage_taken":0,"max_hp_gain":0,"max_hp_loss":0,"event_name":"Upgrade Shrine","floor":4,"gold_loss":0,"cards_upgraded":["Blur"]},{"damage_healed":0,"gold_gain":0,"player_choice":"Grow","damage_taken":0,"max_hp_gain":0,"max_hp_loss":0,"event_name":"Living Wall","floor":11,"gold_loss":0,"cards_upgraded":["Concentrate"]},{"damage_healed":0,"gold_gain":0,"player_choice":"Became a vampire","damage_taken":0,"max_hp_gain":0,"max_hp_loss":21,"event_name":"Vampires","floor":19,"gold_loss":0,"cards_obtained":["Bite","Bite","Bite","Bite","Bite"]},{"damage_healed":0,"gold_gain":0,"player_choice":"Inject Mutagens","damage_taken":0,"relics_obtained":["MutagenicStrength"],"max_hp_gain":0,"max_hp_loss":0,"event_name":"Drug Dealer","floor":22,"gold_loss":0},{"damage_healed":0,"gold_gain":0,"player_choice":"Fight","damage_taken":0,"max_hp_gain":0,"max_hp_loss":0,"event_name":"Colosseum","floor":28,"gold_loss":0},{"damage_healed":0,"gold_gain":0,"player_choice":"Fled From Nobs","damage_taken":0,"max_hp_gain":0,"max_hp_loss":0,"event_name":"Colosseum","floor":28,"gold_loss":0},{"damage_healed":0,"gold_gain":0,"player_choice":"Bought 0 Potions","damage_taken":0,"max_hp_gain":0,"max_hp_loss":0,"event_name":"The Woman in Blue","floor":31,"gold_loss":0}],"is_beta":false,"boss_relics":[{"not_picked":["Sozu","Snecko Eye"],"picked":"Black Star"}],"items_purged_floors":[],"is_endless":false,"potions_floor_spawned":[1,5,14,16,18,27,28,30],"killed_by":"Champ","ascension_level":0}