{"gold_per_floor":[109,10,10,28,28,28,53,53,53,53,69,95,95,95,95,192,192,209,209,209,209,309,309,136,136,187,167,167,201,214,214,214,315,365,380,8,8,26,26,26,40,58,58,58,73,23,52,107,107,107],"floor_reached":51,"playtime":4416,"items_purged":["Defend_B","Strike_B"],"score":710,"play_id":"0f6396eb-bfcf-4d43-98ea-c5d837f44895","local_time":"20190101020541","is_ascension_mode":false,"campfire_choices":[{"data":"Zap","floor":6,"key":"SMITH"},{"data":"Double Energy","floor":8,"key":"SMITH"},{"data":"Coolheaded","floor":13,"key":"SMITH"},{"data":"Leap","floor":15,"key":"SMITH"},{"floor":23,"key":"REST"},{"floor":25,"key":"REST"},{"floor":28,"key":"REST"},{"data":"Go for the Eyes","floor":32,"key":"SMITH"},{"data":"Electrodynamics","floor":40,"key":"SMITH"},{"data":"Leap","floor":44,"key":"SMITH"},{"floor":49,"key":"REST"}],"neow_cost":"NONE","seed_source_timestamp":133915091220374,"circlet_count":0,"master_deck":["Strike_B","Strike_B","Defend_B","Defend_B","Defend_B","Zap+1","Dualcast","Forethought","Sweeping Beam+1","Leap+1","Stack","Cold Snap","Double Energy+1","Coolheaded+1","Rainbow","Compile Driver","Streamline","Ball Lightning","Redo","Genetic Algorithm","Cold Snap+1","RitualDagger","Go for the Eyes+1","Beam Cell+1","Go for the Eyes","Compile Driver","Go for the Eyes+1","Ball Lightning","Finesse","Electrodynamics+1","Aggregate+1","Fusion+1","Leap+1","Reinforced Body","Compile Driver","Conserve Battery+1","Double Energy+1","Conserve Battery+1","Lockon+1","Go for the Eyes","Defragment","Sweeping Beam+1"],"relics":["Cracked Core","Pocketwatch","PreservedInsect","Letter Opener","Anchor","Orrery","Unceasing Top","Ornamental Fan","Oddly Smooth Stone","Bag of Marbles","Tiny House","Meat on the Bone","Mercury Hourglass","Orichalcum","StoneCalendar"],"potions_floor_usage":[33,33,33,47,50,50],"damage_taken":[{"damage":3,"enemies":"Jaw Worm","floor":1,"turns":3},{"damage":1,"enemies":"Cultist","floor":4,"turns":3},{"damage":19,"enemies":"Gremlin Nob","floor":7,"turns":5},{"damage":5,"enemies":"Small Slimes","floor":11,"turns":2},{"damage":26,"enemies":"The Guardian","floor":16,"turns":16},{"damage":13,"enemies":"Shell Parasite","floor":18,"turns":5},{"damage":5,"enemies":"Colosseum Slavers","floor":22,"turns":4},{"damage":27,"enemies":"Colosseum Nobs","floor":22,"turns":4},{"damage":2,"enemies":"Book of Stabbing","floor":29,"turns":4},{"damage":3,"enemies":"Spheric Guardian","floor":30,"turns":3},{"damage":50,"enemies":"Champ","floor":33,"turns":14},{"damage":2,"enemies":"Orb Walker","floor":35,"turns":4},{"damage":3,"enemies":"3 Darklings","floor":38,"turns":3},{"damage":42,"enemies":"Writhing Mass","floor":41,"turns":7},{"damage":26,"enemies":"Jaw Worm Horde","floor":42,"turns":5},{"damage":2,"enemies":"Transient","floor":45,"turns":5},{"damage":13,"enemies":"Reptomancer","floor":47,"turns":4},{"damage":12,"enemies":"2 Orb Walkers","floor":48,"turns":4},{"damage":31,"enemies":"Awakened One","floor":50,"turns":17}],"seed_played":"8628379493667255182","potions_obtained":[{"floor":1,"key":"GamblersBrew"},{"floor":7,"key":"Dexterity Potion"},{"floor":16,"key":"GamblersBrew"},{"floor":22,"key":"SpeedPotion"},{"floor":27,"key":"LiquidBronze"},{"floor":30,"key":"GamblersBrew"},{"floor":34,"key":"SmokeBomb"},{"floor":37,"key":"SpeedPotion"},{"floor":37,"key":"FairyPotion"},{"floor":37,"key":"Strength Potion"},{"floor":41,"key":"Dexterity Potion"},{"floor":42,"key":"Regen Potion"},{"floor":48,"key":"FearPotion"}],"is_trial":false,"path_per_floor":["M","$","?","M","?","R","E","R","T","?","M","T","R","?","R","B",null,"M","?","?","?","?","R","$","R","T","?","R","E","M","?","R","B",null,"M","$","?","M","$","R","M","M","T","R","M","$","E","?","R","B",null],"character_chosen":"DEFECT","items_purchased":["Leap","Go for the Eyes","Compile Driver","Meat on the Bone","Leap","Reinforced Body","Compile Driver","Go for the Eyes"],"campfire_rested":4,"item_purchase_floors":[2,24,24,36,36,36,36,46],"current_hp_per_floor":[72,72,72,71,68,68,49,49,49,67,62,62,62,55,55,29,72,59,53,53,40,8,31,31,54,54,54,77,75,72,58,58,8,82,80,80,80,77,77,77,47,33,33,33,43,43,42,42,66,47],"gold":107,"neow_bonus":"RANDOM_COLORLESS","is_prod":false,"is_daily":false,"chose_seed":false,"campfire_upgraded":7,"win_rate":0.0,"timestamp":1546329941,"path_taken":["M","$","?","?","?","R","E","R","T","?","M","?","R","?","R","BOSS","M","?","?","?","?","R","$","R","T","?","R","E","?","?","R","BOSS","M","$","?","M","$","R","?","M","T","R","M","$","E","?","R","BOSS"],"build_version":"2018-12-20","purchased_purges":2,"victory":true,"max_hp_per_floor":[75,75,75,75,75,75,75,75,75,75,75,75,75,72,72,72,72,72,72,72,77,77,77,77,77,77,77,77,77,77,77,77,77,82,82,82,82,82,82,82,82,82,82,82,82,82,82,82,82,82],"card_choices":[{"not_picked":["Streamline","Compile Driver"],"picked":"Sweeping Beam","floor":1},{"not_picked":["Steam Power","Rip and Tear"],"picked":"Cold Snap","floor":4},{"not_picked":["Steam Power","Beam Cell"],"picked":"Double Energy","floor":7},{"not_picked":["Beam Cell","Capacitor"],"picked":"Coolheaded","floor":11},{"not_picked":["Multi-Cast","Amplify"],"picked":"Rainbow","floor":16},{"not_picked":["Capacitor","Coolheaded"],"picked":"Compile Driver","floor":17},{"not_picked":["Beam Cell","Barrage"],"picked":"Streamline","floor":17},{"not_picked":["Gash","Stack"],"picked":"Ball Lightning","floor":17},{"not_picked":["Barrage","Lockon"],"picked":"Redo","floor":17},{"not_picked":["Beam Cell","Force Field"],"picked":"Genetic Algorithm","floor":17},{"not_picked":["Thunder Strike","Darkness"],"picked":"Cold Snap+1","floor":18},{"not_picked":["Fusion","Capacitor+1"],"picked":"Beam Cell+1","floor":22},{"not_picked":["Force Field+1","Cold Snap"],"picked":"Go for the Eyes+1","floor":29},{"not_picked":["Capacitor","Sweeping Beam"],"picked":"Ball Lightning","floor":30},{"not_picked":["Seek","All For One"],"picked":"Electrodynamics","floor":33},{"not_picked":["Go for the Eyes+1","Conserve Battery"],"picked":"Aggregate+1","floor":34},{"not_picked":["Hologram+1","Go for the Eyes+1"],"picked":"Fusion+1","floor":35},{"not_picked":["Ball Lightning","Gash"],"picked":"Conserve Battery+1","floor":38},{"not_picked":["Steam+1","Gash"],"picked":"Double Energy+1","floor":41},{"not_picked":["Cold Snap","Chill"],"picked":"Conserve Battery+1","floor":42},{"not_picked":["Amplify","Ball Lightning+1"],"picked":"Lockon+1","floor":45},{"not_picked":["White Noise","Electrodynamics"],"picked":"Defragment","floor":47},{"not_picked":["Ball Lightning","Doom and Gloom"],"picked":"Sweeping Beam+1","floor":48}],"player_experience":6419,"relics_obtained":[{"floor":7,"key":"PreservedInsect"},{"floor":9,"key":"Letter Opener"},{"floor":12,"key":"Anchor"},{"floor":22,"key":"Unceasing Top"},{"floor":22,"key":"Ornamental Fan"},{"floor":26,"key":"Oddly Smooth Stone"},{"floor":29,"key":"Bag of Marbles"},{"floor":43,"key":"Mercury Hourglass"},{"floor":47,"key":"Orichalcum"},{"floor":48,"key":"StoneCalendar"}],"event_choices":[{"damage_healed":0,"gold_gain":0,"cards_transformed":["Strike_B"],"player_choice":"Transformed","damage_taken":0,"max_hp_gain":0,"max_hp_loss":0,"event_name":"Transmorgrifier","floor":3,"gold_loss":0,"cards_obtained":["Stack"]},{"damage_healed":0,"gold_gain":0,"player_choice":"Success","damage_taken":3,"relics_obtained":["Pocketwatch"],"max_hp_gain":0,"max_hp_loss":0,"event_name":"Scrap Ooze","floor":5,"gold_loss":0},{"damage_healed":18,"gold_gain":0,"player_choice":"Healed and dodged fight","damage_taken":0,"max_hp_gain":0,"max_hp_loss":0,"event_name":"Mushrooms","floor":10,"gold_loss":0,"cards_obtained":["Parasite"]},{"cards_removed":["Parasite"],"damage_healed":0,"gold_gain":0,"player_choice":"Card Removal","damage_taken":7,"max_hp_gain":0,"max_hp_loss":0,"event_name":"Golden Wing","floor":14,"gold_loss":0},{"damage_healed":0,"gold_gain":0,"player_choice":"Joined the Cult","damage_taken":6,"max_hp_gain":0,"max_hp_loss":0,"event_name":"Nest","floor":19,"gold_loss":0,"cards_obtained":["RitualDagger"]},{"damage_healed":0,"gold_gain":0,"player_choice":"Read","damage_taken":0,"max_hp_gain":0,"max_hp_loss":0,"event_name":"The Library","floor":20,"gold_loss":0,"cards_obtained":["Go for the Eyes"]},{"damage_healed":0,"gold_gain":0,"player_choice":"Shed Blood","damage_taken":18,"max_hp_gain":5,"max_hp_loss":0,"event_name":"Forgotten Altar","floor":21,"gold_loss":0},{"damage_healed":0,"gold_gain":0,"player_choice":"Fight","damage_taken":0,"max_hp_gain":0,"max_hp_loss":0,"event_name":"Colosseum","floor":22,"gold_loss":0},{"damage_healed":0,"gold_gain":0,"player_choice":"Fought Nobs","damage_taken":0,"max_hp_gain":0,"max_hp_loss":0,"event_name":"Colosseum","floor":22,"gold_loss":0},{"damage_healed":0,"gold_gain":0,"player_choice":"Bought 1 Potion","damage_taken":0,"max_hp_gain":0,"max_hp_loss":0,"event_name":"The Woman in Blue","floor":27,"gold_loss":0},{"damage_healed":0,"gold_gain":0,"player_choice":"CARD ","damage_taken":14,"max_hp_gain":0,"max_hp_loss":0,"event_name":"Knowing Skull","floor":31,"potions_obtained":[],"gold_loss":0,"cards_obtained":["Finesse"]},{"damage_healed":0,"gold_gain":0,"player_choice":"Got Potions","damage_taken":0,"max_hp_gain":0,"max_hp_loss":0,"event_name":"Lab","floor":37,"gold_loss":0},{"damage_healed":0,"gold_gain":0,"player_choice":"Fight","damage_taken":0,"max_hp_gain":0,"max_hp_loss":0,"event_name":"Mysterious Sphere","floor":48,"gold_loss":0}],"is_beta":false,"boss_relics":[{"not_picked":["Coffee Dripper","Black Star"],"picked":"Orrery"},{"not_picked":["Philosopher\u0027s Stone","White Beast Statue"],"picked":"Tiny House"}],"items_purged_floors":[2,24],"is_endless":false,"potions_floor_spawned":[1,7,16,22,22,29,30,41,42,48],"ascension_level":0}