{"gold_per_floor":[111,128,140,25,37,37,70,70,70,88,103,130,130,142,142,241,241,261,272,285,30,48,58,58,83,83,103,116,116,142,158,158,258,308,323,340,350,3,3,3,33,0,12,38,50,78,108,120,132,144],"floor_reached":51,"playtime":7696,"items_purged":["Strike_G","Defend_G","Strike_G"],"score":838,"play_id":"efdb3db3-6869-41f2-be1c-c50c0a2974f4","local_time":"20190202150749","is_ascension_mode":true,"campfire_choices":[{"data":"Neutralize","floor":6,"key":"SMITH"},{"data":"Dodge and Roll","floor":8,"key":"SMITH"},{"floor":13,"key":"REST"},{"data":"Cloak And Dagger","floor":15,"key":"SMITH"},{"data":"Accuracy","floor":24,"key":"SMITH"},{"data":"Cloak And Dagger","floor":29,"key":"SMITH"},{"data":"Leg Sweep","floor":32,"key":"SMITH"},{"data":"Cloak And Dagger","floor":40,"key":"SMITH"},{"data":"Malaise","floor":45,"key":"SMITH"},{"data":"Bouncing Flask","floor":49,"key":"SMITH"}],"neow_cost":"NONE","seed_source_timestamp":1216822742897983,"circlet_count":0,"master_deck":["Defend_G","Defend_G","Defend_G","Defend_G","Strike_G+1","Strike_G+1","Strike_G+1","Survivor","Neutralize+1","Dodge and Roll+1","Cloak And Dagger+1","Well Laid Plans","PiercingWail","Leg Sweep+1","PiercingWail","Tools of the Trade","Adrenaline","Accuracy+1","Cloak And Dagger+1","Escape Plan","Blur","Bouncing Flask+1","Cloak And Dagger+1","Malaise+1","Accuracy","Noxious Fumes+1","Infinite Blades"],"relics":["Ring of the Snake","Pen Nib","Whetstone","Kunai","Gremlin Horn","Sozu","Ancient Tea Set","Pear","Meat on the Bone","Prayer Wheel","Tiny House","MawBank","Red Mask","Ninja Scroll"],"potions_floor_usage":[12,16,22],"damage_taken":[{"damage":0,"enemies":"2 Louse","floor":1,"turns":2},{"damage":0,"enemies":"Jaw Worm","floor":2,"turns":4},{"damage":4,"enemies":"Small Slimes","floor":3,"turns":3},{"damage":6,"enemies":"Looter","floor":5,"turns":5},{"damage":27,"enemies":"Lagavulin","floor":7,"turns":11},{"damage":0,"enemies":"Exordium Thugs","floor":10,"turns":6},{"damage":3,"enemies":"Red Slaver","floor":11,"turns":4},{"damage":7,"enemies":"Gremlin Nob","floor":12,"turns":6},{"damage":0,"enemies":"2 Fungi Beasts","floor":14,"turns":5},{"damage":22,"enemies":"The Guardian","floor":16,"turns":18},{"damage":4,"enemies":"Spheric Guardian","floor":18,"turns":7},{"damage":0,"enemies":"3 Byrds","floor":19,"turns":7},{"damage":2,"enemies":"Snecko","floor":20,"turns":10},{"damage":18,"enemies":"Chosen and Byrds","floor":22,"turns":11},{"damage":2,"enemies":"3 Cultists","floor":23,"turns":8},{"damage":0,"enemies":"Gremlin Leader","floor":25,"turns":10},{"damage":1,"enemies":"Snecko","floor":27,"turns":8},{"damage":2,"enemies":"Snake Plant","floor":28,"turns":8},{"damage":12,"enemies":"Slavers","floor":30,"turns":10},{"damage":0,"enemies":"Centurion and Healer","floor":31,"turns":7},{"damage":0,"enemies":"Champ","floor":33,"turns":27},{"damage":21,"enemies":"3 Shapes","floor":35,"turns":5},{"damage":7,"enemies":"Orb Walker","floor":36,"turns":5},{"damage":5,"enemies":"3 Darklings","floor":37,"turns":8},{"damage":21,"enemies":"Nemesis","floor":41,"turns":9},{"damage":11,"enemies":"Jaw Worm Horde","floor":44,"turns":6},{"damage":0,"enemies":"Sphere and 2 Shapes","floor":46,"turns":5},{"damage":16,"enemies":"Transient","floor":47,"turns":5},{"damage":41,"enemies":"Time Eater","floor":50,"turns":15}],"seed_played":"-8436936142046116041","potions_obtained":[{"floor":2,"key":"Swift Potion"},{"floor":3,"key":"GamblersBrew"},{"floor":10,"key":"EssenceOfSteel"},{"floor":14,"key":"PowerPotion"}],"is_trial":false,"path_per_floor":["M","M","M","$","M","R","E","R","T","M","M","E","R","M","R","B",null,"M","M","M","$","M","M","R","E","T","M","M","R","E","M","R","B",null,"M","M","M","$","?","R","E","?","T","M","R","M","M","?","R","B",null],"character_chosen":"THE_SILENT","items_purchased":["Well Laid Plans","Ancient Tea Set","Malaise","Accuracy"],"campfire_rested":1,"item_purchase_floors":[4,21,38,38],"current_hp_per_floor":[70,70,66,66,60,60,33,33,33,33,30,23,44,44,44,22,70,66,66,64,64,46,44,44,54,54,53,51,51,51,51,51,51,85,64,57,52,52,52,52,43,43,43,44,44,44,40,74,74,45],"gold":156,"neow_bonus":"RANDOM_COMMON_RELIC","is_prod":false,"is_daily":false,"chose_seed":false,"campfire_upgraded":9,"win_rate":0,"timestamp":1549116469,"path_taken":["M","M","M","$","M","R","E","R","T","M","M","E","R","M","R","BOSS","M","M","M","$","M","M","R","E","T","M","M","R","E","M","R","BOSS","M","M","M","$","?","R","E","?","T","M","R","M","M","?","R","BOSS"],"build_version":"2019-01-23","purchased_purges":3,"victory":true,"max_hp_per_floor":[70,70,70,70,70,70,70,70,70,70,70,70,70,70,70,70,70,70,70,70,70,70,70,70,80,80,80,80,80,80,80,80,80,85,85,85,85,85,85,85,85,85,85,85,85,85,85,74,74,74],"card_choices":[{"not_picked":["Deflect","Infinite Blades"],"picked":"Dodge and Roll","floor":1},{"not_picked":["Blade Dance","Calculated Gamble","Distraction"],"picked":"SKIP","floor":2},{"not_picked":["Prepared","Choke"],"picked":"Cloak And Dagger","floor":3},{"not_picked":["Die Die Die","Prepared","Quick Slash"],"picked":"SKIP","floor":5},{"not_picked":["Acrobatics","Bane"],"picked":"PiercingWail","floor":7},{"not_picked":["Predator","Prepared"],"picked":"Leg Sweep","floor":10},{"not_picked":["Dagger Throw","Sucker Punch","Underhanded Strike"],"picked":"SKIP","floor":11},{"not_picked":["Prepared","Acrobatics"],"picked":"PiercingWail","floor":12},{"not_picked":["Caltrops","Blade Dance"],"picked":"Tools of the Trade","floor":14},{"not_picked":["Bullet Time","Corpse Explosion"],"picked":"Adrenaline","floor":16},{"not_picked":["Cloak And Dagger","Eviscerate"],"picked":"Accuracy","floor":18},{"not_picked":["All Out Attack","Underhanded Strike"],"picked":"Cloak And Dagger","floor":19},{"not_picked":["Cloak And Dagger","Outmaneuver","Bane"],"picked":"SKIP","floor":20},{"not_picked":["Dagger Throw","Deflect","Cloak And Dagger"],"picked":"SKIP","floor":22},{"not_picked":["Eviscerate+1","Dodge and Roll","Terror"],"picked":"SKIP","floor":23},{"not_picked":["Underhanded Strike","Concentrate","Dash"],"picked":"SKIP","floor":25},{"not_picked":["Acrobatics","All Out Attack","Dagger Throw"],"picked":"SKIP","floor":27},{"not_picked":["Slice","Flechettes+1","Sucker Punch"],"picked":"SKIP","floor":28},{"not_picked":["Predator+1","Flying Knee"],"picked":"Escape Plan","floor":30},{"not_picked":["Bane+1","Reflex"],"picked":"Blur","floor":31},{"not_picked":["Night Terror","Bane","Calculated Gamble"],"picked":"SKIP","floor":31},{"not_picked":["Well Laid Plans","Endless Agony"],"picked":"Bouncing Flask","floor":35},{"not_picked":["Dagger Spray","Acrobatics+1","Tactician+1"],"picked":"SKIP","floor":35},{"not_picked":["Flechettes+1","Flying Knee","Prepared"],"picked":"SKIP","floor":36},{"not_picked":["Distraction+1","Prepared+1","Acrobatics"],"picked":"SKIP","floor":36},{"not_picked":["Dagger Spray","Die Die Die"],"picked":"Cloak And Dagger","floor":37},{"not_picked":["Prepared","Blade Dance+1","Underhanded Strike+1"],"picked":"SKIP","floor":37},{"not_picked":["Well Laid Plans+1","Flying Knee+1","Dodge and Roll+1"],"picked":"SKIP","floor":41},{"not_picked":["Caltrops","Sucker Punch"],"picked":"Noxious Fumes+1","floor":44},{"not_picked":["Acrobatics","Dagger Spray+1","Flying Knee+1"],"picked":"SKIP","floor":44},{"not_picked":["A Thousand Cuts","Backflip+1"],"picked":"Infinite Blades","floor":46},{"not_picked":["Crippling Poison","Flying Knee","Slice"],"picked":"SKIP","floor":46},{"not_picked":["Sucker Punch","Bane+1","Slice"],"picked":"SKIP","floor":47},{"not_picked":["Cloak And Dagger+1","Underhanded Strike","Poisoned Stab"],"picked":"SKIP","floor":47}],"player_experience":138918,"relics_obtained":[{"floor":7,"key":"Whetstone"},{"floor":9,"key":"Kunai"},{"floor":12,"key":"Gremlin Horn"},{"floor":25,"key":"Pear"},{"floor":26,"key":"Meat on the Bone"},{"floor":30,"key":"Prayer Wheel"},{"floor":41,"key":"MawBank"},{"floor":43,"key":"Ninja Scroll"}],"event_choices":[{"damage_healed":0,"gold_gain":0,"player_choice":"Ignored","damage_taken":0,"max_hp_gain":0,"max_hp_loss":0,"event_name":"Mysterious Sphere","floor":39,"gold_loss":0},{"damage_healed":0,"gold_gain":0,"player_choice":"Paid","damage_taken":0,"relics_obtained":["Red Mask"],"max_hp_gain":0,"max_hp_loss":0,"event_name":"Tomb of Lord Red Mask","floor":42,"gold_loss":45},{"damage_healed":74,"gold_gain":0,"player_choice":"Heal","damage_taken":0,"max_hp_gain":0,"max_hp_loss":11,"event_name":"The Moai Head","floor":48,"gold_loss":0}],"is_beta":false,"boss_relics":[{"not_picked":["Lizard Tail","Philosopher\u0027s Stone"],"picked":"Sozu"},{"not_picked":["Busted Crown","HoveringKite"],"picked":"Tiny House"}],"items_purged_floors":[4,21,38],"is_endless":false,"potions_floor_spawned":[2,3,10,14,22,23,25,28,35,37,44,46,47],"ascension_level":2}