{"gold_per_floor":[109,109,122,122,27,27,42,42,42,72,72,72,72,72,72,72],"floor_reached":16,"playtime":156,"items_purged":[],"score":187,"play_id":"933d5531-87ff-4613-a6c3-d454ec1e0ade","local_time":"20190210082634","is_ascension_mode":true,"campfire_choices":[{"floor":6,"key":"REST"},{"data":"Defragment","floor":8,"key":"SMITH"},{"data":"strawberrySpire:NeonFlight","floor":12,"key":"SMITH"},{"floor":15,"key":"REST"}],"neow_cost":"NONE","seed_source_timestamp":317578092358853,"circlet_count":0,"master_deck":["AscendersBane","Strike_B","Strike_B","Defend_B","Defend_B","Defend_B","Defend_B","Zap","Dualcast","Ball Lightning","strawberrySpire:NeonFlight+1","Ball Lightning","Ball Lightning","Compile Driver","Defragment+1","Coolheaded"],"relics":["Cracked Core","NeowsBlessing","Regal Pillow","ReplayTheSpireMod:Bottled Steam","Golden Idol","strawberrySpire:Flakhammer"],"potions_floor_usage":[],"damage_taken":[{"damage":0,"enemies":"Jaw Worm","floor":1,"turns":1},{"damage":0,"enemies":"2 Louse","floor":3,"turns":1},{"damage":0,"enemies":"Cultist","floor":7,"turns":1},{"damage":26,"enemies":"3 Sentries","floor":10,"turns":5},{"damage":0,"enemies":"Slime Boss","floor":16,"turns":1}],"seed_played":"4511936646272446358","potions_obtained":[{"floor":3,"key":"SteroidPotion"},{"floor":10,"key":"Poison Potion"}],"is_trial":false,"path_per_floor":["M","?","M","?","$","R","M","R","T","E","?","R","?","T","R","B"],"character_chosen":"DEFECT","items_purchased":["Ball Lightning","Compile Driver"],"campfire_rested":2,"item_purchase_floors":[5,5],"current_hp_per_floor":[64,64,64,38,38,71,71,71,71,45,45,45,21,21,57,57],"gold":72,"neow_bonus":"THREE_ENEMY_KILL","is_prod":false,"is_daily":false,"chose_seed":false,"campfire_upgraded":2,"win_rate":0,"timestamp":1549747594,"path_taken":["M","?","M","?","?","R","?","R","T","E","?","R","?","?","R","BOSS"],"build_version":"2019-01-23","purchased_purges":0,"victory":false,"max_hp_per_floor":[71,71,71,71,71,71,71,71,71,71,71,71,71,71,71,71],"card_choices":[{"not_picked":["Conserve Battery","Skim"],"picked":"Ball Lightning","floor":1},{"not_picked":["Redo","Coolheaded"],"picked":"strawberrySpire:NeonFlight","floor":3},{"not_picked":["strawberrySpire:Refactor","strawberrySpire:Adapter"],"picked":"Defragment","floor":7},{"not_picked":["Barrage","Hologram"],"picked":"Coolheaded","floor":10}],"player_experience":420845,"relics_obtained":[{"floor":9,"key":"ReplayTheSpireMod:Bottled Steam"},{"floor":14,"key":"strawberrySpire:Flakhammer"}],"event_choices":[{"cards_removed":["Strike_B"],"damage_healed":0,"gold_gain":0,"player_choice":"Forget","damage_taken":0,"max_hp_gain":0,"max_hp_loss":0,"event_name":"Living Wall","floor":2,"gold_loss":0},{"damage_healed":0,"gold_gain":0,"player_choice":"Success","damage_taken":26,"relics_obtained":["Regal Pillow"],"max_hp_gain":0,"max_hp_loss":0,"event_name":"Scrap Ooze","floor":4,"gold_loss":0},{"damage_healed":0,"gold_gain":0,"player_choice":"Take Damage","damage_taken":24,"relics_obtained":["Golden Idol"],"max_hp_gain":0,"max_hp_loss":0,"event_name":"Golden Idol","floor":13,"gold_loss":0}],"is_beta":false,"boss_relics":[],"items_purged_floors":[],"is_endless":false,"potions_floor_spawned":[3,10],"killed_by":"Slime Boss","ascension_level":19}