{"gold_per_floor":[212,212,227,243,393,393,411,411,411,426,46,46,46,46,46,46],"floor_reached":16,"playtime":324,"items_purged":["Doubt"],"score":180,"play_id":"cd7aef7c-50bc-4354-ac53-23ba1de11311","local_time":"20190223134104","is_ascension_mode":true,"campfire_choices":[{"data":"Darkness","floor":6,"key":"SMITH"},{"data":"Dualcast","floor":8,"key":"SMITH"},{"floor":12,"key":"REST"},{"floor":15,"key":"REST"}],"neow_cost":"NONE","seed_source_timestamp":372379866200,"circlet_count":0,"master_deck":["AscendersBane","Strike_B","Strike_B","Strike_B","Strike_B","Defend_B","Defend_B","Defend_B","Defend_B","Zap+1","Dualcast+1","Darkness+1","Compile Driver","Capacitor","Ball Lightning","Glacier"],"relics":["Cracked Core","Regal Pillow","Lantern","Golden Idol"],"potions_floor_usage":[16],"damage_taken":[{"damage":1,"enemies":"2 Louse","floor":1,"turns":3},{"damage":1,"enemies":"Cultist","floor":3,"turns":4},{"damage":9,"enemies":"Jaw Worm","floor":4,"turns":4},{"damage":17,"enemies":"Looter","floor":7,"turns":4},{"damage":30,"enemies":"Red Slaver","floor":10,"turns":4},{"damage":55,"enemies":"The Guardian","floor":16,"turns":10}],"seed_played":"7738815085539506276","potions_obtained":[{"floor":4,"key":"EssenceOfSteel"},{"floor":7,"key":"FocusPotion"}],"is_trial":false,"path_per_floor":["M","?","M","M","?","R","M","R","T","M","$","R","?","?","R","B"],"character_chosen":"DEFECT","items_purchased":["Ball Lightning","Glacier","Lantern"],"campfire_rested":2,"item_purchase_floors":[11,11,11],"current_hp_per_floor":[63,63,62,53,53,53,36,36,36,6,6,42,18,18,54,0],"gold":46,"neow_bonus":"HUNDRED_GOLD","is_prod":false,"is_daily":false,"chose_seed":false,"campfire_upgraded":2,"win_rate":0,"timestamp":1550922064,"path_taken":["M","?","M","?","?","R","M","R","T","M","$","R","?","?","R","BOSS"],"build_version":"2019-01-23","purchased_purges":1,"victory":false,"max_hp_per_floor":[71,71,71,71,71,71,71,71,71,71,71,71,71,71,71,71],"card_choices":[{"not_picked":["Streamline","Scrape","Rebound"],"picked":"SKIP","floor":1},{"not_picked":["Streamline","Stack"],"picked":"Darkness","floor":3},{"not_picked":["Double Energy","Hologram"],"picked":"Compile Driver","floor":4},{"not_picked":["Sunder","Sweeping Beam","Scrape"],"picked":"SKIP","floor":7},{"not_picked":["Conserve Battery","Lockon"],"picked":"Capacitor","floor":10}],"player_experience":906092,"relics_obtained":[{"floor":9,"key":"Regal Pillow"}],"event_choices":[{"damage_healed":0,"gold_gain":0,"player_choice":"Upgraded","damage_taken":0,"max_hp_gain":0,"max_hp_loss":0,"event_name":"Upgrade Shrine","floor":2,"gold_loss":0,"cards_upgraded":["Zap"]},{"damage_healed":0,"gold_gain":150,"player_choice":"AGREE","damage_taken":0,"max_hp_gain":0,"max_hp_loss":0,"event_name":"Liars Game","floor":5,"gold_loss":0,"cards_obtained":["Doubt"]},{"damage_healed":0,"gold_gain":0,"player_choice":"Take Damage","damage_taken":24,"relics_obtained":["Golden Idol"],"max_hp_gain":0,"max_hp_loss":0,"event_name":"Golden Idol","floor":13,"gold_loss":0},{"damage_healed":0,"gold_gain":0,"player_choice":"Got Potions","damage_taken":0,"max_hp_gain":0,"max_hp_loss":0,"event_name":"Lab","floor":14,"gold_loss":0}],"is_beta":false,"boss_relics":[],"items_purged_floors":[11],"is_endless":false,"potions_floor_spawned":[4,7,10],"killed_by":"The Guardian","ascension_level":20}