{"gold_per_floor":[117,117,117,117,134,166,184,216,243,243,243,318,361,377,377,498,498,482,506,506,195,209,209,243,243,243,259,259,53,178,194,194,319,319,344,177,195,0,0,0,0],"floor_reached":41,"playtime":2697,"items_purged":["Strike_R","Strike_R"],"score":520,"play_id":"1f34aa41-0fcf-4c87-a8a0-cd8f95d7eae7","local_time":"20190104230141","is_ascension_mode":true,"campfire_choices":[{"data":"Body Slam","floor":11,"key":"SMITH"},{"data":"Iron Wave","floor":15,"key":"SMITH"},{"data":"Barricade","floor":23,"key":"SMITH"},{"floor":25,"key":"REST"},{"floor":32,"key":"REST"},{"data":"Body Slam","floor":40,"key":"SMITH"}],"neow_cost":"NONE","seed_source_timestamp":470214315377825,"circlet_count":0,"master_deck":["Strike_R+1","Strike_R+1","Defend_R","Defend_R","Defend_R","Defend_R","Bash","Body Slam+1","Iron Wave+1","Armaments","Clothesline","Barricade+1","Inflame","Twin Strike","Pummel","Headbutt","Impervious","Iron Wave","Bloodletting","Pommel Strike+1","Reaper","Dual Wield","Shrug It Off+1","Armaments+1","Shrug It Off+1","Seeing Red","Power Through+1","Impervious","Body Slam+1","Feed","Pommel Strike+1","Metallicize","Evolve+1","Bloodletting"],"relics":["Burning Blood","NeowsBlessing","Vajra","Ancient Tea Set","Prayer Wheel","Boot","Golden Idol","Potion Belt","Self Forming Clay","White Beast Statue","Regal Pillow","Lantern","Centennial Puzzle","Lee\u0027s Waffle","Calipers","Dodecahedron","Mark of Pain","Red Mask"],"potions_floor_usage":[13,14,16,24,24,24,24,30,30,31,33],"damage_taken":[{"damage":0,"enemies":"Jaw Worm","floor":1,"turns":1},{"damage":0,"enemies":"Small Slimes","floor":5,"turns":1},{"damage":0,"enemies":"Lagavulin","floor":6,"turns":1},{"damage":0,"enemies":"2 Louse","floor":7,"turns":3},{"damage":15,"enemies":"Gremlin Nob","floor":8,"turns":4},{"damage":22,"enemies":"3 Sentries","floor":12,"turns":10},{"damage":18,"enemies":"3 Sentries","floor":13,"turns":10},{"damage":1,"enemies":"Looter","floor":14,"turns":3},{"damage":24,"enemies":"The Guardian","floor":16,"turns":10},{"damage":19,"enemies":"2 Thieves","floor":18,"turns":4},{"damage":19,"enemies":"Spheric Guardian","floor":19,"turns":4},{"damage":20,"enemies":"Shelled Parasite and Fungi","floor":22,"turns":6},{"damage":32,"enemies":"Book of Stabbing","floor":24,"turns":8},{"damage":52,"enemies":"Sentry and Sphere","floor":27,"turns":10},{"damage":31,"enemies":"Colosseum Slavers","floor":30,"turns":7},{"damage":65,"enemies":"Colosseum Nobs","floor":30,"turns":7},{"damage":1,"enemies":"Centurion and Healer","floor":31,"turns":8},{"damage":104,"enemies":"Collector","floor":33,"turns":19},{"damage":0,"enemies":"3 Shapes","floor":35,"turns":4},{"damage":16,"enemies":"3 Darklings","floor":37,"turns":10},{"damage":82,"enemies":"Reptomancer","floor":41,"turns":3}],"seed_played":"-3555439014883834129","potions_obtained":[{"floor":6,"key":"PowerPotion"},{"floor":7,"key":"FairyPotion"},{"floor":12,"key":"Dexterity Potion"},{"floor":13,"key":"BloodPotion"},{"floor":16,"key":"SteroidPotion"},{"floor":18,"key":"Poison Potion"},{"floor":19,"key":"Weak Potion"},{"floor":22,"key":"Block Potion"},{"floor":24,"key":"Explosive Potion"},{"floor":27,"key":"EssenceOfSteel"},{"floor":30,"key":"Energy Potion"},{"floor":31,"key":"Block Potion"},{"floor":33,"key":"SkillPotion"},{"floor":35,"key":"Strength Potion"},{"floor":37,"key":"Ancient Potion"}],"is_trial":false,"path_per_floor":["M","?","?","?","M","E","M","E","T","?","R","?","E","M","R","B",null,"M","M","?","$","M","R","E","R","T","M","?","$","?","M","R","B",null,"M","$","M","?","$","R","E"],"character_chosen":"IRONCLAD","items_purchased":["Dual Wield","Regal Pillow","Lee\u0027s Waffle","Metallicize"],"campfire_rested":2,"item_purchase_floors":[21,21,29,36],"current_hp_per_floor":[80,55,39,32,38,44,50,41,41,41,41,25,13,25,25,7,74,61,48,48,48,42,42,23,60,60,14,14,81,11,28,67,9,81,81,81,71,71,71,71,0],"gold":0,"neow_bonus":"THREE_ENEMY_KILL","is_prod":false,"is_daily":false,"chose_seed":false,"campfire_upgraded":4,"win_rate":0,"timestamp":1546664501,"path_taken":["M","?","?","?","M","E","M","E","T","?","R","?","E","M","R","BOSS","M","M","?","$","M","R","E","R","T","M","?","$","?","M","R","BOSS","M","$","M","?","$","R","E"],"build_version":"2019-01-03v4","purchased_purges":2,"victory":false,"max_hp_per_floor":[80,80,80,80,80,80,80,80,80,74,74,74,74,74,74,74,74,74,74,74,74,74,74,74,74,74,74,74,81,81,81,81,81,81,81,81,81,81,81,81,81],"card_choices":[{"not_picked":["Shrug It Off","Entrench"],"picked":"Body Slam","floor":1},{"not_picked":["Rage","Entrench"],"picked":"Iron Wave","floor":5},{"not_picked":["Wild Strike","Intimidate"],"picked":"Armaments","floor":6},{"not_picked":["Sword Boomerang","Anger"],"picked":"Clothesline","floor":7},{"not_picked":["True Grit","Havoc"],"picked":"Barricade","floor":8},{"not_picked":["Pommel Strike","Twin Strike"],"picked":"Inflame","floor":12},{"not_picked":["Battle Trance","True Grit"],"picked":"Twin Strike","floor":13},{"not_picked":["Feel No Pain","Wild Strike"],"picked":"Pummel","floor":14},{"not_picked":["Wild Strike","Fire Breathing"],"picked":"Headbutt","floor":14},{"not_picked":["Dark Embrace","Exhume"],"picked":"Impervious","floor":16},{"not_picked":["Anger","Pommel Strike"],"picked":"Iron Wave","floor":18},{"not_picked":["Perfected Strike","Pommel Strike"],"picked":"Bloodletting","floor":18},{"not_picked":["Shockwave+1","Twin Strike+1"],"picked":"Pommel Strike+1","floor":19},{"not_picked":["Heavy Blade","Rupture","Burning Pact"],"picked":"SKIP","floor":19},{"not_picked":["Double Tap","Rampage"],"picked":"Shrug It Off+1","floor":22},{"not_picked":["Battle Trance","Sentinel","Perfected Strike"],"picked":"SKIP","floor":22},{"not_picked":["True Grit","Rupture+1"],"picked":"Armaments+1","floor":24},{"not_picked":["Pommel Strike","Thunderclap"],"picked":"Shrug It Off+1","floor":27},{"not_picked":["Pommel Strike","Rupture"],"picked":"Seeing Red","floor":27},{"not_picked":["Twin Strike","Clothesline+1"],"picked":"Power Through+1","floor":30},{"not_picked":["Sentinel","Pommel Strike+1"],"picked":"Impervious","floor":31},{"not_picked":["Flame Barrier","Armaments+1"],"picked":"Body Slam","floor":31},{"not_picked":["Dark Embrace","Bludgeon"],"picked":"Feed","floor":33},{"not_picked":["Sever Soul","Headbutt"],"picked":"Pommel Strike+1","floor":35},{"not_picked":["Armaments+1","Wild Strike+1","Reckless Charge"],"picked":"SKIP","floor":35},{"not_picked":["Headbutt","Rupture+1"],"picked":"Evolve+1","floor":37},{"not_picked":["Clash+1","Anger+1"],"picked":"Bloodletting","floor":37}],"player_experience":43339,"relics_obtained":[{"floor":6,"key":"Ancient Tea Set"},{"floor":8,"key":"Prayer Wheel"},{"floor":9,"key":"Boot"},{"floor":13,"key":"Self Forming Clay"},{"floor":24,"key":"Lantern"},{"floor":30,"key":"Calipers"},{"floor":30,"key":"Dodecahedron"}],"event_choices":[{"damage_healed":0,"gold_gain":0,"player_choice":"Success","damage_taken":25,"relics_obtained":["Vajra"],"max_hp_gain":0,"max_hp_loss":0,"event_name":"Scrap Ooze","floor":2,"gold_loss":0},{"damage_healed":0,"gold_gain":0,"player_choice":"Entered Light","damage_taken":16,"max_hp_gain":0,"max_hp_loss":0,"event_name":"Shining Light","floor":3,"gold_loss":0,"cards_upgraded":["Strike_R","Strike_R"]},{"cards_removed":["Strike_R"],"damage_healed":0,"gold_gain":0,"player_choice":"Card Removal","damage_taken":7,"max_hp_gain":0,"max_hp_loss":0,"event_name":"Golden Wing","floor":4,"gold_loss":0},{"damage_healed":0,"gold_gain":0,"player_choice":"Lose Max HP","damage_taken":0,"relics_obtained":["Golden Idol"],"max_hp_gain":0,"max_hp_loss":6,"event_name":"Golden Idol","floor":10,"gold_loss":0},{"damage_healed":0,"gold_gain":0,"player_choice":"Searched \u00272\u0027 times","damage_taken":0,"relics_obtained":["Potion Belt"],"max_hp_gain":0,"max_hp_loss":0,"event_name":"Dead Adventurer","floor":12,"gold_loss":0},{"damage_healed":0,"gold_gain":0,"player_choice":"Read","damage_taken":0,"max_hp_gain":0,"max_hp_loss":0,"event_name":"The Library","floor":20,"gold_loss":0,"cards_obtained":["Reaper"]},{"damage_healed":0,"gold_gain":0,"player_choice":"Opened","damage_taken":0,"relics_obtained":["Centennial Puzzle"],"max_hp_gain":0,"max_hp_loss":0,"event_name":"The Mausoleum","floor":28,"gold_loss":0},{"damage_healed":0,"gold_gain":0,"player_choice":"Fight","damage_taken":0,"max_hp_gain":0,"max_hp_loss":0,"event_name":"Colosseum","floor":30,"gold_loss":0},{"damage_healed":0,"gold_gain":0,"player_choice":"Fought Nobs","damage_taken":0,"max_hp_gain":0,"max_hp_loss":0,"event_name":"Colosseum","floor":30,"gold_loss":0},{"damage_healed":0,"gold_gain":0,"player_choice":"Paid","damage_taken":0,"relics_obtained":["Red Mask"],"max_hp_gain":0,"max_hp_loss":0,"event_name":"Tomb of Lord Red Mask","floor":38,"gold_loss":195}],"is_beta":false,"boss_relics":[{"not_picked":["Runic Dome","Tiny House"],"picked":"White Beast Statue"},{"not_picked":["Runic Cube","Busted Crown"],"picked":"Mark of Pain"}],"items_purged_floors":[21,36],"is_endless":false,"potions_floor_spawned":[6,7,12,13,16,18,19,22,24,27,30,30,31,33,35,37],"killed_by":"Reptomancer","ascension_level":3}