{"gold_per_floor":[110,110,59,77,90,90,110,110,110,137,152,163,191,207,207,281,281,297,297,317,205,205],"floor_reached":22,"playtime":643,"items_purged":["Strike_B"],"score":347,"play_id":"48685f10-fdd5-42c4-b06a-dcc56a18fc3f","local_time":"20190217185424","is_ascension_mode":true,"campfire_choices":[{"data":"Zap","floor":6.0,"key":"SMITH"},{"data":"Dualcast","floor":8.0,"key":"SMITH"},{"data":"Machine Learning","floor":15.0,"key":"SMITH"}],"neow_cost":"NONE","seed_source_timestamp":427083037758156,"circlet_count":0,"master_deck":["AscendersBane","Strike_B","Strike_B","Strike_B","Defend_B","Defend_B","Defend_B","Defend_B","Zap+1","Dualcast+1","Doom and Gloom","Leap","Go for the Eyes","Ball Lightning","Ball Lightning","Machine Learning+1","Stack","Electrodynamics","White Noise","Buffer","Leap+1","Zap","FTL","Glacier"],"special_seed":0,"relics":["Cracked Core","Bag of Preparation","Unceasing Top","Peace Pipe","Bag of Marbles","Eternal Feather"],"potions_floor_usage":[16],"damage_taken":[{"damage":0.0,"enemies":"2 Louse","floor":1.0,"turns":2.0},{"damage":1.0,"enemies":"Cultist","floor":4.0,"turns":3.0},{"damage":0.0,"enemies":"Small Slimes","floor":5.0,"turns":2.0},{"damage":0.0,"enemies":"Red Slaver","floor":7.0,"turns":3.0},{"damage":16.0,"enemies":"Gremlin Nob","floor":10.0,"turns":3.0},{"damage":5.0,"enemies":"2 Fungi Beasts","floor":11.0,"turns":3.0},{"damage":4.0,"enemies":"Exordium Wildlife","floor":12.0,"turns":3.0},{"damage":16.0,"enemies":"Lagavulin","floor":13.0,"turns":5.0},{"damage":10.0,"enemies":"Exordium Thugs","floor":14.0,"turns":2.0},{"damage":7,"enemies":"Hexaghost","floor":16,"turns":8},{"damage":28,"enemies":"Shell Parasite","floor":18,"turns":7},{"damage":13,"enemies":"Spheric Guardian","floor":20,"turns":5},{"damage":22,"enemies":"Snecko","floor":22,"turns":3}],"seed_played":"35917805001062681","potions_obtained":[{"floor":1.0,"key":"Swift Potion"},{"floor":2.0,"key":"Poison Potion"},{"floor":5.0,"key":"LiquidBronze"},{"floor":7.0,"key":"FocusPotion"},{"floor":10.0,"key":"Energy Potion"},{"floor":16,"key":"LiquidBronze"}],"is_trial":false,"path_per_floor":["M","?","$","M","M","R","M","R","T","E","M","M","E","M","R","B",null,"M","?","M","$","M"],"character_chosen":"DEFECT","items_purchased":["Leap","Glacier"],"campfire_rested":0,"item_purchase_floors":[3,21],"current_hp_per_floor":[64,64,64,63,63,63,63,63,63,47,42,38,22,12,12,5,55,27,27,14,14,0],"gold":205,"neow_bonus":"RANDOM_COMMON_RELIC","is_prod":false,"is_daily":false,"chose_seed":false,"campfire_upgraded":3,"win_rate":0,"timestamp":1550451264,"path_taken":["M","?","$","?","M","R","M","R","T","E","M","M","E","M","R","BOSS","M","?","M","$","?"],"build_version":"2019-01-23","purchased_purges":1,"victory":false,"max_hp_per_floor":[71,71,71,71,71,71,71,71,71,71,71,71,71,71,71,71,71,71,71,71,71,71],"card_choices":[{"not_picked":["Undo","Coolheaded"],"picked":"Doom and Gloom","floor":1.0},{"not_picked":["Steam","Chill"],"picked":"Go for the Eyes","floor":4.0},{"not_picked":["Gash","Rip and Tear"],"picked":"Ball Lightning","floor":5.0},{"not_picked":["Undo","Steam"],"picked":"Ball Lightning","floor":7.0},{"not_picked":["Ball Lightning","Gash"],"picked":"Machine Learning","floor":10.0},{"not_picked":["Hologram","Turbo"],"picked":"Stack","floor":11.0},{"not_picked":["Reprogram","Gash","Static Discharge"],"picked":"SKIP","floor":12.0},{"not_picked":["Barrage","Hello World"],"picked":"Electrodynamics","floor":13.0},{"not_picked":["Sweeping Beam","Streamline"],"picked":"White Noise","floor":14.0},{"not_picked":["Reboot","Meteor Strike"],"picked":"Buffer","floor":16},{"not_picked":["Rebound","Static Discharge"],"picked":"Leap+1","floor":18},{"not_picked":["Sunder","Hello World"],"picked":"FTL","floor":20}],"player_experience":189299,"relics_obtained":[{"floor":9.0,"key":"Unceasing Top"},{"floor":10.0,"key":"Peace Pipe"},{"floor":13.0,"key":"Bag of Marbles"}],"event_choices":[{"damage_healed":0.0,"max_hp_gain":0.0,"max_hp_loss":0.0,"gold_gain":0.0,"event_name":"Lab","player_choice":"Got Potions","floor":2.0,"gold_loss":0.0,"damage_taken":0.0},{"damage_healed":0,"gold_gain":0,"player_choice":"1 cards matched","damage_taken":0,"max_hp_gain":0,"max_hp_loss":0,"event_name":"Match and Keep!","floor":19,"gold_loss":0,"cards_obtained":["Zap"]}],"is_beta":false,"boss_relics":[{"not_picked":["Runic Pyramid","Velvet Choker"],"picked":"Eternal Feather"}],"items_purged_floors":[21],"is_endless":false,"potions_floor_spawned":[1,5,7,10,16],"killed_by":"Snecko","ascension_level":15}