{"gold_per_floor":[215,58,74,89,104,135,135,150,150,150,11,11,80,91,91,193,193,206,225,275,4,24,24,37,68,92,92,156,206,281,281],"floor_reached":31,"playtime":1345,"items_purged":["Normality"],"score":309,"play_id":"8ce05b91-27ef-4765-82a5-e669ea686b4a","local_time":"20190120012002","is_ascension_mode":false,"campfire_choices":[{"data":"Defragment","floor":7,"key":"SMITH"},{"floor":12,"key":"REST"},{"data":"Buffer","floor":15,"key":"SMITH"},{"data":"Jack Of All Trades","floor":23,"key":"SMITH"},{"data":"Fission","floor":27,"key":"SMITH"}],"neow_cost":"NONE","seed_source_timestamp":276008790804915,"circlet_count":0,"master_deck":["Strike_B","Strike_B","Strike_B","Strike_B","Defend_B","Defend_B","Defend_B","Defend_B","Zap","Dualcast","Self Repair","Static Discharge","Defragment+1","Glacier","Reinforced Body","Buffer+1","Cold Snap","Turbo","Go for the Eyes","Electrodynamics","Writhe","Doubt","Gash","Lockon","All For One","Jack Of All Trades+1","Sunder","Chill","Gash","Fission+1","BootSequence","Gash"],"relics":["Cracked Core","Bag of Marbles","The Courier","Bronze Scales","SsserpentHead","Vajra","Calling Bell","Dream Catcher","Dodecahedron","Torii","Lantern","Centennial Puzzle","Orichalcum"],"potions_floor_usage":[3,6,13,16,22,25,25,31],"damage_taken":[{"damage":9,"enemies":"Cultist","floor":1,"turns":4},{"damage":6,"enemies":"Jaw Worm","floor":3,"turns":3},{"damage":0,"enemies":"2 Louse","floor":4,"turns":3},{"damage":11,"enemies":"Red Slaver","floor":5,"turns":3},{"damage":32,"enemies":"3 Sentries","floor":6,"turns":6},{"damage":22,"enemies":"Looter","floor":8,"turns":4},{"damage":0,"enemies":"Blue Slaver","floor":13,"turns":3},{"damage":0,"enemies":"3 Louse","floor":14,"turns":5},{"damage":0,"enemies":"Slime Boss","floor":16,"turns":12},{"damage":1,"enemies":"Chosen","floor":18,"turns":6},{"damage":0,"enemies":"Spheric Guardian","floor":19,"turns":6},{"damage":6,"enemies":"Centurion and Healer","floor":22,"turns":6},{"damage":0,"enemies":"3 Cultists","floor":24,"turns":6},{"damage":16,"enemies":"Book of Stabbing","floor":25,"turns":6},{"damage":10,"enemies":"Snecko","floor":28,"turns":6},{"damage":67,"enemies":"Gremlin Leader","floor":31,"turns":7}],"seed_played":"-1015447947323229616","potions_obtained":[{"floor":1,"key":"Poison Potion"},{"floor":5,"key":"Swift Potion"},{"floor":8,"key":"Fire Potion"},{"floor":13,"key":"Dexterity Potion"},{"floor":18,"key":"Strength Potion"},{"floor":19,"key":"GamblersBrew"},{"floor":20,"key":"Block Potion"},{"floor":20,"key":"LiquidBronze"},{"floor":28,"key":"FearPotion"}],"is_trial":false,"path_per_floor":["M","$","M","M","M","E","R","M","T","?","$","R","M","M","R","B",null,"M","M","?","$","M","R","M","E","T","R","M","?","T","E"],"character_chosen":"DEFECT","items_purchased":["Bag of Marbles","Vajra","Cold Snap","All For One","Jack Of All Trades","Sunder"],"campfire_rested":1,"item_purchase_floors":[2,11,11,21,21,21],"current_hp_per_floor":[66,66,67,74,70,45,45,30,30,30,30,52,59,66,66,73,75,75,75,75,75,75,75,75,66,66,66,63,63,63,0],"gold":281,"neow_bonus":"HUNDRED_GOLD","is_prod":false,"is_daily":false,"chose_seed":false,"campfire_upgraded":4,"win_rate":0.0,"timestamp":1547965202,"path_taken":["M","$","M","?","M","E","R","M","T","?","$","R","?","M","R","BOSS","M","M","?","$","M","R","M","E","T","R","?","?","?","E"],"build_version":"2019-01-17v2","purchased_purges":1,"victory":false,"max_hp_per_floor":[75,75,75,75,75,75,75,75,75,75,75,75,75,75,75,75,75,75,75,75,75,75,75,75,75,75,75,75,75,75,75],"card_choices":[{"not_picked":["Darkness","Steam Power"],"picked":"Self Repair","floor":1},{"not_picked":["Hologram","Self Repair"],"picked":"Static Discharge","floor":3},{"not_picked":["Lockon","Coolheaded"],"picked":"Defragment","floor":4},{"not_picked":["Beam Cell","Rebound"],"picked":"Glacier","floor":5},{"not_picked":["Redo","Scrape"],"picked":"Reinforced Body","floor":6},{"not_picked":["Leap","Aggregate"],"picked":"Buffer","floor":8},{"not_picked":["Scrape","Stack"],"picked":"Turbo","floor":13},{"not_picked":["Redo","Compile Driver"],"picked":"Go for the Eyes","floor":14},{"not_picked":["Amplify","Meteor Strike"],"picked":"Electrodynamics","floor":16},{"not_picked":["Steam","Coolheaded"],"picked":"Gash","floor":18},{"not_picked":["Hello World","Cold Snap"],"picked":"Lockon","floor":19},{"not_picked":["Stack","Leap"],"picked":"Chill","floor":22},{"not_picked":["Hologram","Compile Driver"],"picked":"Gash","floor":24},{"not_picked":["Storm","Redo"],"picked":"Fission","floor":25},{"not_picked":["Streamline","Compile Driver"],"picked":"BootSequence","floor":28}],"player_experience":133055,"relics_obtained":[{"floor":6,"key":"The Courier"},{"floor":9,"key":"Bronze Scales"},{"floor":17,"key":"Dream Catcher"},{"floor":17,"key":"Dodecahedron"},{"floor":17,"key":"Torii"},{"floor":25,"key":"Lantern"},{"floor":26,"key":"Centennial Puzzle"},{"floor":30,"key":"Orichalcum"}],"event_choices":[{"damage_healed":0,"gold_gain":0,"player_choice":"Trade","damage_taken":0,"relics_obtained":["SsserpentHead"],"max_hp_gain":0,"max_hp_loss":0,"event_name":"FaceTrader","floor":10,"gold_loss":0},{"damage_healed":0,"gold_gain":0,"player_choice":"Got Potions","damage_taken":0,"max_hp_gain":0,"max_hp_loss":0,"event_name":"Lab","floor":20,"gold_loss":0},{"damage_healed":0,"gold_gain":0,"player_choice":"Read","damage_taken":0,"max_hp_gain":0,"max_hp_loss":0,"event_name":"The Library","floor":29,"gold_loss":0,"cards_obtained":["Gash"]}],"is_beta":false,"boss_relics":[{"not_picked":["Velvet Choker","Fusion Hammer"],"picked":"Calling Bell"}],"items_purged_floors":[21],"is_endless":false,"potions_floor_spawned":[1,5,8,13,18,19,28],"killed_by":"Gremlin Leader","ascension_level":0}