{"gold_per_floor":[115,115,139,139,139,139,173,186,260,260,278,26,50,50,50,174,174,189,189,212,212,231,262,262,262,330,353,278,278,278,301,301,431,431,444,502,527,652,146,146,170,203,285,285,285,303,326,346,346,346],"floor_reached":50,"playtime":3372,"items_purged":["Regret","Unload"],"score":645,"play_id":"d4a70815-29c0-4058-a0b6-41e7ff455dff","local_time":"20190115005952","is_ascension_mode":true,"campfire_choices":[{"data":"Neutralize","floor":6.0,"key":"SMITH"},{"floor":10.0,"key":"REST"},{"data":"Leg Sweep","floor":15.0,"key":"SMITH"},{"data":"Cloak And Dagger","floor":24.0,"key":"SMITH"},{"data":"Panache","floor":32.0,"key":"SMITH"},{"data":"After Image","floor":40.0,"key":"SMITH"},{"data":"Adrenaline","floor":44,"key":"SMITH"},{"floor":49,"key":"RECALL"}],"neow_cost":"NONE","seed_source_timestamp":263610320691265,"circlet_count":0,"master_deck":["Survivor","Neutralize+1","Backflip","Cloak And Dagger+1","Blade Dance","Leg Sweep+1","Panache+1","PiercingWail","Corpse Explosion","Well Laid Plans","Cloak And Dagger+1","Backflip","Blade Dance","Noxious Fumes","Glass Knife","Prepared+1","After Image+1","Dash+1","Escape Plan","Adrenaline+1","Infinite Blades","Prepared","Underhanded Strike+1","Blade Dance","Backflip+1","Acrobatics+1","Adrenaline","Writhe","Escape Plan","Parasite","Outmaneuver"],"special_seed":0,"relics":["Ring of the Serpent","Golden Idol","Pen Nib","Blue Candle","Pantograph","Lantern","Bronze Scales","Paper Crane","Molten Egg 2","Pandora\u0027s Box","FossilizedHelix","Gambling Chip","Blood Vial","Ninja Scroll","Snake Skull"],"potions_floor_usage":[],"damage_taken":[{"damage":4.0,"enemies":"Jaw Worm","floor":1.0,"turns":2.0},{"damage":2.0,"enemies":"2 Louse","floor":3.0,"turns":2.0},{"damage":38.0,"enemies":"3 Sentries","floor":7.0,"turns":12.0},{"damage":0.0,"enemies":"Cultist","floor":8.0,"turns":2.0},{"damage":11.0,"enemies":"Exordium Wildlife","floor":11.0,"turns":6.0},{"damage":0.0,"enemies":"Looter","floor":13.0,"turns":3.0},{"damage":22.0,"enemies":"Slime Boss","floor":16.0,"turns":11.0},{"damage":11.0,"enemies":"Shell Parasite","floor":18.0,"turns":7.0},{"damage":0.0,"enemies":"3 Byrds","floor":20.0,"turns":3.0},{"damage":9.0,"enemies":"Shelled Parasite and Fungi","floor":22.0,"turns":5.0},{"damage":6.0,"enemies":"Gremlin Leader","floor":23.0,"turns":6.0},{"damage":8.0,"enemies":"Centurion and Healer","floor":27.0,"turns":4.0},{"damage":9.0,"enemies":"3 Cultists","floor":31.0,"turns":4.0},{"damage":28.0,"enemies":"Collector","floor":33.0,"turns":10.0},{"damage":2.0,"enemies":"3 Shapes","floor":35.0,"turns":5.0},{"damage":24.0,"enemies":"2 Orb Walkers","floor":36.0,"turns":3.0},{"damage":7.0,"enemies":"3 Darklings","floor":37.0,"turns":3.0},{"damage":15.0,"enemies":"Mind Bloom Boss Battle","floor":38.0,"turns":6.0},{"damage":0,"enemies":"Maw","floor":41,"turns":6},{"damage":16,"enemies":"Reptomancer","floor":42,"turns":6},{"damage":3,"enemies":"Spire Growth","floor":46,"turns":5},{"damage":0,"enemies":"Writhing Mass","floor":47,"turns":4},{"damage":11,"enemies":"Jaw Worm Horde","floor":48,"turns":2},{"damage":65,"enemies":"Awakened One","floor":50,"turns":12}],"seed_played":"-4084977429506926151","potions_obtained":[{"floor":1.0,"key":"AttackPotion"},{"floor":8.0,"key":"AttackPotion"},{"floor":16.0,"key":"Ancient Potion"},{"floor":18.0,"key":"Weak Potion"},{"floor":23.0,"key":"Explosive Potion"},{"floor":27.0,"key":"Ancient Potion"},{"floor":35.0,"key":"FearPotion"},{"floor":41,"key":"Dexterity Potion"},{"floor":46,"key":"SpeedPotion"},{"floor":47,"key":"Fire Potion"}],"is_trial":false,"path_per_floor":["M","?","M","?","?","R","E","M","T","R","M","$","M","T","R","B",null,"M","?","M","?","M","E","R","?","T","M","?","?","T","M","R","B",null,"M","?","M","?","$","R","M","E","T","R","?","M","M","M","R","B"],"character_chosen":"THE_SILENT","items_purchased":["Panache","Blood Vial","Ninja Scroll"],"campfire_rested":1,"item_purchase_floors":[12,39,39],"current_hp_per_floor":[66,65,63,63,63,63,25,25,25,44,33,33,33,33,33,36,65,54,54,54,54,45,39,39,39,39,31,31,31,31,22,22,19,65,63,39,32,42,42,42,44,30,30,30,46,45,47,38,38,0],"gold":346,"neow_bonus":"ONE_RANDOM_RARE_CARD","is_prod":false,"is_daily":false,"chose_seed":false,"campfire_upgraded":6,"win_rate":0,"timestamp":1547535592,"path_taken":["M","?","M","?","?","R","E","M","T","R","M","$","?","?","R","BOSS","M","?","M","?","?","E","R","?","T","M","?","?","?","M","R","BOSS","M","?","M","?","$","R","M","E","T","R","?","M","M","M","R","BOSS"],"build_version":"2019-01-10","purchased_purges":2,"victory":false,"max_hp_per_floor":[70,65,65,65,65,65,65,65,65,65,65,65,65,65,65,65,65,65,65,65,65,65,65,65,65,65,65,65,65,65,65,65,65,65,65,65,65,65,65,65,65,65,65,65,65,65,65,65,65,65],"card_choices":[{"not_picked":["Endless Agony","Deflect"],"picked":"Backflip","floor":1.0},{"not_picked":["Finisher","Distraction"],"picked":"Cloak And Dagger","floor":3.0},{"not_picked":["Dodge and Roll","Underhanded Strike"],"picked":"Blade Dance","floor":7.0},{"not_picked":["Acrobatics","Catalyst"],"picked":"Leg Sweep","floor":8.0},{"not_picked":["Sucker Punch","Prepared","Bouncing Flask"],"picked":"SKIP","floor":11.0},{"not_picked":["Sucker Punch","Endless Agony"],"picked":"PiercingWail","floor":13.0},{"not_picked":["Wraith Form v2","Tools of the Trade"],"picked":"Corpse Explosion","floor":16.0},{"not_picked":["Dagger Throw","Dagger Spray"],"picked":"Well Laid Plans","floor":18.0},{"not_picked":["PiercingWail","Dodge and Roll","Flying Knee"],"picked":"SKIP","floor":20.0},{"not_picked":["Catalyst+1","Leg Sweep"],"picked":"Backflip","floor":22.0},{"not_picked":["Bouncing Flask","Unload"],"picked":"Blade Dance","floor":23.0},{"not_picked":["Slice","Concentrate+1","Flying Knee"],"picked":"SKIP","floor":27.0},{"not_picked":["Underhanded Strike+1","Sucker Punch+1"],"picked":"Prepared+1","floor":31.0},{"not_picked":["Burst","Doppelganger"],"picked":"After Image","floor":33.0},{"not_picked":["Backflip","Deadly Poison"],"picked":"Blade Dance","floor":35.0},{"not_picked":["Slice+1","Dagger Throw+1"],"picked":"Backflip+1","floor":36.0},{"not_picked":["Endless Agony+1","Masterful Stab+1"],"picked":"Acrobatics+1","floor":37.0},{"not_picked":["Sucker Punch+1","Dagger Spray+1","Backflip+1"],"picked":"SKIP","floor":41},{"not_picked":["Blur","Backflip+1"],"picked":"Adrenaline","floor":42},{"not_picked":["Deadly Poison","Dash+1"],"picked":"Escape Plan","floor":46},{"not_picked":["Deadly Poison+1","Endless Agony+1","Sucker Punch+1"],"picked":"SKIP","floor":47},{"not_picked":["Blade Dance","Dagger Spray+1"],"picked":"Outmaneuver","floor":48}],"player_experience":97269,"relics_obtained":[{"floor":7.0,"key":"Blue Candle"},{"floor":9.0,"key":"Pantograph"},{"floor":14.0,"key":"Lantern"},{"floor":23.0,"key":"Bronze Scales"},{"floor":26.0,"key":"Paper Crane"},{"floor":30.0,"key":"Molten Egg 2"},{"floor":36.0,"key":"FossilizedHelix"},{"floor":38.0,"key":"Gambling Chip"},{"floor":42,"key":"Snake Skull"}],"event_choices":[{"damage_healed":0.0,"max_hp_gain":0.0,"max_hp_loss":5.0,"gold_gain":0.0,"event_name":"Golden Idol","player_choice":"Lose Max HP","floor":2.0,"gold_loss":0.0,"damage_taken":0.0,"relics_obtained":["Golden Idol"]},{"damage_healed":0.0,"max_hp_gain":0.0,"max_hp_loss":0.0,"gold_gain":0.0,"event_name":"Big Fish","player_choice":"Box","floor":4.0,"gold_loss":0.0,"damage_taken":0.0,"relics_obtained":["Pen Nib"],"cards_obtained":["Regret"]},{"damage_healed":0.0,"max_hp_gain":0.0,"max_hp_loss":0.0,"gold_gain":0.0,"event_name":"Accursed Blacksmith","player_choice":"Forge","floor":5.0,"gold_loss":0.0,"damage_taken":0.0,"cards_upgraded":["Cloak And Dagger"]},{"damage_healed":0.0,"max_hp_gain":0.0,"max_hp_loss":0.0,"gold_gain":0.0,"event_name":"The Library","player_choice":"Read","floor":19.0,"gold_loss":0.0,"damage_taken":0.0,"cards_obtained":["Cloak And Dagger"]},{"cards_removed":["Strike_G"],"damage_healed":0.0,"max_hp_gain":0.0,"max_hp_loss":0.0,"gold_gain":0.0,"event_name":"Purifier","player_choice":"Purged","floor":21.0,"gold_loss":0.0,"damage_taken":0.0},{"damage_healed":0.0,"max_hp_gain":0.0,"max_hp_loss":0.0,"gold_gain":0.0,"cards_transformed":["Strike_G","Strike_G"],"event_name":"Drug Dealer","player_choice":"Became Test Subject","floor":25.0,"gold_loss":0.0,"damage_taken":0.0,"cards_obtained":["Noxious Fumes","Glass Knife"]},{"cards_removed":["Strike_G"],"damage_healed":0.0,"max_hp_gain":0.0,"max_hp_loss":0.0,"gold_gain":0.0,"event_name":"Beggar","player_choice":"Gave Gold","floor":28.0,"gold_loss":75.0,"damage_taken":0.0},{"damage_healed":0.0,"max_hp_gain":0.0,"max_hp_loss":0.0,"gold_gain":0.0,"event_name":"Vampires","player_choice":"Ignored","floor":29.0,"gold_loss":0.0,"damage_taken":0.0},{"damage_healed":0.0,"max_hp_gain":0.0,"max_hp_loss":0.0,"gold_gain":0.0,"event_name":"Mysterious Sphere","player_choice":"Fight","floor":36.0,"gold_loss":0.0,"damage_taken":0.0},{"damage_healed":0.0,"max_hp_gain":0.0,"max_hp_loss":0.0,"gold_gain":0.0,"event_name":"MindBloom","player_choice":"Fight","floor":38.0,"gold_loss":0.0,"damage_taken":0.0},{"damage_healed":16,"gold_gain":0,"player_choice":"Writhe","damage_taken":0,"max_hp_gain":0,"max_hp_loss":0,"event_name":"Winding Halls","floor":45,"gold_loss":0,"cards_obtained":["Writhe"]}],"is_beta":false,"boss_relics":[{"not_picked":["Fusion Hammer","Ectoplasm"],"picked":"Ring of the Serpent"},{"not_picked":["Sozu","Busted Crown"],"picked":"Pandora\u0027s Box"}],"items_purged_floors":[12,39],"is_endless":false,"potions_floor_spawned":[1,8,16,18,23,27,35,41,46,47],"killed_by":"Awakened One","ascension_level":3}