{"gold_per_floor":[111,129,143,154,168,202,202,78,101,101,101,101,121,21,21,118,118,134,134,134,60,60,60,60,60,60,60,60,73,73,91,91,91],"floor_reached":33,"playtime":3030,"items_purged":["Strike_R","Strike_R"],"score":243,"play_id":"69109a85-48a3-4ad8-8e48-ac03d3c9f681","local_time":"20190221011211","is_ascension_mode":false,"campfire_choices":[{"data":"Shrug It Off","floor":10,"key":"SMITH"},{"data":"Bloodletting","floor":12,"key":"SMITH"},{"floor":15,"key":"REST"},{"data":"Sword Boomerang","floor":23,"key":"SMITH"},{"data":"J.A.X.","floor":25,"key":"SMITH"},{"data":"Flex","floor":27,"key":"SMITH"},{"data":"Searing Blow+1","floor":30,"key":"SMITH"},{"data":"Searing Blow+2","floor":32,"key":"SMITH"}],"neow_cost":"NONE","seed_source_timestamp":378008825038853,"circlet_count":0,"master_deck":["Strike_R+1","Defend_R+1","Defend_R+1","Defend_R+1","Defend_R+1","Bash+1","Flex+1","Sword Boomerang+1","Inflame","Armaments","Bloodletting+1","Shrug It Off+1","Battle Trance","Impervious","J.A.X.+1","Evolve","Searing Blow+3"],"special_seed":0,"relics":["Burning Blood","Juzu Bracelet","Orichalcum","White Beast Statue","Blood Vial","Girya"],"potions_floor_usage":[6,16,16,29,29,33,33],"damage_taken":[{"damage":5.0,"enemies":"Jaw Worm","floor":1.0,"turns":5.0},{"damage":7.0,"enemies":"2 Louse","floor":2.0,"turns":3.0},{"damage":1.0,"enemies":"Cultist","floor":3.0,"turns":3.0},{"damage":0.0,"enemies":"Exordium Wildlife","floor":4.0,"turns":4.0},{"damage":19,"enemies":"Lots of Slimes","floor":5,"turns":5},{"damage":10,"enemies":"Lagavulin","floor":6,"turns":8},{"damage":7,"enemies":"Red Slaver","floor":13,"turns":4},{"damage":36,"enemies":"The Guardian","floor":16,"turns":17},{"damage":8,"enemies":"Shell Parasite","floor":18,"turns":6},{"damage":15,"enemies":"3 Byrds","floor":29,"turns":6},{"damage":7,"enemies":"Centurion and Healer","floor":31,"turns":7},{"damage":86,"enemies":"Collector","floor":33,"turns":8}],"seed_played":"-6101210692426170771","potions_obtained":[{"floor":3.0,"key":"SkillPotion"},{"floor":4.0,"key":"Block Potion"},{"floor":13,"key":"Swift Potion"},{"floor":16,"key":"SkillPotion"},{"floor":18,"key":"SpeedPotion"},{"floor":29,"key":"Poison Potion"},{"floor":31,"key":"SkillPotion"}],"is_trial":false,"path_per_floor":["M","M","M","M","M","E","?","$","T","R","?","R","M","$","R","B",null,"M","?","?","$","$","R","?","R","T","R","?","M","R","M","R","B"],"character_chosen":"IRONCLAD","items_purchased":["Shrug It Off","Impervious"],"campfire_rested":1,"item_purchase_floors":[8,21],"current_hp_per_floor":[80,79,80,80,67,63,56,56,56,56,40,40,39,39,63,33,80,78,78,78,78,78,78,78,78,78,78,78,71,71,72,72,0],"gold":91,"neow_bonus":"UPGRADE_CARD","is_prod":false,"is_daily":false,"chose_seed":false,"campfire_upgraded":7,"win_rate":0,"timestamp":1550679131,"path_taken":["M","M","M","M","M","E","?","$","T","R","?","R","M","$","R","BOSS","M","?","?","?","$","R","?","R","T","R","?","M","R","M","R","BOSS"],"build_version":"2019-01-23","purchased_purges":2,"victory":false,"max_hp_per_floor":[80,80,80,80,80,80,80,80,80,80,80,80,80,80,80,80,80,80,80,80,80,80,80,80,80,80,80,80,80,80,80,80,80],"card_choices":[{"not_picked":["Sever Soul","Body Slam"],"picked":"Flex","floor":1.0},{"not_picked":["Corruption","Havoc"],"picked":"Sword Boomerang","floor":2.0},{"not_picked":["Fire Breathing","Twin Strike"],"picked":"Inflame","floor":3.0},{"not_picked":["Searing Blow","Intimidate"],"picked":"Armaments","floor":4.0},{"not_picked":["Thunderclap","Body Slam","Havoc"],"picked":"SKIP","floor":5},{"not_picked":["Body Slam","Havoc"],"picked":"Bloodletting","floor":6},{"not_picked":["Clothesline","Uppercut","Barricade"],"picked":"SKIP","floor":13},{"not_picked":["Thunderclap","Evolve"],"picked":"Battle Trance","floor":18},{"not_picked":["Armaments","Entrench"],"picked":"Searing Blow+1","floor":29},{"not_picked":["Armaments","Intimidate","Flame Barrier"],"picked":"SKIP","floor":31}],"player_experience":298398,"relics_obtained":[{"floor":6,"key":"Juzu Bracelet"},{"floor":9,"key":"Orichalcum"},{"floor":26,"key":"Girya"}],"event_choices":[{"cards_removed":["Strike_R"],"damage_healed":0,"gold_gain":0,"player_choice":"Card Removal","damage_taken":7,"max_hp_gain":0,"max_hp_loss":0,"event_name":"Golden Wing","floor":7,"gold_loss":0},{"damage_healed":0,"gold_gain":0,"player_choice":"Entered Light","damage_taken":16,"max_hp_gain":0,"max_hp_loss":0,"event_name":"Shining Light","floor":11,"gold_loss":0,"cards_upgraded":["Strike_R","Defend_R"]},{"damage_healed":0,"gold_gain":0,"player_choice":"Opened","damage_taken":0,"relics_obtained":["Blood Vial"],"max_hp_gain":0,"max_hp_loss":0,"event_name":"The Mausoleum","floor":19,"gold_loss":0},{"damage_healed":0,"gold_gain":0,"player_choice":"Simplicity","damage_taken":0,"max_hp_gain":0,"max_hp_loss":0,"event_name":"Back to Basics","floor":20,"gold_loss":0,"cards_upgraded":["Strike_R","Defend_R","Defend_R","Defend_R"]},{"damage_healed":0,"gold_gain":0,"player_choice":"Obtain J.A.X.","damage_taken":0,"max_hp_gain":0,"max_hp_loss":0,"event_name":"Drug Dealer","floor":24,"gold_loss":0,"cards_obtained":["J.A.X."]},{"damage_healed":0,"gold_gain":0,"cards_transformed":["Strike_R"],"player_choice":"Transformed","damage_taken":0,"max_hp_gain":0,"max_hp_loss":0,"event_name":"Transmorgrifier","floor":28,"gold_loss":0,"cards_obtained":["Evolve"]}],"is_beta":false,"boss_relics":[{"not_picked":["Eternal Feather","Calling Bell"],"picked":"White Beast Statue"}],"items_purged_floors":[8,14],"is_endless":false,"potions_floor_spawned":[3,4,13,16,18,29,31],"killed_by":"Collector","ascension_level":0}