{"gold_per_floor":[20,34,34,44,63,63,13,13,61,80,112,123,123,157,157,259,259,269,25,25,50,61,61],"floor_reached":23,"playtime":1725,"items_purged":[],"score":286,"play_id":"c82afa6f-a4d7-4959-a66b-7453b55574a6","local_time":"20180726125011","is_ascension_mode":true,"campfire_choices":[{"data":"Storm of Steel","floor":6,"key":"SMITH"},{"data":"Backstab","floor":8,"key":"SMITH"},{"data":"Leg Sweep","floor":13,"key":"SMITH"},{"data":"Survivor","floor":15,"key":"SMITH"}],"neow_cost":"NO_GOLD","seed_source_timestamp":5363570828226,"circlet_count":0,"master_deck":["Defend_G","Defend_G","Defend_G","Defend_G","Defend_G","Strike_G","Strike_G","Strike_G","Strike_G","Survivor+1","Neutralize","Storm of Steel+1","Leg Sweep+1","Backstab+1","Backstab","Escape Plan","PiercingWail","Unload","Ghostly","Ghostly","Ghostly","Ghostly","Ghostly"],"relics":["Ring of the Snake","Potion Belt","Boot","Bag of Marbles","Busted Crown","Paper Crane","Lantern"],"potions_floor_usage":[4,11,14,16,16,16,16,23,23,23],"damage_taken":[{"damage":0,"enemies":"Cultist","floor":1,"turns":4},{"damage":0,"enemies":"Small Slimes","floor":2,"turns":3},{"damage":0,"enemies":"Jaw Worm","floor":4,"turns":4},{"damage":2,"enemies":"2 Fungi Beasts","floor":5,"turns":5},{"damage":8,"enemies":"Exordium Wildlife","floor":10,"turns":10},{"damage":10,"enemies":"Gremlin Nob","floor":11,"turns":4},{"damage":0,"enemies":"Blue Slaver","floor":12,"turns":2},{"damage":10,"enemies":"Lagavulin","floor":14,"turns":6},{"damage":15,"enemies":"Slime Boss","floor":16,"turns":10},{"damage":0,"enemies":"Chosen","floor":18,"turns":3},{"damage":1,"enemies":"Shell Parasite","floor":22,"turns":5},{"damage":44,"enemies":"Gremlin Leader","floor":23,"turns":9}],"seed_played":"2511124261544980780","potions_obtained":[{"floor":2,"key":"Weak Potion"},{"floor":3,"key":"EntropicBrew"},{"floor":3,"key":"Weak Potion"},{"floor":10,"key":"SkillPotion"},{"floor":11,"key":"Explosive Potion"},{"floor":16,"key":"Strength Potion"},{"floor":18,"key":"Block Potion"}],"is_trial":false,"path_per_floor":["M","M","?","M","M","R","?","R","T","M","E","M","R","E","R","B",null,"M","$","?","T","M"],"character_chosen":"THE_SILENT","items_purchased":["Paper Crane"],"campfire_rested":0,"item_purchase_floors":[19],"current_hp_per_floor":[63,63,63,63,61,61,61,61,61,53,43,43,43,33,33,18,57,57,57,35,35,34,0],"gold":61,"neow_bonus":"THREE_RARE_CARDS","is_prod":false,"is_daily":false,"chose_seed":false,"campfire_upgraded":4,"win_rate":0,"timestamp":1532602211,"path_taken":["M","M","?","M","M","R","?","R","T","M","E","M","R","E","R","BOSS","M","$","?","?","M","E"],"build_version":"2018-07-19v2","purchased_purges":0,"victory":false,"max_hp_per_floor":[70,70,70,70,70,70,70,70,70,70,70,70,70,70,70,70,70,70,70,35,35,35,35],"card_choices":[{"not_picked":["A Thousand Cuts","Die Die Die"],"picked":"Storm of Steel","floor":0},{"not_picked":["Acrobatics","Setup","Poisoned Stab"],"picked":"SKIP","floor":1},{"not_picked":["Dagger Spray","Concentrate"],"picked":"Leg Sweep","floor":2},{"not_picked":["Bouncing Flask","Outmaneuver"],"picked":"Backstab","floor":4},{"not_picked":["Finisher","Eviscerate","Noxious Fumes"],"picked":"SKIP","floor":5},{"not_picked":["Finisher","Eviscerate","Noxious Fumes"],"picked":"SKIP","floor":5},{"not_picked":["Underhanded Strike","Dodge and Roll","Dagger Spray"],"picked":"SKIP","floor":10},{"not_picked":["Calculated Gamble","Bouncing Flask"],"picked":"Backstab","floor":11},{"not_picked":["Well Laid Plans","Flying Knee"],"picked":"Escape Plan","floor":12},{"not_picked":["Dagger Spray","Predator"],"picked":"PiercingWail","floor":14},{"not_picked":["Envenom","Malaise"],"picked":"Unload","floor":16},{"not_picked":["Poisoned Stab"],"picked":"SKIP","floor":18},{"not_picked":["Outmaneuver"],"picked":"SKIP","floor":22}],"player_experience":220629,"relics_obtained":[{"floor":9,"key":"Potion Belt"},{"floor":11,"key":"Boot"},{"floor":14,"key":"Bag of Marbles"},{"floor":21,"key":"Lantern"}],"event_choices":[{"event_name":"The Lab","player_choice":"Got Potions","floor":3,"damage_taken":0},{"event_name":"The Cleric","player_choice":"Card Removal","floor":7,"damage_taken":0},{"event_name":"Ghosts","player_choice":"Became a Ghost","floor":20,"damage_taken":0}],"is_beta":false,"boss_relics":[{"not_picked":["Orrery","Eternal Feather"],"picked":"Busted Crown"}],"items_purged_floors":[],"is_endless":false,"potions_floor_spawned":[2,10,11,16,18],"killed_by":"Gremlin Leader","ascension_level":6}