{"gold_per_floor":[110,110,110,60,71,83,8,43,119,119,19,33,33,60,60,163,163,175,27,126,143,143,173,186,186,231,266,266,281,307,319,319,424,424,442,461,461,461],"floor_reached":39,"playtime":4276,"items_purged":["Strike_G","Strike_G","Regret"],"score":822,"play_id":"dad1c74a-e163-44ee-a939-8be50e811988","local_time":"20180722001453","is_ascension_mode":true,"campfire_choices":[{"data":"Neutralize","floor":10,"key":"SMITH"},{"data":"Adrenaline","floor":15,"key":"SMITH"},{"data":"Adrenaline","floor":25,"key":"SMITH"},{"data":"Burst","floor":32,"key":"SMITH"}],"neow_cost":"NONE","seed_source_timestamp":3421769490863,"circlet_count":0,"master_deck":["Defend_G","Defend_G","Defend_G","Defend_G+1","Survivor","Neutralize+1","Crippling Poison","Poisoned Stab","Footwork","Dodge and Roll+1","Poisoned Stab","Adrenaline+1","PiercingWail","Bouncing Flask","Adrenaline+1","Catalyst+1","Bane","Skewer+1","Writhe","Deflect+1","Poisoned Stab+1","Heel Hook+1","Burst+1","Tools of the Trade","Deadly Poison+1","PiercingWail+1"],"relics":["Ring of the Serpent","Lantern","Paper Crane","Ice Cream","Pear","Sozu","Happy Flower","Pen Nib","War Paint","Bird Faced Urn","Meat on the Bone"],"potions_floor_usage":[14,38,38],"damage_taken":[{"damage":3,"enemies":"2 Louse","floor":1,"turns":4},{"damage":2,"enemies":"Small Slimes","floor":5,"turns":5},{"damage":0,"enemies":"Jaw Worm","floor":6,"turns":6},{"damage":0,"enemies":"Lagavulin","floor":8,"turns":7},{"damage":0,"enemies":"Looter","floor":12,"turns":4},{"damage":3,"enemies":"Gremlin Nob","floor":14,"turns":4},{"damage":6,"enemies":"The Guardian","floor":16,"turns":8},{"damage":0,"enemies":"Chosen","floor":18,"turns":4},{"damage":0,"enemies":"3 Byrds","floor":21,"turns":4},{"damage":11,"enemies":"Slavers","floor":23,"turns":5},{"damage":0,"enemies":"Snake Plant","floor":24,"turns":3},{"damage":0,"enemies":"Book of Stabbing","floor":27,"turns":5},{"damage":0,"enemies":"Snecko","floor":29,"turns":2},{"damage":0,"enemies":"Slavers","floor":30,"turns":4},{"damage":7,"enemies":"Slaver and Parasite","floor":31,"turns":3},{"damage":15,"enemies":"Champ","floor":33,"turns":7},{"damage":0,"enemies":"3 Shapes","floor":35,"turns":3},{"damage":0,"enemies":"Orb Walker","floor":36,"turns":3},{"damage":18,"enemies":"Donu and Deca","floor":38,"turns":8}],"seed_played":"-5365721435671568728","potions_obtained":[{"floor":5,"key":"SkillPotion"},{"floor":8,"key":"Energy Potion"},{"floor":12,"key":"Energy Potion"}],"is_trial":false,"path_per_floor":["M","?","?","?","M","M","$","E","T","R","$","M","?","E","R","B",null,"M","$","?","M","?","E","M","R","T","E","?","M","E","M","R","B",null,"M","M","?","B"],"character_chosen":"THE_SILENT","items_purchased":["Bane"],"campfire_rested":0,"item_purchase_floors":[19],"current_hp_per_floor":[67,60,60,60,58,58,58,58,58,58,58,58,58,65,65,59,80,80,80,80,80,80,69,69,69,69,69,69,71,73,68,68,55,80,80,80,80,64],"gold":461,"neow_bonus":"TRANSFORM_CARD","is_prod":false,"is_daily":false,"chose_seed":false,"campfire_upgraded":4,"win_rate":0,"timestamp":1532211293,"path_taken":["M","?","?","?","M","M","?","E","T","R","?","?","?","E","R","BOSS","M","$","?","M","?","E","M","R","T","E","?","M","E","?","R","BOSS","M","M","?","BOSS"],"build_version":"2018-07-19v2","purchased_purges":3,"victory":true,"max_hp_per_floor":[70,70,70,70,70,70,70,70,70,70,70,70,70,80,80,80,80,80,80,80,80,80,80,80,80,80,80,80,80,80,80,80,80,80,80,80,80,80],"card_choices":[{"not_picked":["Underhanded Strike","Escape Plan"],"picked":"Poisoned Stab","floor":1},{"not_picked":["Terror","Cloak And Dagger"],"picked":"Dodge and Roll","floor":5},{"not_picked":["Deflect","Sucker Punch"],"picked":"Poisoned Stab","floor":6},{"not_picked":["Backstab","Infinite Blades"],"picked":"Adrenaline","floor":8},{"not_picked":["Well Laid Plans","Finisher"],"picked":"PiercingWail","floor":12},{"not_picked":["Choke","Dagger Spray"],"picked":"Bouncing Flask","floor":14},{"not_picked":["Doppelganger","Night Terror"],"picked":"Adrenaline","floor":16},{"not_picked":["Flying Knee","Dagger Spray"],"picked":"Catalyst+1","floor":18},{"not_picked":["Backflip+1","Dagger Spray"],"picked":"Skewer","floor":21},{"not_picked":["Sucker Punch+1","Accuracy"],"picked":"Deflect+1","floor":23},{"not_picked":["Cloak And Dagger+1","Quick Slash+1"],"picked":"Poisoned Stab+1","floor":24},{"not_picked":["A Thousand Cuts","Underhanded Strike","Acrobatics"],"picked":"SKIP","floor":27},{"not_picked":["Distraction","Quick Slash"],"picked":"Heel Hook+1","floor":29},{"not_picked":["Poisoned Stab+1","Eviscerate"],"picked":"Burst","floor":30},{"not_picked":["Flying Knee","Dagger Spray","Slice+1"],"picked":"SKIP","floor":31},{"not_picked":["Wraith Form v2","Venomology"],"picked":"Tools of the Trade","floor":33},{"not_picked":["Crippling Poison","Slice+1"],"picked":"Deadly Poison+1","floor":35},{"not_picked":["Blade Dance","Dodge and Roll+1"],"picked":"PiercingWail+1","floor":36}],"player_experience":143257,"relics_obtained":[{"floor":8,"key":"Lantern"},{"floor":9,"key":"Paper Crane"},{"floor":14,"key":"Pear"},{"floor":23,"key":"Pen Nib"},{"floor":26,"key":"War Paint"},{"floor":27,"key":"Bird Faced Urn"},{"floor":30,"key":"Meat on the Bone"}],"event_choices":[{"event_name":"Golden Wing","player_choice":"Card Removal","floor":2,"damage_taken":0},{"event_name":"Living Wall","player_choice":"Change","floor":3,"damage_taken":0},{"event_name":"The Cleric","player_choice":"Card Removal","floor":4,"damage_taken":0},{"event_name":"Big Fish","player_choice":"Box","floor":13,"damage_taken":0},{"event_name":"Nest","player_choice":"Stole From Cult","floor":20,"damage_taken":0},{"event_name":"The Mausoleum","player_choice":"Yes","floor":22,"damage_taken":0},{"event_name":"Upgrade Shrine","player_choice":"Upgraded","floor":28,"damage_taken":0},{"event_name":"SecretPortal","player_choice":"Took Portal.","floor":37,"damage_taken":0}],"is_beta":false,"boss_relics":[{"not_picked":["Snecko Eye","Pandora\u0027s Box"],"picked":"Sozu"},{"not_picked":["WristBlade","Tiny House"],"picked":"Ring of the Serpent"}],"items_purged_floors":[7,11,19],"is_endless":false,"potions_floor_spawned":[5,8,12,18,27,29,30,35],"ascension_level":2}