{"gold_per_floor":[115,115,115,130,148,175,175,208,208,241,191,191,223,73,73,172,172,184,184,202,202,222,222,222,237,237,237,255,272,272,304,304,408,408,418,57,68,68,83,83,110,110,189,218,238,253,253,270,270,270],"floor_reached":51,"playtime":4741,"items_purged":["Strike_G","Strike_G"],"score":1039,"play_id":"66805d0c-1655-4ef8-9c82-7a0e1911cba0","local_time":"20190208203605","is_ascension_mode":true,"campfire_choices":[{"data":"Dash","floor":7,"key":"SMITH"},{"floor":12,"key":"REST"},{"data":"Terror","floor":15,"key":"SMITH"},{"data":"Leg Sweep","floor":23,"key":"SMITH"},{"data":"Noxious Fumes","floor":27,"key":"SMITH"},{"data":"Backflip","floor":30,"key":"SMITH"},{"data":"Envenom","floor":32,"key":"SMITH"},{"data":"Burst","floor":40,"key":"SMITH"},{"data":"Adrenaline","floor":42,"key":"SMITH"},{"data":"Well Laid Plans","floor":47,"key":"SMITH"},{"floor":49,"key":"REST"}],"neow_cost":"NONE","seed_source_timestamp":804372545213800,"circlet_count":0,"master_deck":["Defend_G","Defend_G","Defend_G","Defend_G","Defend_G","Strike_G","Survivor","Neutralize+1","Dagger Spray+1","Dash+1","Quick Slash","Unload","Blur","PiercingWail+1","Terror+1","Adrenaline+1","Infinite Blades","Calculated Gamble","Leg Sweep+1","Noxious Fumes+1","Envenom+1","Backflip+1","Flechettes+1","After Image","Burst+1","Crippling Poison","Caltrops","Well Laid Plans+1","PiercingWail","Footwork+1","Footwork+1","Acrobatics+1","Catalyst+1","Leg Sweep+1","Noxious Fumes+1"],"relics":["Ring of the Snake","Bottled Lightning","Pantograph","Gremlin Horn","Boot","Ninja Scroll","Philosopher\u0027s Stone","PreservedInsect","Pen Nib","Orrery","Paper Crane","Bag of Marbles","Bottled Tornado","Art of War"],"potions_floor_usage":[10,31,33,33,41,41,45,50],"damage_taken":[{"damage":0,"enemies":"Small Slimes","floor":1,"turns":4},{"damage":0,"enemies":"2 Louse","floor":4,"turns":2},{"damage":0,"enemies":"Cultist","floor":5,"turns":3},{"damage":18,"enemies":"Gremlin Nob","floor":6,"turns":5},{"damage":7,"enemies":"3 Sentries","floor":8,"turns":6},{"damage":4,"enemies":"Lagavulin","floor":10,"turns":5},{"damage":0,"enemies":"3 Sentries","floor":13,"turns":4},{"damage":7,"enemies":"Slime Boss","floor":16,"turns":8},{"damage":8,"enemies":"2 Thieves","floor":18,"turns":3},{"damage":0,"enemies":"Shell Parasite","floor":20,"turns":3},{"damage":5,"enemies":"Snake Plant","floor":22,"turns":5},{"damage":2,"enemies":"Cultist and Chosen","floor":25,"turns":6},{"damage":11,"enemies":"Centurion and Healer","floor":28,"turns":6},{"damage":4,"enemies":"Shelled Parasite and Fungi","floor":29,"turns":4},{"damage":3,"enemies":"Book of Stabbing","floor":31,"turns":4},{"damage":52,"enemies":"Champ","floor":33,"turns":12},{"damage":0,"enemies":"3 Shapes","floor":35,"turns":7},{"damage":0,"enemies":"Orb Walker","floor":37,"turns":3},{"damage":0,"enemies":"Maw","floor":39,"turns":8},{"damage":4,"enemies":"Giant Head","floor":41,"turns":9},{"damage":0,"enemies":"Nemesis","floor":44,"turns":7},{"damage":16,"enemies":"3 Darklings","floor":45,"turns":4},{"damage":10,"enemies":"Sphere and 2 Shapes","floor":46,"turns":6},{"damage":2,"enemies":"Writhing Mass","floor":48,"turns":5},{"damage":26,"enemies":"Donu and Deca","floor":50,"turns":8}],"seed_played":"2655929054332402567","potions_obtained":[{"floor":1,"key":"SpeedPotion"},{"floor":4,"key":"Fire Potion"},{"floor":22,"key":"GamblersBrew"},{"floor":29,"key":"SkillPotion"},{"floor":31,"key":"LiquidBronze"},{"floor":35,"key":"Strength Potion"},{"floor":37,"key":"SkillPotion"},{"floor":41,"key":"Block Potion"},{"floor":46,"key":"Fire Potion"}],"is_trial":false,"path_per_floor":["M","?","$","M","M","E","R","E","T","E","?","R","E","$","R","B",null,"M","?","M","?","M","R","?","M","T","R","M","M","R","E","R","B",null,"M","$","M","?","M","R","E","R","T","E","M","M","R","M","R","B",null],"character_chosen":"THE_SILENT","items_purchased":["Terror","Paper Crane"],"campfire_rested":2,"item_purchase_floors":[14,36],"current_hp_per_floor":[63,63,63,63,63,45,45,38,38,34,34,55,55,55,55,63,68,60,60,60,60,55,55,55,53,53,53,42,38,38,35,35,8,55,55,55,55,55,55,55,51,51,51,51,35,25,25,23,44,43],"gold":270,"neow_bonus":"UPGRADE_CARD","is_prod":false,"is_daily":false,"chose_seed":false,"campfire_upgraded":9,"win_rate":0,"timestamp":1549629365,"path_taken":["M","?","$","M","M","E","R","E","T","E","?","R","E","$","R","BOSS","M","?","?","?","M","R","?","?","T","R","M","M","R","E","R","BOSS","M","$","M","?","M","R","E","R","T","E","?","M","R","M","R","BOSS"],"build_version":"2019-01-23","purchased_purges":2,"victory":true,"max_hp_per_floor":[70,70,70,70,70,70,70,70,70,70,70,70,70,70,70,70,70,70,70,70,70,70,70,70,70,70,70,70,70,70,70,70,70,70,70,70,70,70,70,70,70,70,70,70,70,70,70,70,70,70],"card_choices":[{"not_picked":["Terror","Poisoned Stab"],"picked":"Dagger Spray","floor":1},{"not_picked":["PiercingWail","Deflect"],"picked":"Dash","floor":4},{"not_picked":["Poisoned Stab","Escape Plan"],"picked":"Quick Slash","floor":5},{"not_picked":["Flying Knee","Deflect"],"picked":"Unload","floor":6},{"not_picked":["Predator","Slice"],"picked":"Blur","floor":8},{"not_picked":["Catalyst","Noxious Fumes"],"picked":"PiercingWail","floor":10},{"not_picked":["Dagger Throw","Blade Dance","Deadly Poison"],"picked":"SKIP","floor":13},{"not_picked":["Grand Finale","Storm of Steel"],"picked":"Adrenaline","floor":16},{"not_picked":["PiercingWail","Dagger Throw"],"picked":"Infinite Blades","floor":18},{"not_picked":["Quick Slash","Heel Hook"],"picked":"Calculated Gamble","floor":20},{"not_picked":["Cloak And Dagger+1","Poisoned Stab"],"picked":"Leg Sweep","floor":22},{"not_picked":["Deadly Poison","Acrobatics"],"picked":"Envenom","floor":25},{"not_picked":["Acrobatics+1","Endless Agony"],"picked":"Backflip","floor":28},{"not_picked":["Finisher","Dodge and Roll"],"picked":"Flechettes+1","floor":29},{"not_picked":["Blade Dance","Noxious Fumes+1"],"picked":"After Image","floor":31},{"not_picked":["Phantasmal Killer","Doppelganger"],"picked":"Burst","floor":33},{"not_picked":["Blade Dance","Backflip"],"picked":"Crippling Poison","floor":34},{"not_picked":["Acrobatics","Riddle With Holes"],"picked":"Caltrops","floor":34},{"not_picked":["Outmaneuver+1","Underhanded Strike"],"picked":"Well Laid Plans","floor":34},{"not_picked":["Slice+1","Concentrate+1"],"picked":"PiercingWail","floor":35},{"not_picked":["Sucker Punch+1","PiercingWail"],"picked":"Footwork+1","floor":37},{"not_picked":["Slice+1","Flechettes","Blade Dance"],"picked":"SKIP","floor":39},{"not_picked":["Dagger Throw+1","Grand Finale"],"picked":"Acrobatics+1","floor":41},{"not_picked":["Terror","Dagger Spray+1"],"picked":"Catalyst+1","floor":44},{"not_picked":["Underhanded Strike","Reflex"],"picked":"Leg Sweep+1","floor":45},{"not_picked":["Underhanded Strike+1","Masterful Stab+1","Deflect+1"],"picked":"SKIP","floor":46},{"not_picked":["Reflex","Prepared"],"picked":"Noxious Fumes+1","floor":48}],"player_experience":354897,"relics_obtained":[{"floor":6,"key":"Bottled Lightning"},{"floor":8,"key":"Pantograph"},{"floor":9,"key":"Gremlin Horn"},{"floor":10,"key":"Boot"},{"floor":13,"key":"Ninja Scroll"},{"floor":26,"key":"PreservedInsect"},{"floor":31,"key":"Pen Nib"},{"floor":41,"key":"Bag of Marbles"},{"floor":43,"key":"Bottled Tornado"},{"floor":44,"key":"Art of War"}],"event_choices":[{"damage_healed":0,"gold_gain":0,"player_choice":"Grow","damage_taken":0,"max_hp_gain":0,"max_hp_loss":0,"event_name":"Living Wall","floor":2,"gold_loss":0,"cards_upgraded":["Dagger Spray"]},{"cards_removed":["Strike_G"],"damage_healed":0,"gold_gain":0,"player_choice":"Card Removal","damage_taken":0,"max_hp_gain":0,"max_hp_loss":0,"event_name":"The Cleric","floor":11,"gold_loss":50},{"damage_healed":0,"gold_gain":0,"player_choice":"Upgraded","damage_taken":0,"max_hp_gain":0,"max_hp_loss":0,"event_name":"Upgrade Shrine","floor":19,"gold_loss":0,"cards_upgraded":["PiercingWail"]},{"damage_healed":0,"gold_gain":0,"player_choice":"Ignored","damage_taken":0,"max_hp_gain":0,"max_hp_loss":0,"event_name":"Ghosts","floor":21,"gold_loss":0},{"damage_healed":0,"gold_gain":0,"cards_transformed":["Strike_G"],"player_choice":"Transformed","damage_taken":0,"max_hp_gain":0,"max_hp_loss":0,"event_name":"Transmorgrifier","floor":24,"gold_loss":0,"cards_obtained":["Noxious Fumes"]},{"damage_healed":0,"gold_gain":0,"player_choice":"Copied","damage_taken":0,"max_hp_gain":0,"max_hp_loss":0,"event_name":"Duplicator","floor":38,"gold_loss":0,"cards_obtained":["Footwork"]}],"is_beta":false,"boss_relics":[{"not_picked":["Lizard Tail","HoveringKite"],"picked":"Philosopher\u0027s Stone"},{"not_picked":["WristBlade","Pandora\u0027s Box"],"picked":"Orrery"}],"items_purged_floors":[14,36],"is_endless":false,"potions_floor_spawned":[1,4,22,29,31,35,37,41,46],"ascension_level":6}