{"gold_per_floor":[116,116,131,131,19,50,75,75,124,158,158,193,214,239,239,369,369,388,55,55,69,69,69,112,37,37,56,56,56],"floor_reached":29,"playtime":2018,"items_purged":["Strike_R"],"score":378,"play_id":"cbb98deb-530a-4586-9fed-7fe2925016ec","local_time":"20180906222012","is_ascension_mode":true,"campfire_choices":[{"floor":8,"key":"REST"},{"floor":11,"key":"REST"},{"data":"Uppercut","floor":15,"key":"SMITH"},{"data":"Corruption","floor":23,"key":"SMITH"},{"floor":28,"key":"REST"}],"neow_cost":"","seed_source_timestamp":0,"circlet_count":0,"master_deck":["Strike_R","Strike_R","Strike_R","Defend_R","Defend_R","Defend_R+1","Defend_R+1","Bash","Anger","Havoc","Battle Trance","Anger","Metallicize","Ghostly Armor","Uppercut+1","Dark Embrace","Infernal Blade","Corruption+1","The Bomb","True Grit","Warcry","RitualDagger","Bloodletting","Inflame","Warcry"],"special_seed":0,"relics":["Burning Blood","Golden Idol","Potion Belt","Bronze Scales","Happy Flower","War Paint","Lizard Tail","Anchor","Calipers","Omamori"],"potions_floor_usage":[21,21],"damage_taken":[{"damage":3,"enemies":"Jaw Worm","floor":1,"turns":6},{"damage":6,"enemies":"2 Louse","floor":3,"turns":4},{"damage":40,"enemies":"3 Sentries","floor":6,"turns":8},{"damage":9,"enemies":"Small Slimes","floor":7,"turns":3},{"damage":25,"enemies":"Gremlin Nob","floor":10,"turns":3},{"damage":24,"enemies":"Lagavulin","floor":12,"turns":6},{"damage":0,"enemies":"Exordium Wildlife","floor":13,"turns":4},{"damage":0,"enemies":"Exordium Thugs","floor":14,"turns":4},{"damage":7,"enemies":"Hexaghost","floor":16,"turns":9},{"damage":8,"enemies":"Chosen","floor":18,"turns":4},{"damage":12,"enemies":"2 Thieves","floor":21,"turns":3},{"damage":48,"enemies":"Book of Stabbing","floor":24,"turns":6},{"damage":8,"enemies":"3 Cultists","floor":27,"turns":4},{"damage":25,"enemies":"Centurion and Healer","floor":29,"turns":5}],"seed_played":"4627661232013487119","potions_obtained":[{"floor":7,"key":"LiquidBronze"},{"floor":10,"key":"SmokeBomb"},{"floor":13,"key":"AttackPotion"},{"floor":16,"key":"SteroidPotion"},{"floor":27,"key":"PowerPotion"}],"is_trial":false,"path_per_floor":["M","?","M","?","$","E","M","R","T","E","R","E","M","M","R","B",null,"M","$","?","M","?","R","E","?","T","M","R"],"character_chosen":"IRONCLAD","items_purchased":["Battle Trance","Corruption","The Bomb","True Grit","Warcry"],"campfire_rested":3,"item_purchase_floors":[5,19,19,19,19],"current_hp_per_floor":[75,80,80,59,59,25,22,47,47,28,53,35,41,47,47,46,75,73,73,67,61,61,61,19,19,19,17,42,17],"gold":56,"neow_bonus":"","is_prod":false,"is_daily":false,"chose_seed":false,"campfire_upgraded":2,"win_rate":0,"timestamp":1536265212,"path_taken":["M","?","M","?","?","E","M","R","T","E","R","E","?","M","R","BOSS","M","$","?","?","?","R","E","?","T","M","R","M"],"build_version":"2018-08-30","purchased_purges":1,"victory":false,"max_hp_per_floor":[80,85,85,85,85,85,85,85,85,85,85,85,85,85,85,85,85,85,85,85,85,85,85,85,85,85,85,85,85],"card_choices":[{"not_picked":["Pommel Strike","Body Slam"],"picked":"Anger","floor":1},{"not_picked":["Pommel Strike","Combust"],"picked":"Havoc","floor":3},{"not_picked":["Wild Strike","Headbutt"],"picked":"Anger","floor":6},{"not_picked":["Heavy Blade","Thunderclap"],"picked":"Metallicize","floor":7},{"not_picked":["Reckless Charge","Armaments"],"picked":"Ghostly Armor","floor":10},{"not_picked":["Limit Break","Cleave","Blood for Blood"],"picked":"SKIP","floor":12},{"not_picked":["Sword Boomerang","Shockwave"],"picked":"Uppercut","floor":13},{"not_picked":["Blood for Blood","Twin Strike","Iron Wave"],"picked":"SKIP","floor":14},{"not_picked":["Exhume","Fiend Fire"],"picked":"Dark Embrace","floor":16},{"not_picked":["Searing Blow","Shockwave+1"],"picked":"Infernal Blade","floor":18},{"not_picked":["Twin Strike+1","Shockwave"],"picked":"Bloodletting","floor":21},{"not_picked":["Armaments","Twin Strike"],"picked":"Inflame","floor":24},{"not_picked":["Pommel Strike+1","Uppercut"],"picked":"Warcry","floor":27}],"player_experience":377697,"relics_obtained":[{"floor":6,"key":"Potion Belt"},{"floor":9,"key":"Bronze Scales"},{"floor":10,"key":"Happy Flower"},{"floor":12,"key":"War Paint"},{"floor":24,"key":"Calipers"},{"floor":26,"key":"Omamori"}],"event_choices":[{"event_name":"Big Fish","player_choice":"Donut","floor":2,"damage_taken":0},{"event_name":"Golden Idol","player_choice":"Take Damage","floor":4,"damage_taken":0},{"event_name":"Nest","player_choice":"Joined the Cult","floor":20,"damage_taken":0},{"event_name":"WeMeetAgain","player_choice":"Potion","floor":22,"damage_taken":0},{"event_name":"Beggar","player_choice":"Gave Gold","floor":25,"damage_taken":0}],"is_beta":false,"boss_relics":[{"not_picked":["Fusion Hammer","Busted Crown"],"picked":"Lizard Tail"}],"items_purged_floors":[5],"is_endless":false,"potions_floor_spawned":[7,10,13,16,27],"killed_by":"Centurion and Healer","ascension_level":9}