{"gold_per_floor":[113,413,413,426,446,446,464,5,5,29,47,72,72,72,72,193,193,206,206,206,206,206,249,272,272],"floor_reached":25,"playtime":5053,"items_purged":["Strike_G"],"score":249,"play_id":"a3fff9c6-4f3e-4895-bdc3-242bd9ac20d3","local_time":"20190119201054","is_ascension_mode":true,"campfire_choices":[{"floor":6,"key":"REST"},{"floor":15,"key":"REST"}],"neow_cost":"PERCENT_DAMAGE","seed_source_timestamp":28032705224209,"circlet_count":0,"master_deck":["Defend_G","Defend_G","Defend_G","Defend_G","Defend_G","Survivor","Neutralize","Corpse Explosion","Glass Knife","Backflip","Bane","Backstab","Burst","RitualDagger","Necronomicurse","Bite","Bite","Bite","Bite","Bite","Trip","Poisoned Stab"],"relics":["Ring of the Snake","Old Coin","Golden Idol","Blood Vial","The Courier","HoveringKite","Necronomicon","Strawberry"],"potions_floor_usage":[16,16,18],"damage_taken":[{"damage":12,"enemies":"Cultist","floor":1,"turns":5},{"damage":5,"enemies":"Small Slimes","floor":4,"turns":4},{"damage":0,"enemies":"Jaw Worm","floor":5,"turns":5},{"damage":0,"enemies":"Lots of Slimes","floor":7,"turns":1},{"damage":13,"enemies":"Exordium Thugs","floor":10,"turns":9},{"damage":4,"enemies":"2 Fungi Beasts","floor":11,"turns":4},{"damage":13,"enemies":"Exordium Wildlife","floor":12,"turns":4},{"damage":37,"enemies":"Slime Boss","floor":16,"turns":13},{"damage":11,"enemies":"Chosen","floor":18,"turns":6},{"damage":29,"enemies":"Slavers","floor":23,"turns":3},{"damage":26,"enemies":"Shell Parasite","floor":24,"turns":9},{"damage":15,"enemies":"Centurion and Healer","floor":25,"turns":4}],"seed_played":"3665013520289864339","potions_obtained":[{"floor":1,"key":"Swift Potion"},{"floor":5,"key":"SpeedPotion"},{"floor":7,"key":"Regen Potion"},{"floor":24,"key":"Dexterity Potion"}],"is_trial":false,"path_per_floor":["M","T","?","M","M","R","M","$","T","M","M","M","?","$","R","B",null,"M","?","?","?","?","E","M","M"],"character_chosen":"THE_SILENT","items_purchased":["Blood Vial","Bane","Magnetism"],"campfire_rested":2,"item_purchase_floors":[8,8,8],"current_hp_per_floor":[37,37,20,15,15,36,36,36,36,25,23,12,12,12,33,13,70,59,53,37,37,37,21,7,0],"gold":272,"neow_bonus":"THREE_RARE_CARDS","is_prod":false,"is_daily":false,"chose_seed":false,"campfire_upgraded":0,"win_rate":0,"timestamp":1547925054,"path_taken":["M","?","?","M","M","R","M","?","T","?","M","M","?","?","R","BOSS","M","?","?","?","?","E","M","?"],"build_version":"2019-01-17v2","purchased_purges":1,"victory":false,"max_hp_per_floor":[70,70,70,70,70,70,70,70,70,70,70,70,70,70,70,70,70,70,70,70,49,49,56,56,56],"card_choices":[{"not_picked":["Venomology","Glass Knife"],"picked":"Corpse Explosion","floor":0},{"not_picked":["Dagger Spray","Deflect","PiercingWail"],"picked":"SKIP","floor":1},{"not_picked":["Blade Dance","Dagger Spray"],"picked":"Glass Knife","floor":4},{"not_picked":["Outmaneuver","Masterful Stab","Cloak And Dagger"],"picked":"SKIP","floor":5},{"not_picked":["Distraction","Quick Slash"],"picked":"Backflip","floor":7},{"not_picked":["Finisher","Underhanded Strike","Masterful Stab"],"picked":"SKIP","floor":10},{"not_picked":["Slice","Cloak And Dagger"],"picked":"Backstab","floor":11},{"not_picked":["Calculated Gamble","Sucker Punch","Accuracy"],"picked":"SKIP","floor":12},{"not_picked":["After Image","Storm of Steel"],"picked":"Burst","floor":16},{"not_picked":["Dagger Spray","Quick Slash","Dagger Throw"],"picked":"SKIP","floor":18},{"not_picked":["Prepared","Slice"],"picked":"Poisoned Stab","floor":23},{"not_picked":["Dodge and Roll","Well Laid Plans","Dagger Spray"],"picked":"SKIP","floor":24}],"player_experience":29080,"relics_obtained":[{"floor":2,"key":"Old Coin"},{"floor":9,"key":"The Courier"},{"floor":20,"key":"Necronomicon"},{"floor":23,"key":"Strawberry"}],"event_choices":[{"damage_healed":0,"gold_gain":0,"player_choice":"Take Damage","damage_taken":17,"relics_obtained":["Golden Idol"],"max_hp_gain":0,"max_hp_loss":0,"event_name":"Golden Idol","floor":3,"gold_loss":0},{"damage_healed":0,"gold_gain":0,"player_choice":"Bought 0 Potions","damage_taken":0,"max_hp_gain":0,"max_hp_loss":0,"event_name":"The Woman in Blue","floor":13,"gold_loss":0},{"damage_healed":0,"gold_gain":0,"player_choice":"Joined the Cult","damage_taken":6,"max_hp_gain":0,"max_hp_loss":0,"event_name":"Nest","floor":19,"gold_loss":0,"cards_obtained":["RitualDagger"]},{"damage_healed":0,"gold_gain":0,"player_choice":"Obtained Book","damage_taken":16,"max_hp_gain":0,"max_hp_loss":0,"event_name":"Cursed Tome","floor":20,"gold_loss":0},{"damage_healed":0,"gold_gain":0,"player_choice":"Became a vampire","damage_taken":0,"max_hp_gain":0,"max_hp_loss":21,"event_name":"Vampires","floor":21,"gold_loss":0,"cards_obtained":["Bite","Bite","Bite","Bite","Bite"]},{"damage_healed":0,"gold_gain":0,"cards_transformed":["Magnetism"],"player_choice":"Transformed","damage_taken":0,"max_hp_gain":0,"max_hp_loss":0,"event_name":"Transmorgrifier","floor":22,"gold_loss":0,"cards_obtained":["Trip"]}],"is_beta":false,"boss_relics":[{"not_picked":["Snecko Eye","Ring of the Serpent"],"picked":"HoveringKite"}],"items_purged_floors":[8],"is_endless":false,"potions_floor_spawned":[1,5,7,24],"killed_by":"Centurion and Healer","ascension_level":1}