{"gold_per_floor":[113,188,200,76,76,76,102,102,102,102,127,148,148,134,134,229,229,253,243,96,109,109],"floor_reached":22,"playtime":820,"items_purged":["Decay","Strike_B"],"score":308,"play_id":"d690795d-09cc-45f3-a786-51f52f1b1a0f","local_time":"20190221133600","is_ascension_mode":true,"campfire_choices":[{"data":"Zap","floor":6.0,"key":"SMITH"},{"data":"White Noise","floor":13.0,"key":"SMITH"},{"data":"Conserve Battery","floor":15.0,"key":"SMITH"}],"neow_cost":"CURSE","seed_source_timestamp":753444919761598,"circlet_count":0,"master_deck":["AscendersBane","Strike_B","Strike_B","Strike_B","Defend_B","Defend_B","Defend_B","Defend_B","Zap+1","Dualcast+1","Cold Snap","Conserve Battery+1","Cold Snap","BootSequence","White Noise+1","Conserve Battery","Sweeping Beam","Echo Form","Turbo","Go for the Eyes"],"special_seed":0,"relics":["Cracked Core","FossilizedHelix","Golden Idol","Odd Mushroom","Oddly Smooth Stone","Inserter"],"potions_floor_usage":[],"damage_taken":[{"damage":3.0,"enemies":"Jaw Worm","floor":1.0,"turns":4.0},{"damage":0.0,"enemies":"Small Slimes","floor":3.0,"turns":3.0},{"damage":6.0,"enemies":"The Mushroom Lair","floor":7.0,"turns":4.0},{"damage":0.0,"enemies":"Cultist","floor":11.0,"turns":3.0},{"damage":0.0,"enemies":"Looter","floor":12.0,"turns":3.0},{"damage":0.0,"enemies":"Exordium Thugs","floor":14.0,"turns":4.0},{"damage":25,"enemies":"Hexaghost","floor":16,"turns":15},{"damage":8,"enemies":"Shell Parasite","floor":18,"turns":8},{"damage":11,"enemies":"2 Thieves","floor":19,"turns":4},{"damage":15,"enemies":"Centurion and Healer","floor":21,"turns":12},{"damage":32,"enemies":"3 Cultists","floor":22,"turns":4}],"seed_played":"3762687990410105461","potions_obtained":[{"floor":1.0,"key":"Weak Potion"},{"floor":7.0,"key":"SpeedPotion"}],"is_trial":false,"path_per_floor":["M","?","M","$","?","R","?","?","T","?","M","M","R","M","R","B",null,"M","M","$","M","M"],"character_chosen":"DEFECT","items_purchased":["Cold Snap","Go for the Eyes"],"campfire_rested":0,"item_purchase_floors":[4,20],"current_hp_per_floor":[61,50,50,50,50,50,44,49,49,49,49,49,49,49,49,24,58,50,39,39,24,0],"gold":109,"neow_bonus":"ONE_RARE_RELIC","is_prod":false,"is_daily":false,"chose_seed":false,"campfire_upgraded":3,"win_rate":0,"timestamp":1550777760,"path_taken":["M","?","M","$","?","R","?","?","T","?","M","?","R","M","R","BOSS","M","M","$","M","M"],"build_version":"2019-01-23","purchased_purges":2,"victory":false,"max_hp_per_floor":[71,71,71,71,64,64,64,69,69,69,69,69,69,69,69,69,69,69,69,69,69,69],"card_choices":[{"not_picked":["Compile Driver","Leap"],"picked":"Cold Snap","floor":1.0},{"not_picked":["Gash","Hologram"],"picked":"Conserve Battery","floor":3.0},{"not_picked":["Fusion","Beam Cell"],"picked":"BootSequence","floor":7.0},{"not_picked":["Beam Cell","Steam"],"picked":"White Noise","floor":11.0},{"not_picked":["Rebound","Stack"],"picked":"Conserve Battery","floor":12.0},{"not_picked":["Turbo","Conserve Battery"],"picked":"Sweeping Beam","floor":14.0},{"not_picked":["Multi-Cast","Machine Learning"],"picked":"Echo Form","floor":16},{"not_picked":["Streamline","Sweeping Beam"],"picked":"Turbo","floor":18},{"not_picked":["Steam","Turbo+1","Hologram"],"picked":"SKIP","floor":19},{"not_picked":["Steam","Turbo","BootSequence"],"picked":"SKIP","floor":21}],"player_experience":197720,"relics_obtained":[{"floor":7.0,"key":"Odd Mushroom"},{"floor":9.0,"key":"Oddly Smooth Stone"}],"event_choices":[{"damage_healed":0.0,"max_hp_gain":0.0,"max_hp_loss":0.0,"gold_gain":75.0,"event_name":"World of Goop","player_choice":"Gather Gold","floor":2.0,"gold_loss":0.0,"damage_taken":11.0},{"damage_healed":0.0,"max_hp_gain":0.0,"max_hp_loss":7.0,"gold_gain":0.0,"event_name":"Golden Idol","player_choice":"Lose Max HP","floor":5.0,"gold_loss":0.0,"damage_taken":0.0,"relics_obtained":["Golden Idol"]},{"damage_healed":0.0,"max_hp_gain":0.0,"max_hp_loss":0.0,"gold_gain":0.0,"event_name":"Mushrooms","player_choice":"Fought Mushrooms","floor":7.0,"gold_loss":0.0,"damage_taken":0.0},{"damage_healed":0.0,"max_hp_gain":5.0,"max_hp_loss":0.0,"gold_gain":0.0,"event_name":"Big Fish","player_choice":"Donut","floor":8.0,"gold_loss":0.0,"damage_taken":0.0},{"damage_healed":0.0,"max_hp_gain":0.0,"max_hp_loss":0.0,"gold_gain":0.0,"event_name":"Upgrade Shrine","player_choice":"Upgraded","floor":10.0,"gold_loss":0.0,"damage_taken":0.0,"cards_upgraded":["Dualcast"]}],"is_beta":false,"boss_relics":[{"not_picked":["Calling Bell","White Beast Statue"],"picked":"Inserter"}],"items_purged_floors":[4,20],"is_endless":false,"potions_floor_spawned":[1,7,12],"killed_by":"3 Cultists","ascension_level":15}