{"gold_per_floor":[114,114,132,147,147,147,167,202,202,215,215,235,235,235,235,330,330,343,188,113,93,93],"floor_reached":22,"playtime":935,"items_purged":["Strike_B"],"score":214,"play_id":"7d1506f2-e74b-47a4-b897-3077eea0ed25","local_time":"20190110201543","is_ascension_mode":true,"campfire_choices":[{"data":"Defragment","floor":6.0,"key":"SMITH"},{"floor":13,"key":"REST"},{"floor":15,"key":"REST"}],"neow_cost":"PERCENT_DAMAGE","seed_source_timestamp":150618844538291,"circlet_count":0,"master_deck":["Defend_B","Defend_B","Defend_B","Defend_B","Zap","Dualcast","Defragment+1","Coolheaded","Compile Driver","Creative AI","Coolheaded","Leap","White Noise","Amplify","Blizzard+1","Loop","Turbo"],"special_seed":0,"relics":["Cracked Core","Girya","DataDisk","Bronze Scales","Black Star"],"potions_floor_usage":[21,22],"damage_taken":[{"damage":4.0,"enemies":"Jaw Worm","floor":1.0,"turns":4.0},{"damage":0.0,"enemies":"Cultist","floor":3.0,"turns":3.0},{"damage":0.0,"enemies":"Small Slimes","floor":4.0,"turns":3.0},{"damage":17.0,"enemies":"3 Louse","floor":7.0,"turns":3.0},{"damage":32.0,"enemies":"Lagavulin","floor":8.0,"turns":9.0},{"damage":3,"enemies":"Blue Slaver","floor":10,"turns":4},{"damage":0,"enemies":"Looter","floor":12,"turns":4},{"damage":5,"enemies":"Hexaghost","floor":16,"turns":10},{"damage":17,"enemies":"Spheric Guardian","floor":18,"turns":5},{"damage":17,"enemies":"2 Thieves","floor":21,"turns":4},{"damage":50,"enemies":"Snecko","floor":22,"turns":6}],"seed_played":"961062831187368459","potions_obtained":[{"floor":4.0,"key":"Block Potion"},{"floor":8.0,"key":"SkillPotion"},{"floor":12,"key":"Poison Potion"}],"is_trial":false,"path_per_floor":["M","?","M","M","?","R","M","E","T","M","?","M","R","?","R","B",null,"M","$","?","M","M"],"character_chosen":"DEFECT","items_purchased":["Loop"],"campfire_rested":2,"item_purchase_floors":[19],"current_hp_per_floor":[50,50,50,50,55,55,38,6,6,3,3,3,27,20,44,39,80,63,63,63,46,0],"gold":93,"neow_bonus":"ONE_RARE_RELIC","is_prod":false,"is_daily":false,"chose_seed":false,"campfire_upgraded":1,"win_rate":0,"timestamp":1547172943,"path_taken":["M","?","M","?","?","R","M","E","T","M","?","M","R","?","R","BOSS","M","$","?","M","M"],"build_version":"2019-01-03v4","purchased_purges":1,"victory":false,"max_hp_per_floor":[75,75,75,75,80,80,80,80,80,80,80,80,80,80,80,80,80,80,80,80,80,80],"card_choices":[{"not_picked":["Streamline","Coolheaded"],"picked":"Defragment","floor":1.0},{"not_picked":["Reprogram","Conserve Battery"],"picked":"Coolheaded","floor":3.0},{"not_picked":["Turbo","Beam Cell"],"picked":"Compile Driver","floor":4.0},{"not_picked":["Compile Driver","Hologram"],"picked":"Creative AI","floor":7.0},{"not_picked":["Reprogram","Storm"],"picked":"Coolheaded","floor":8.0},{"not_picked":["Gash","Compile Driver"],"picked":"Leap","floor":10},{"not_picked":["Streamline","Tempest"],"picked":"White Noise","floor":12},{"not_picked":["Meteor Strike","Hyperbeam"],"picked":"Amplify","floor":16},{"not_picked":["Streamline+1","Coolheaded"],"picked":"Blizzard+1","floor":18},{"not_picked":["Heatsinks","Self Repair"],"picked":"Turbo","floor":21}],"player_experience":86170,"relics_obtained":[{"floor":8.0,"key":"DataDisk"},{"floor":9.0,"key":"Bronze Scales"}],"event_choices":[{"cards_removed":["Strike_B"],"damage_healed":0.0,"max_hp_gain":0.0,"max_hp_loss":0.0,"gold_gain":0.0,"event_name":"Purifier","player_choice":"Purged","floor":2.0,"gold_loss":0.0,"damage_taken":0.0},{"damage_healed":0.0,"max_hp_gain":5.0,"max_hp_loss":0.0,"gold_gain":0.0,"event_name":"Big Fish","player_choice":"Donut","floor":5.0,"gold_loss":0.0,"damage_taken":0.0},{"damage_healed":0,"gold_gain":0,"player_choice":"Ignored","damage_taken":0,"max_hp_gain":0,"max_hp_loss":0,"event_name":"Shining Light","floor":11,"gold_loss":0},{"cards_removed":["Strike_B"],"damage_healed":0,"gold_gain":0,"player_choice":"Card Removal","damage_taken":7,"max_hp_gain":0,"max_hp_loss":0,"event_name":"Golden Wing","floor":14,"gold_loss":0},{"cards_removed":["Strike_B"],"damage_healed":0,"gold_gain":0,"player_choice":"Gave Gold","damage_taken":0,"max_hp_gain":0,"max_hp_loss":0,"event_name":"Beggar","floor":20,"gold_loss":75}],"is_beta":false,"boss_relics":[{"not_picked":["Fusion Hammer","Snecko Eye"],"picked":"Black Star"}],"items_purged_floors":[19],"is_endless":false,"potions_floor_spawned":[4,8,12,16],"killed_by":"Snecko","ascension_level":3}