{"path_per_floor":["M","M","M","?","M","E","M","M","T","M","M","?","?","$","R"],"character_chosen":"DEFECT","items_purchased":["Ancient Tea Set"],"gold_per_floor":[117,132,151,151,168,194,211,229,229,244,263,263,263,106,106,106],"floor_reached":16,"campfire_rested":1,"playtime":1064,"current_hp_per_floor":[75,70,64,64,54,40,35,30,30,5,5,30,30,30,52,0],"items_purged":[],"gold":106,"score":106,"play_id":"90aae8b4-2a79-495e-a554-22bd966ecec2","local_time":"20180429130706","is_prod":false,"is_daily":false,"chose_seed":false,"is_ascension_mode":false,"campfire_upgraded":0,"timestamp":1524971226,"path_taken":["M","M","?","?","M","E","M","M","T","?","?","?","?","$","R","BOSS"],"build_version":"2018-04-27v3","seed_source_timestamp":130501397482810,"purchased_purges":0,"victory":false,"master_deck":["Strike_B","Strike_B","Strike_B","Defend_B","Defend_B","Defend_B","Defend_B","Zap","Dualcast","Rainbow","Ball Lightning","Stack","Cold Snap","Fusion","Leap","Auto Shields","Redo","Cold Snap","Stack","Leap"],"max_hp_per_floor":[75,75,75,75,75,75,75,75,75,75,75,75,75,75,75,75],"relics":["Cracked Core","Frozen Egg 2","Matryoshka","Ancient Tea Set"],"card_choices":[{"not_picked":["Hologram","Darkness"],"picked":"Ball Lightning","floor":1},{"not_picked":["Steam Power","Axe Kick"],"picked":"Stack","floor":2},{"not_picked":["Streamline","Sweeping Beam"],"picked":"Cold Snap","floor":3},{"not_picked":["Barrage","Hologram"],"picked":"Leap","floor":5},{"not_picked":["Barrage","Coolheaded"],"picked":"Auto Shields","floor":6},{"not_picked":["Coolheaded","Blaster"],"picked":"Redo","floor":7},{"not_picked":["Skim","Sweeping Beam"],"picked":"Cold Snap","floor":8},{"not_picked":["Skim","Static Discharge"],"picked":"Stack","floor":10},{"not_picked":["Genetic Algorithm","Barrage"],"picked":"Leap","floor":11}],"player_experience":3955,"potions_floor_usage":[5],"damage_taken":[{"damage":0,"enemies":"Cultist","floor":1,"turns":3},{"damage":5,"enemies":"2 Louse","floor":2,"turns":2},{"damage":6,"enemies":"Jaw Worm","floor":3,"turns":2},{"damage":10,"enemies":"Exordium Thugs","floor":5,"turns":4},{"damage":14,"enemies":"3 Sentries","floor":6,"turns":13},{"damage":5,"enemies":"2 Fungi Beasts","floor":7,"turns":3},{"damage":5,"enemies":"3 Louse","floor":8,"turns":3},{"damage":25,"enemies":"Exordium Thugs","floor":10,"turns":6},{"damage":0,"enemies":"2 Fungi Beasts","floor":11,"turns":3},{"damage":58,"enemies":"Slime Boss","floor":16,"turns":11}],"event_choices":[{"event_name":"Transmorgrifier","player_choice":"Transform","floor":4,"damage_taken":0},{"event_name":"Big Fish","player_choice":"Banana","floor":12,"damage_taken":0},{"event_name":"Golden Wing","player_choice":"Ignored","floor":13,"damage_taken":0}],"boss_relics":[],"potions_floor_spawned":[2,3,7,10],"seed_played":"-4012975288631321561","killed_by":"Slime Boss","ascension_level":0,"is_trial":false}