{"gold_per_floor":[109,109,30,30,30,30,65,42,42,61,71,87,87,101,101,196,196,208,208,222,9,9,9,9,26,102,32,32],"floor_reached":28,"playtime":777,"items_purged":["Auto Shields"],"score":335,"play_id":"65bdb36a-ecf4-46ae-8cfe-e7aa6a4e4ac7","local_time":"20190214112158","is_ascension_mode":true,"campfire_choices":[{"data":"Defragment","floor":6,"key":"SMITH"},{"floor":15,"key":"REST"},{"floor":23,"key":"REST"}],"neow_cost":"NONE","seed_source_timestamp":63493252581567,"circlet_count":0,"master_deck":["AscendersBane","Strike_B","Defend_B","Defend_B","Defend_B","Defend_B","Zap+1","Dualcast","Leap","Defragment+1","Conserve Battery","Turbo","Echo Form","Leap","Hologram","Hologram","Creative AI","Steam+1","Darkness","Electrodynamics","Capacitor"],"relics":["Cracked Core","Unceasing Top","Kunai","Ice Cream","Busted Crown","Enchiridion","Singing Bowl"],"potions_floor_usage":[16,16,20],"damage_taken":[{"damage":0,"enemies":"2 Louse","floor":1,"turns":2},{"damage":22,"enemies":"3 Sentries","floor":7,"turns":7},{"damage":7,"enemies":"Jaw Worm","floor":10,"turns":3},{"damage":0,"enemies":"Small Slimes","floor":11,"turns":4},{"damage":1,"enemies":"Exordium Thugs","floor":12,"turns":4},{"damage":20,"enemies":"3 Louse","floor":14,"turns":4},{"damage":14,"enemies":"Hexaghost","floor":16,"turns":8},{"damage":6,"enemies":"Shell Parasite","floor":18,"turns":7},{"damage":15,"enemies":"Chosen","floor":20,"turns":6},{"damage":9,"enemies":"Centurion and Healer","floor":25,"turns":6},{"damage":45,"enemies":"3 Cultists","floor":28,"turns":4}],"seed_played":"6626524352765444797","potions_obtained":[{"floor":1,"key":"Ancient Potion"},{"floor":11,"key":"SteroidPotion"},{"floor":12,"key":"Strength Potion"},{"floor":14,"key":"AttackPotion"},{"floor":18,"key":"Weak Potion"},{"floor":20,"key":"SpeedPotion"}],"is_trial":false,"path_per_floor":["M","?","$","$","?","R","E","$","T","M","M","M","?","M","R","B",null,"M","?","M","$","?","R","?","M","T","$","M"],"character_chosen":"DEFECT","items_purchased":["Defragment","Turbo","Electrodynamics","Capacitor"],"campfire_rested":2,"item_purchase_floors":[3,8,21,27],"current_hp_per_floor":[68,68,68,68,68,68,46,46,46,39,39,38,38,18,40,26,63,57,57,42,42,42,64,48,39,39,39,0],"gold":32,"neow_bonus":"UPGRADE_CARD","is_prod":false,"is_daily":false,"chose_seed":false,"campfire_upgraded":1,"win_rate":0,"timestamp":1550161318,"path_taken":["M","?","?","$","?","R","E","$","T","?","M","M","?","M","R","BOSS","M","?","M","$","?","R","?","M","T","$","M"],"build_version":"2019-01-23","purchased_purges":1,"victory":false,"max_hp_per_floor":[75,75,75,75,75,75,75,75,75,75,75,75,75,75,75,75,75,75,75,75,75,75,75,75,75,75,75,75],"card_choices":[{"not_picked":["Chaos","Redo"],"picked":"Leap","floor":1},{"not_picked":["Chaos","Consume"],"picked":"Conserve Battery","floor":7},{"not_picked":["Stack","Streamline"],"picked":"Echo Form","floor":10},{"not_picked":["Recycle","Barrage"],"picked":"Leap","floor":11},{"not_picked":["Compile Driver","Stack"],"picked":"Hologram","floor":12},{"not_picked":["Hologram","Barrage","Redo"],"picked":"SKIP","floor":14},{"not_picked":["Echo Form","Seek"],"picked":"Creative AI","floor":16},{"not_picked":[],"picked":"Steam+1","floor":18},{"not_picked":["Fusion"],"picked":"SKIP","floor":20},{"not_picked":["Streamline"],"picked":"SKIP","floor":25}],"player_experience":491292,"relics_obtained":[{"floor":7,"key":"Kunai"},{"floor":9,"key":"Ice Cream"},{"floor":24,"key":"Enchiridion"},{"floor":26,"key":"Singing Bowl"}],"event_choices":[{"damage_healed":0,"gold_gain":0,"player_choice":"Box","damage_taken":0,"relics_obtained":["Unceasing Top"],"max_hp_gain":0,"max_hp_loss":0,"event_name":"Big Fish","floor":2,"gold_loss":0,"cards_obtained":["Regret"]},{"cards_removed":["Regret"],"damage_healed":0,"gold_gain":0,"player_choice":"Purged","damage_taken":0,"max_hp_gain":0,"max_hp_loss":0,"event_name":"Purifier","floor":5,"gold_loss":0},{"damage_healed":0,"gold_gain":0,"cards_transformed":["Strike_B"],"player_choice":"Change","damage_taken":0,"max_hp_gain":0,"max_hp_loss":0,"event_name":"Living Wall","floor":13,"gold_loss":0,"cards_obtained":["Hologram"]},{"damage_healed":0,"gold_gain":0,"cards_transformed":["Strike_B","Strike_B"],"player_choice":"Became Test Subject","damage_taken":0,"max_hp_gain":0,"max_hp_loss":0,"event_name":"Drug Dealer","floor":19,"gold_loss":0,"cards_obtained":["Auto Shields","Darkness"]},{"damage_healed":0,"gold_gain":0,"player_choice":"Ignored","damage_taken":0,"max_hp_gain":0,"max_hp_loss":0,"event_name":"Vampires","floor":22,"gold_loss":0},{"damage_healed":0,"gold_gain":0,"player_choice":"Obtained Book","damage_taken":16,"max_hp_gain":0,"max_hp_loss":0,"event_name":"Cursed Tome","floor":24,"gold_loss":0}],"is_beta":false,"boss_relics":[{"not_picked":["Lizard Tail","Velvet Choker"],"picked":"Busted Crown"}],"items_purged_floors":[21],"is_endless":false,"potions_floor_spawned":[1,11,12,14,18,20],"killed_by":"3 Cultists","ascension_level":11}