{"gold_per_floor":[116,116,136,151,151,151,190,190],"floor_reached":8,"playtime":267,"items_purged":[],"score":112,"play_id":"fbd25e93-d87d-4bcd-9830-d6d680d3f23a","local_time":"20190214060450","is_ascension_mode":true,"campfire_choices":[{"floor":6,"key":"REST"}],"neow_cost":"NONE","seed_source_timestamp":115656285295823,"circlet_count":0,"master_deck":["AscendersBane","Strike_B","Strike_B","Strike_B","Strike_B","Defend_B","Defend_B","Defend_B","Defend_B","Zap","Dualcast","Conserve Battery","Ball Lightning","Seek","Hologram"],"relics":["White Beast Statue","Golden Idol","Question Card","Strawberry"],"potions_floor_usage":[4,8,8],"damage_taken":[{"damage":2,"enemies":"2 Louse","floor":1,"turns":2},{"damage":9,"enemies":"Jaw Worm","floor":3,"turns":5},{"damage":0,"enemies":"Small Slimes","floor":4,"turns":3},{"damage":33,"enemies":"3 Sentries","floor":7,"turns":8},{"damage":26,"enemies":"The Mushroom Lair","floor":8,"turns":3}],"seed_played":"-4343700927243451803","potions_obtained":[{"floor":1,"key":"FocusPotion"},{"floor":3,"key":"GamblersBrew"},{"floor":4,"key":"Energy Potion"}],"is_trial":false,"path_per_floor":["M","?","M","M","T","R","E","?"],"character_chosen":"DEFECT","items_purchased":[],"campfire_rested":1,"item_purchase_floors":[],"current_hp_per_floor":[62,38,29,29,29,50,24,0],"gold":190,"neow_bonus":"BOSS_RELIC","is_prod":false,"is_daily":false,"chose_seed":false,"campfire_upgraded":0,"win_rate":0,"timestamp":1550084690,"path_taken":["M","?","M","M","?","R","E","?"],"build_version":"2019-01-23","purchased_purges":0,"victory":false,"max_hp_per_floor":[71,71,71,71,71,71,78,78],"card_choices":[{"not_picked":["Rip and Tear","Turbo"],"picked":"Conserve Battery","floor":1},{"not_picked":["Leap","Lockon"],"picked":"Ball Lightning","floor":3},{"not_picked":["Hello World","Gash"],"picked":"Seek","floor":4},{"not_picked":["Lockon","Tempest","Loop"],"picked":"Hologram","floor":7}],"player_experience":341592,"relics_obtained":[{"floor":5,"key":"Question Card"},{"floor":7,"key":"Strawberry"}],"event_choices":[{"damage_healed":0,"gold_gain":0,"player_choice":"Take Damage","damage_taken":24,"relics_obtained":["Golden Idol"],"max_hp_gain":0,"max_hp_loss":0,"event_name":"Golden Idol","floor":2,"gold_loss":0},{"damage_healed":0,"gold_gain":0,"player_choice":"Fought Mushrooms","damage_taken":0,"max_hp_gain":0,"max_hp_loss":0,"event_name":"Mushrooms","floor":8,"gold_loss":0}],"is_beta":false,"boss_relics":[],"items_purged_floors":[],"is_endless":false,"potions_floor_spawned":[1,3,4,7],"killed_by":"The Mushroom Lair","ascension_level":20}