{"gold_per_floor":[116,134,146,146,163,163,188,205,205,224,242,242,242,267,267,371,371,388,388,388],"floor_reached":20,"playtime":1245,"items_purged":[],"score":270,"play_id":"c2b0779c-b92f-48d8-b67e-54c89a8cf042","local_time":"20180901174428","is_ascension_mode":true,"campfire_choices":[{"data":"Rampage","floor":6,"key":"SMITH"},{"floor":12,"key":"REST"},{"data":"Defend_R","floor":15,"key":"SMITH"}],"neow_cost":"CURSE","seed_source_timestamp":0,"circlet_count":0,"master_deck":["Strike_R","Strike_R+1","Strike_R+1","Strike_R","Strike_R","Defend_R+1","Defend_R","Defend_R","Defend_R","Bash","Decay","Inflame","Rampage+1","Evolve","Rampage","Seeing Red","Warcry","Double Tap","Writhe"],"special_seed":0,"relics":["Black Blood","Ginger","Regal Pillow","Bottled Lightning","Gremlin Horn","Smiling Mask","Molten Egg 2"],"potions_floor_usage":[7,16,16,16],"damage_taken":[{"damage":9,"enemies":"Small Slimes","floor":1,"turns":4},{"damage":2,"enemies":"2 Louse","floor":2,"turns":4},{"damage":18,"enemies":"Jaw Worm","floor":3,"turns":5},{"damage":6,"enemies":"Exordium Wildlife","floor":5,"turns":4},{"damage":29,"enemies":"Lagavulin","floor":7,"turns":6},{"damage":8,"enemies":"3 Louse","floor":8,"turns":4},{"damage":3,"enemies":"2 Fungi Beasts","floor":10,"turns":4},{"damage":4,"enemies":"Exordium Wildlife","floor":11,"turns":3},{"damage":26,"enemies":"Gremlin Nob","floor":14,"turns":4},{"damage":21,"enemies":"Slime Boss","floor":16,"turns":9},{"damage":43,"enemies":"2 Thieves","floor":18,"turns":5},{"damage":36,"enemies":"Spheric Guardian","floor":20,"turns":5}],"seed_played":"-3864425715363759789","potions_obtained":[{"floor":3,"key":"Explosive Potion"},{"floor":5,"key":"Poison Potion"},{"floor":8,"key":"Block Potion"},{"floor":10,"key":"SpeedPotion"},{"floor":14,"key":"BloodPotion"}],"is_trial":false,"path_per_floor":["M","M","M","?","M","R","E","M","T","M","M","R","?","E","R","B",null,"M","?"],"character_chosen":"IRONCLAD","items_purchased":[],"campfire_rested":1,"item_purchase_floors":[],"current_hp_per_floor":[69,73,61,45,45,45,22,20,20,23,25,64,61,41,41,34,69,36,36,0],"gold":388,"neow_bonus":"ONE_RARE_RELIC","is_prod":false,"is_daily":false,"chose_seed":false,"campfire_upgraded":2,"win_rate":0,"timestamp":1535816668,"path_taken":["M","M","M","?","M","R","E","M","T","M","M","R","?","E","R","BOSS","M","?","M"],"build_version":"2018-08-30","purchased_purges":0,"victory":false,"max_hp_per_floor":[80,80,80,80,80,80,80,80,80,80,80,80,80,80,80,80,80,80,80,80],"card_choices":[{"not_picked":["Body Slam","Clash"],"picked":"Inflame","floor":1},{"not_picked":["Ghostly Armor","Wild Strike"],"picked":"Rampage","floor":2},{"not_picked":["Havoc","Body Slam","Rupture"],"picked":"SKIP","floor":3},{"not_picked":["Perfected Strike","Sentinel"],"picked":"Evolve","floor":5},{"not_picked":["Thunderclap","Bloodletting"],"picked":"Rampage","floor":7},{"not_picked":["Spot Weakness","Anger","Blood for Blood"],"picked":"SKIP","floor":8},{"not_picked":["Warcry","Twin Strike"],"picked":"Seeing Red","floor":10},{"not_picked":["Intimidate","Second Wind","Blood for Blood"],"picked":"SKIP","floor":11},{"not_picked":["Feel No Pain","Iron Wave"],"picked":"Warcry","floor":14},{"not_picked":["Fiend Fire","Brutality"],"picked":"Double Tap","floor":16},{"not_picked":["Iron Wave","Pummel","Feel No Pain"],"picked":"SKIP","floor":18}],"player_experience":361917,"relics_obtained":[{"floor":7,"key":"Regal Pillow"},{"floor":9,"key":"Bottled Lightning"},{"floor":14,"key":"Smiling Mask"}],"event_choices":[{"event_name":"Shining Light","player_choice":"Entered Light","floor":4,"damage_taken":0},{"event_name":"Scrap Ooze","player_choice":"success","floor":13,"damage_taken":3},{"event_name":"The Mausoleum","player_choice":"Yes","floor":19,"damage_taken":0}],"is_beta":false,"boss_relics":[{"not_picked":["Ectoplasm","Eternal Feather"],"picked":"Black Blood"}],"items_purged_floors":[],"is_endless":false,"potions_floor_spawned":[3,5,8,10,14],"killed_by":"Spheric Guardian","ascension_level":9}