{"gold_per_floor":[113,126,139,154,6,37,37,53,124,124,156,176,176,206,206,284,284,297,49,67,67,77,77,1,30,30,94,94,94,110,10,10,84,84,95,95,95,106,116,116,116,146,193,221,235,235,62,62,62,62,62,62,62,92,92],"floor_reached":55,"playtime":2918,"items_purged":["Strike_G","Strike_G","Strike_G"],"score":1246,"play_id":"160df51d-2828-41bd-b3a5-673fb62117cb","local_time":"20190222150258","is_ascension_mode":true,"campfire_choices":[{"floor":7,"key":"REST"},{"floor":13,"key":"REST"},{"data":"Neutralize","floor":15,"key":"SMITH"},{"data":"Malaise","floor":23,"key":"SMITH"},{"floor":28,"key":"REST"},{"data":"Crippling Poison","floor":32,"key":"SMITH"},{"floor":40,"key":"REST"},{"floor":46,"key":"REST"},{"floor":49,"key":"RECALL"},{"data":"Caltrops","floor":52,"key":"SMITH"}],"neow_cost":"NONE","seed_source_timestamp":851560037451731,"circlet_count":0,"master_deck":["AscendersBane","Defend_G","Defend_G","Defend_G","Defend_G+1","Defend_G+1","Strike_G","Survivor","Neutralize+1","Flying Knee","Quick Slash","Caltrops+1","Backstab+1","Footwork","PiercingWail","Deadly Poison","Noxious Fumes+1","PiercingWail","Noxious Fumes+1","Malaise+1","Deadly Poison","Calculated Gamble","Well Laid Plans+1","Crippling Poison+1","After Image+1","Sucker Punch","Panacea","Backflip","Backflip"],"relics":["Ring of the Snake","Boot","War Paint","Frozen Egg 2","Unceasing Top","Centennial Puzzle","Busted Crown","Kunai","Whetstone","Tiny Chest","Paper Crane","Sozu","Darkstone Periapt","Strawberry","Omamori","Mercury Hourglass","Bird Faced Urn"],"potions_floor_usage":[6,11,16,42,44],"damage_taken":[{"damage":1,"enemies":"Cultist","floor":1,"turns":6},{"damage":0,"enemies":"Small Slimes","floor":2,"turns":3},{"damage":2,"enemies":"Jaw Worm","floor":3,"turns":4},{"damage":7,"enemies":"Blue Slaver","floor":4,"turns":4},{"damage":40,"enemies":"Gremlin Nob","floor":6,"turns":5},{"damage":0,"enemies":"Large Slime","floor":8,"turns":6},{"damage":19,"enemies":"Lagavulin","floor":11,"turns":9},{"damage":0,"enemies":"3 Louse","floor":12,"turns":3},{"damage":11,"enemies":"3 Sentries","floor":14,"turns":7},{"damage":18,"enemies":"The Guardian","floor":16,"turns":10},{"damage":0,"enemies":"3 Byrds","floor":18,"turns":3},{"damage":1,"enemies":"Chosen","floor":20,"turns":6},{"damage":5,"enemies":"Snecko","floor":22,"turns":6},{"damage":16,"enemies":"Gremlin Leader","floor":25,"turns":8},{"damage":15,"enemies":"Book of Stabbing","floor":27,"turns":6},{"damage":1,"enemies":"Sentry and Sphere","floor":30,"turns":5},{"damage":24,"enemies":"Automaton","floor":33,"turns":10},{"damage":3,"enemies":"Orb Walker","floor":35,"turns":5},{"damage":8,"enemies":"3 Shapes","floor":38,"turns":6},{"damage":0,"enemies":"Maw","floor":39,"turns":8},{"damage":57,"enemies":"Nemesis","floor":42,"turns":11},{"damage":9,"enemies":"Reptomancer","floor":44,"turns":7},{"damage":0,"enemies":"4 Shapes","floor":45,"turns":6},{"damage":4,"enemies":"Awakened One","floor":50,"turns":16},{"damage":41,"enemies":"Shield and Spear","floor":54,"turns":7},{"damage":40,"enemies":"The Heart","floor":55,"turns":2}],"seed_played":"-3102591670843994683","potions_obtained":[{"floor":2,"key":"SpeedPotion"},{"floor":4,"key":"Regen Potion"},{"floor":6,"key":"GamblersBrew"},{"floor":12,"key":"EssenceOfSteel"},{"floor":25,"key":"AttackPotion"}],"is_trial":false,"path_per_floor":["M","M","M","M","$","E","R","M","T","$","E","M","R","E","R","B",null,"M","$","M","$","M","R","$","E","T","E","R","T","M","$","R","B",null,"M","?","?","M","M","R","T","E","T","E","M","R","$","?","R","B",null,"R","$","E","B"],"character_chosen":"THE_SILENT","items_purchased":["Footwork","Kunai","Well Laid Plans+1","Backflip"],"campfire_rested":5,"item_purchase_floors":[5,19,24,47],"current_hp_per_floor":[58,58,56,49,49,9,28,28,28,28,24,24,43,32,32,14,53,53,53,52,52,47,47,47,31,31,16,35,35,34,34,34,10,52,49,49,49,41,41,60,60,10,10,1,1,22,22,64,64,60,63,63,63,22,0],"gold":92,"neow_bonus":"RANDOM_COMMON_RELIC","is_prod":false,"is_daily":false,"chose_seed":false,"campfire_upgraded":4,"win_rate":0,"timestamp":1550876578,"path_taken":["M","M","M","M","$","E","R","M","T","$","E","?","R","E","R","BOSS","M","$","M","$","M","R","$","E","T","E","R","?","M","?","R","BOSS","M","?","?","M","M","R","?","E","T","E","M","R","$","?","R","BOSS","R","$","E","BOSS"],"build_version":"2019-01-23","purchased_purges":3,"victory":false,"max_hp_per_floor":[66,66,66,66,66,66,66,66,66,66,66,66,66,66,66,66,66,66,66,66,66,66,66,66,66,66,66,66,66,66,66,66,66,66,66,66,66,66,66,66,66,73,73,73,73,73,73,64,64,64,64,64,64,64,64],"card_choices":[{"not_picked":["Slice","Dodge and Roll"],"picked":"Flying Knee","floor":1},{"not_picked":["Riddle With Holes","Cloak And Dagger"],"picked":"Quick Slash","floor":2},{"not_picked":["Flying Knee","Calculated Gamble"],"picked":"Caltrops","floor":3},{"not_picked":["Distraction","A Thousand Cuts"],"picked":"Backstab","floor":4},{"not_picked":["Blur","Masterful Stab"],"picked":"PiercingWail","floor":6},{"not_picked":["Prepared","Acrobatics"],"picked":"Deadly Poison","floor":8},{"not_picked":["Flying Knee","Storm of Steel"],"picked":"Noxious Fumes+1","floor":11},{"not_picked":["Accuracy+1","Eviscerate"],"picked":"PiercingWail","floor":12},{"not_picked":["Dodge and Roll","Sucker Punch"],"picked":"Noxious Fumes+1","floor":14},{"not_picked":["Unload","Die Die Die"],"picked":"Malaise","floor":16},{"not_picked":[],"picked":"Deadly Poison","floor":18},{"not_picked":[],"picked":"Calculated Gamble","floor":20},{"not_picked":["Underhanded Strike"],"picked":"SKIP","floor":22},{"not_picked":["Bane"],"picked":"SKIP","floor":25},{"not_picked":["Crippling Poison"],"picked":"SKIP","floor":27},{"not_picked":[],"picked":"Crippling Poison","floor":27},{"not_picked":["Terror"],"picked":"SKIP","floor":30},{"not_picked":[],"picked":"After Image+1","floor":33},{"not_picked":[],"picked":"Sucker Punch","floor":35},{"not_picked":[],"picked":"Panacea","floor":36},{"not_picked":["Prepared"],"picked":"SKIP","floor":38},{"not_picked":["Dagger Throw"],"picked":"SKIP","floor":39},{"not_picked":["Deadly Poison"],"picked":"SKIP","floor":42},{"not_picked":["Flechettes"],"picked":"SKIP","floor":44},{"not_picked":["Deadly Poison"],"picked":"SKIP","floor":45},{"not_picked":[],"picked":"Backflip","floor":54}],"player_experience":222958,"relics_obtained":[{"floor":6,"key":"War Paint"},{"floor":9,"key":"Frozen Egg 2"},{"floor":11,"key":"Unceasing Top"},{"floor":14,"key":"Centennial Puzzle"},{"floor":25,"key":"Whetstone"},{"floor":27,"key":"Tiny Chest"},{"floor":29,"key":"Paper Crane"},{"floor":41,"key":"Darkstone Periapt"},{"floor":42,"key":"Strawberry"},{"floor":43,"key":"Omamori"},{"floor":44,"key":"Mercury Hourglass"},{"floor":54,"key":"Bird Faced Urn"}],"event_choices":[{"damage_healed":0,"gold_gain":0,"player_choice":"Memory 1","damage_taken":0,"max_hp_gain":0,"max_hp_loss":0,"event_name":"SensoryStone","floor":36,"gold_loss":0},{"cards_removed":["Strike_G"],"damage_healed":0,"gold_gain":0,"player_choice":"Removed Attack","damage_taken":0,"max_hp_gain":0,"max_hp_loss":0,"event_name":"Falling","floor":37,"gold_loss":0},{"damage_healed":64,"gold_gain":0,"player_choice":"Heal","damage_taken":0,"max_hp_gain":0,"max_hp_loss":9,"event_name":"The Moai Head","floor":48,"gold_loss":0}],"is_beta":false,"boss_relics":[{"not_picked":["Empty Cage","White Beast Statue"],"picked":"Busted Crown"},{"not_picked":["Runic Dome","Orrery"],"picked":"Sozu"}],"items_purged_floors":[5,31,47],"is_endless":false,"potions_floor_spawned":[2,4,6,12,14,25,35,44,54],"killed_by":"The Heart","ascension_level":14}