{"gold_per_floor":[118,118,118,133,157,157,190,206,232,247,258,258,269,344,344,344],"floor_reached":16,"playtime":408,"items_purged":[],"score":199,"play_id":"4eb26042-4da1-4daf-aaf5-767b54bbc3b9","local_time":"20190212192656","is_ascension_mode":true,"campfire_choices":[{"floor":6,"key":"REST"},{"floor":12,"key":"REST"},{"data":"Zap","floor":15,"key":"SMITH"}],"neow_cost":"NONE","seed_source_timestamp":82729325591921,"circlet_count":0,"master_deck":["AscendersBane","Strike_B","Strike_B","Strike_B+1","Defend_B","Defend_B","Defend_B","Defend_B+1","Zap+1","Dualcast","Double Energy","Self Repair","Sweeping Beam","Gash","Sweeping Beam","Gash","Sweeping Beam"],"relics":["Cracked Core","Bronze Scales","Vajra","Regal Pillow"],"potions_floor_usage":[16,16],"damage_taken":[{"damage":0,"enemies":"2 Louse","floor":1,"turns":3},{"damage":8,"enemies":"Jaw Worm","floor":4,"turns":4},{"damage":47,"enemies":"3 Sentries","floor":7,"turns":7},{"damage":0,"enemies":"Small Slimes","floor":8,"turns":2},{"damage":12,"enemies":"2 Fungi Beasts","floor":10,"turns":3},{"damage":4,"enemies":"Large Slime","floor":11,"turns":5},{"damage":1,"enemies":"Exordium Thugs","floor":13,"turns":3},{"damage":40,"enemies":"Hexaghost","floor":16,"turns":7}],"seed_played":"-6172643709434056514","potions_obtained":[{"floor":1,"key":"GamblersBrew"},{"floor":4,"key":"PowerPotion"},{"floor":7,"key":"AttackPotion"}],"is_trial":false,"path_per_floor":["M","?","?","M","T","R","E","M","T","M","M","R","M","?","R","B"],"character_chosen":"DEFECT","items_purchased":[],"campfire_rested":2,"item_purchase_floors":[],"current_hp_per_floor":[71,48,41,33,33,56,16,16,16,11,14,52,51,40,40,0],"gold":344,"neow_bonus":"TEN_PERCENT_HP_BONUS","is_prod":false,"is_daily":false,"chose_seed":false,"campfire_upgraded":1,"win_rate":0,"timestamp":1549960016,"path_taken":["M","?","?","M","?","R","E","M","T","M","M","R","?","?","R","BOSS"],"build_version":"2019-01-23","purchased_purges":0,"victory":false,"max_hp_per_floor":[78,78,78,78,78,78,78,78,78,78,78,78,78,78,78,78],"card_choices":[{"not_picked":["Melter","Heatsinks"],"picked":"Double Energy","floor":1},{"not_picked":["Turbo","Scrape"],"picked":"Self Repair","floor":4},{"not_picked":["Redo","Reprogram"],"picked":"Sweeping Beam","floor":7},{"not_picked":["Fusion","Hyperbeam"],"picked":"Gash","floor":8},{"not_picked":["Doom and Gloom","Conserve Battery"],"picked":"Sweeping Beam","floor":10},{"not_picked":["Streamline","Compile Driver"],"picked":"Gash","floor":11},{"not_picked":["Hello World","Barrage"],"picked":"Sweeping Beam","floor":13}],"player_experience":335021,"relics_obtained":[{"floor":5,"key":"Bronze Scales"},{"floor":7,"key":"Vajra"},{"floor":9,"key":"Regal Pillow"}],"event_choices":[{"damage_healed":0,"gold_gain":0,"player_choice":"Entered Light","damage_taken":23,"max_hp_gain":0,"max_hp_loss":0,"event_name":"Shining Light","floor":2,"gold_loss":0,"cards_upgraded":["Defend_B","Strike_B"]},{"cards_removed":["Strike_B"],"damage_healed":0,"gold_gain":0,"player_choice":"Card Removal","damage_taken":7,"max_hp_gain":0,"max_hp_loss":0,"event_name":"Golden Wing","floor":3,"gold_loss":0},{"damage_healed":0,"gold_gain":75,"player_choice":"Gather Gold","damage_taken":11,"max_hp_gain":0,"max_hp_loss":0,"event_name":"World of Goop","floor":14,"gold_loss":0}],"is_beta":false,"boss_relics":[],"items_purged_floors":[],"is_endless":false,"potions_floor_spawned":[1,4,7,8],"killed_by":"Hexaghost","ascension_level":19}