{"gold_per_floor":[144,189,234,279,324,414,459,459,459,238,328,33,78,123,123,423,423,468,168,368,25,70,70,115,115,140,140,185,230,275,320,320,620,620,665,710,110,155,6,51,51,96,171,216,216,261,306,351,351,351],"floor_reached":51,"playtime":2144,"items_purged":["Iron Wave"],"score":873,"play_id":"13908da3-e6c9-4f33-a720-fda48cfc7080","local_time":"20190218071417","daily_mods":["Draft","Vintage","Midas"],"is_ascension_mode":false,"campfire_choices":[{"floor":8,"key":"REST"},{"floor":15,"key":"REST"},{"floor":23,"key":"REST"},{"floor":25,"key":"REST"},{"floor":27,"key":"REST"},{"floor":32,"key":"REST"},{"floor":41,"key":"REST"},{"floor":45,"key":"REST"},{"floor":49,"key":"REST"}],"neow_cost":"","seed_source_timestamp":0,"circlet_count":0,"master_deck":["Headbutt","Twin Strike+1","Wild Strike","Warcry","Shrug It Off","Whirlwind","True Grit+1","Wild Strike+1","Evolve","Shrug It Off","Pommel Strike","Seeing Red","Shrug It Off+1","Iron Wave","Power Through+1","Sentinel+1","Flame Barrier+1","Double Tap+1","Panache","Juggernaut","True Grit+1"],"special_seed":17945,"relics":["Burning Blood","Vajra","Bottled Tornado","Juzu Bracelet","Happy Flower","Bag of Marbles","Toxic Egg 2","Omamori","Self Forming Clay","Whetstone","Ancient Tea Set","PreservedInsect","Incense Burner","Bottled Flame","Busted Crown","StoneCalendar","Unceasing Top","War Paint","The Courier","Torii","Blood Vial","Bronze Scales","Oddly Smooth Stone","Strawberry","Centennial Puzzle","Lizard Tail","Dead Branch","Bird Faced Urn","ClockworkSouvenir","Bag of Preparation","Sundial","Lantern","MawBank","Pen Nib","Kunai","Question Card","Meat on the Bone","Mercury Hourglass","Letter Opener","Gremlin Horn","Darkstone Periapt"],"potions_floor_usage":[6,14,33,38,50],"damage_taken":[{"damage":0,"enemies":"Cultist","floor":1,"turns":2},{"damage":0,"enemies":"Jaw Worm","floor":2,"turns":2},{"damage":0,"enemies":"2 Louse","floor":3,"turns":2},{"damage":5,"enemies":"Exordium Wildlife","floor":4,"turns":4},{"damage":2,"enemies":"Looter","floor":5,"turns":2},{"damage":6,"enemies":"Lagavulin","floor":6,"turns":5},{"damage":5,"enemies":"3 Louse","floor":7,"turns":3},{"damage":1,"enemies":"3 Sentries","floor":11,"turns":5},{"damage":0,"enemies":"Lots of Slimes","floor":13,"turns":4},{"damage":0,"enemies":"Large Slime","floor":14,"turns":4},{"damage":0,"enemies":"The Guardian","floor":16,"turns":11},{"damage":2,"enemies":"Chosen","floor":18,"turns":4},{"damage":0,"enemies":"3 Byrds","floor":22,"turns":2},{"damage":2,"enemies":"Snake Plant","floor":24,"turns":2},{"damage":0,"enemies":"Centurion and Healer","floor":28,"turns":3},{"damage":0,"enemies":"Shelled Parasite and Fungi","floor":29,"turns":4},{"damage":0,"enemies":"Snake Plant","floor":30,"turns":2},{"damage":0,"enemies":"Centurion and Healer","floor":31,"turns":4},{"damage":10,"enemies":"Champ","floor":33,"turns":11},{"damage":0,"enemies":"Orb Walker","floor":35,"turns":3},{"damage":0,"enemies":"3 Shapes","floor":36,"turns":3},{"damage":13,"enemies":"Writhing Mass","floor":38,"turns":5},{"damage":1,"enemies":"4 Shapes","floor":40,"turns":2},{"damage":6,"enemies":"Transient","floor":42,"turns":5},{"damage":0,"enemies":"Writhing Mass","floor":44,"turns":5},{"damage":0,"enemies":"Spire Growth","floor":46,"turns":4},{"damage":7,"enemies":"4 Shapes","floor":47,"turns":3},{"damage":0,"enemies":"Maw","floor":48,"turns":6},{"damage":0,"enemies":"Donu and Deca","floor":50,"turns":7}],"seed_played":"-8239529163417230353","potions_obtained":[{"floor":1,"key":"GamblersBrew"},{"floor":2,"key":"GamblersBrew"},{"floor":3,"key":"SkillPotion"},{"floor":13,"key":"Fire Potion"},{"floor":16,"key":"Explosive Potion"},{"floor":18,"key":"Block Potion"},{"floor":22,"key":"PowerPotion"},{"floor":35,"key":"Regen Potion"},{"floor":40,"key":"GamblersBrew"},{"floor":42,"key":"Energy Potion"},{"floor":48,"key":"Dexterity Potion"}],"is_trial":false,"path_per_floor":["M","M","M","M","M","E","M","R","T","$","E","$","M","M","R","B",null,"M","$","?","$","M","R","M","R","T","R","M","M","M","M","R","B",null,"M","M","$","M","$","M","R","M","T","M","R","M","M","M","R","B",null],"character_chosen":"IRONCLAD","items_purchased":["Whetstone","Sentinel+1","Flame Barrier+1","PreservedInsect","Unceasing Top","War Paint","Panache","ClockworkSouvenir","Bag of Preparation","Sundial","Lantern","True Grit+1","Pen Nib"],"campfire_rested":9,"item_purchase_floors":[10,10,12,12,19,21,21,37,37,37,37,39,39],"current_hp_per_floor":[80,80,80,80,80,80,80,80,80,80,80,80,80,80,80,80,80,80,80,80,80,80,80,80,80,80,80,80,80,87,87,87,83,87,87,87,87,81,81,87,87,87,87,87,87,87,87,87,87,87],"gold":351,"neow_bonus":"","is_prod":false,"is_daily":true,"chose_seed":false,"campfire_upgraded":0,"win_rate":0,"timestamp":1550492057,"path_taken":["M","M","M","M","M","E","M","R","T","$","E","$","M","M","R","BOSS","M","$","?","?","M","R","M","R","T","R","M","M","M","M","R","BOSS","M","M","$","M","$","M","R","M","T","M","R","M","M","M","R","BOSS"],"build_version":"2019-01-23","purchased_purges":1,"victory":true,"max_hp_per_floor":[80,80,80,80,80,80,80,80,80,80,80,80,80,80,80,80,80,80,80,80,80,80,80,80,80,80,80,80,80,87,87,87,87,87,87,87,87,87,87,87,87,87,87,87,87,87,87,87,87,87],"card_choices":[{"not_picked":["Flex","Perfected Strike"],"picked":"Headbutt","floor":0},{"not_picked":["Hemokinesis","Havoc"],"picked":"Twin Strike","floor":0},{"not_picked":["Twin Strike","Rupture"],"picked":"Wild Strike","floor":0},{"not_picked":["Perfected Strike","Second Wind"],"picked":"Iron Wave","floor":0},{"not_picked":["Carnage","Thunderclap"],"picked":"Warcry","floor":0},{"not_picked":["Warcry","Twin Strike"],"picked":"Shrug It Off","floor":0},{"not_picked":["Cleave","Twin Strike"],"picked":"Whirlwind","floor":0},{"not_picked":["Sword Boomerang","Pommel Strike"],"picked":"True Grit","floor":0},{"not_picked":["Heavy Blade","Cleave"],"picked":"Wild Strike","floor":0},{"not_picked":["Shockwave","Reckless Charge"],"picked":"Evolve","floor":0},{"not_picked":["Iron Wave","Metallicize"],"picked":"Shrug It Off","floor":0},{"not_picked":["Headbutt","Twin Strike"],"picked":"Pommel Strike","floor":0},{"not_picked":["Pommel Strike","Evolve"],"picked":"Seeing Red","floor":0},{"not_picked":["True Grit","Bloodletting"],"picked":"Shrug It Off","floor":0},{"not_picked":["Shrug It Off","Headbutt"],"picked":"Iron Wave","floor":0},{"not_picked":["Pummel","Thunderclap"],"picked":"Power Through","floor":6},{"not_picked":["Perfected Strike","Anger","Combust"],"picked":"SKIP","floor":11},{"not_picked":["Exhume+1","Impervious+1"],"picked":"Double Tap+1","floor":16},{"not_picked":[],"picked":"Juggernaut","floor":33}],"player_experience":527684,"relics_obtained":[{"floor":1,"key":"Vajra"},{"floor":2,"key":"Bottled Tornado"},{"floor":3,"key":"Juzu Bracelet"},{"floor":4,"key":"Happy Flower"},{"floor":5,"key":"Bag of Marbles"},{"floor":6,"key":"Toxic Egg 2"},{"floor":7,"key":"Omamori"},{"floor":9,"key":"Self Forming Clay"},{"floor":11,"key":"Ancient Tea Set"},{"floor":13,"key":"Incense Burner"},{"floor":14,"key":"Bottled Flame"},{"floor":18,"key":"StoneCalendar"},{"floor":22,"key":"The Courier"},{"floor":24,"key":"Torii"},{"floor":26,"key":"Blood Vial"},{"floor":28,"key":"Bronze Scales"},{"floor":29,"key":"Oddly Smooth Stone"},{"floor":30,"key":"Strawberry"},{"floor":31,"key":"Centennial Puzzle"},{"floor":35,"key":"Dead Branch"},{"floor":36,"key":"Bird Faced Urn"},{"floor":38,"key":"MawBank"},{"floor":40,"key":"Kunai"},{"floor":42,"key":"Question Card"},{"floor":43,"key":"Meat on the Bone"},{"floor":44,"key":"Mercury Hourglass"},{"floor":46,"key":"Letter Opener"},{"floor":47,"key":"Gremlin Horn"},{"floor":48,"key":"Darkstone Periapt"}],"event_choices":[{"damage_healed":0,"gold_gain":200,"player_choice":"Gold","damage_taken":0,"max_hp_gain":0,"max_hp_loss":0,"event_name":"Wheel of Change","floor":20,"gold_loss":0}],"is_beta":false,"boss_relics":[{"not_picked":["Orrery","Mark of Pain"],"picked":"Busted Crown"},{"not_picked":["Astrolabe","Black Star"],"picked":"Lizard Tail"}],"items_purged_floors":[12],"is_endless":false,"potions_floor_spawned":[1,2,3,13,16,18,22,31,35,40,42,46,48],"ascension_level":0}