{"gold_per_floor":[114,19,19,19,34,64,64,94,169,269,299,299,314,329,329,429,429,444,444,7,22,121,151,176,176,201,201],"floor_reached":27,"playtime":2193,"items_purged":[],"score":397,"play_id":"02e32696-a9a1-4cbb-bb46-24efb30493e1","local_time":"20190114234434","daily_mods":["Insanity","Time Dilation","Elite Swarm"],"is_ascension_mode":false,"campfire_choices":[{"floor":7,"key":"REST"},{"floor":12,"key":"REST"},{"data":"Double Energy","floor":15,"key":"SMITH"}],"neow_cost":"","seed_source_timestamp":0,"circlet_count":0,"master_deck":["Gash","Rebound","Streamline","Consume","Beam Cell","Sunder","Gash","Coolheaded","Compile Driver","Steam","Cold Snap","Beam Cell","Stack","Recycle","Sweeping Beam+1","Rebound","BootSequence","Steam Power","Recycle","Sweeping Beam+1","Glacier","Steam","Beam Cell","Steam","Recycle","Ball Lightning","Gash","Redo","Hologram","Go for the Eyes","Ball Lightning","Barrage","Lockon","Ball Lightning","Stack","Fusion","Darkness","Doom and Gloom","Reinforced Body","Reprogram","Darkness","Redo","Leap","Fusion","Redo","Cold Snap","Leap","Lockon","Steam","White Noise","Redo","Sweeping Beam","Machine Learning","Amplify","Biased Cognition","Go for the Eyes","Double Energy+1","Sunder+1","Biased Cognition+1","Heatsinks+1","Static Discharge","Secret Technique","Steam","Multi-Cast","Decay"],"special_seed":17911,"relics":["Cracked Core","Bottled Lightning","Happy Flower","Mummified Hand","Kunai","Astrolabe","Symbiotic Virus","Mango","Ancient Tea Set","Juzu Bracelet"],"potions_floor_usage":[16,16,27,27],"damage_taken":[{"damage":2,"enemies":"2 Louse","floor":1,"turns":2},{"damage":0,"enemies":"Cultist","floor":5,"turns":4},{"damage":35,"enemies":"3 Sentries","floor":6,"turns":5},{"damage":13,"enemies":"Lagavulin","floor":8,"turns":3},{"damage":9,"enemies":"Gremlin Nob","floor":11,"turns":3},{"damage":0,"enemies":"Jaw Worm","floor":13,"turns":2},{"damage":0,"enemies":"Gremlin Gang","floor":14,"turns":4},{"damage":0,"enemies":"Slime Boss","floor":16,"turns":5},{"damage":21,"enemies":"3 Byrds","floor":18,"turns":5},{"damage":0,"enemies":"Spheric Guardian","floor":21,"turns":3},{"damage":28,"enemies":"Gremlin Leader","floor":23,"turns":6},{"damage":9,"enemies":"Colosseum Slavers","floor":27,"turns":2},{"damage":36,"enemies":"Colosseum Nobs","floor":27,"turns":3}],"seed_played":"-1374087961846543557","potions_obtained":[{"floor":6,"key":"Explosive Potion"},{"floor":13,"key":"Weak Potion"},{"floor":14,"key":"Strength Potion"},{"floor":16,"key":"AttackPotion"},{"floor":18,"key":"GamblersBrew"}],"is_trial":false,"path_per_floor":["M","$","?","$","M","E","R","E","T","?","E","R","M","M","R","B",null,"M","?","$","M","?","E","T","?","T","?"],"character_chosen":"DEFECT","items_purchased":["White Noise","Redo","Secret Technique","Symbiotic Virus"],"campfire_rested":2,"item_purchase_floors":[2,2,20,20],"current_hp_per_floor":[73,73,73,73,73,38,60,47,47,47,38,60,60,60,60,60,75,54,54,54,54,54,40,40,40,40,0],"gold":201,"neow_bonus":"","is_prod":false,"is_daily":true,"chose_seed":false,"campfire_upgraded":1,"win_rate":0.0,"timestamp":1547527474,"path_taken":["M","$","?","$","?","E","R","E","T","?","E","R","M","?","R","BOSS","M","?","$","?","?","E","?","?","T","?"],"build_version":"2019-01-10","purchased_purges":0,"victory":false,"max_hp_per_floor":[75,75,75,75,75,75,75,75,75,75,75,75,75,75,75,75,75,75,75,75,75,75,89,89,89,89,89],"card_choices":[{"not_picked":["Hologram","Turbo"],"picked":"Steam","floor":1},{"not_picked":["Auto Shields","Steam"],"picked":"Sweeping Beam","floor":5},{"not_picked":["Rainbow","Biased Cognition"],"picked":"Machine Learning","floor":6},{"not_picked":["Biased Cognition","Meteor Strike"],"picked":"Amplify","floor":8},{"not_picked":["Machine Learning","Amplify"],"picked":"Biased Cognition","floor":11},{"not_picked":["Coolheaded","Cold Snap"],"picked":"Go for the Eyes","floor":13},{"not_picked":["Coolheaded","Gash"],"picked":"Double Energy","floor":14},{"not_picked":["Multi-Cast","Creative AI"],"picked":"Rainbow","floor":16},{"not_picked":["Chaos","Streamline"],"picked":"Static Discharge","floor":18},{"not_picked":["Leap","Redo"],"picked":"Steam","floor":21},{"not_picked":["Rainbow","Hyperbeam"],"picked":"Multi-Cast","floor":23}],"player_experience":7561,"relics_obtained":[{"floor":6,"key":"Bottled Lightning"},{"floor":8,"key":"Happy Flower"},{"floor":9,"key":"Mummified Hand"},{"floor":11,"key":"Kunai"},{"floor":23,"key":"Mango"},{"floor":24,"key":"Ancient Tea Set"},{"floor":26,"key":"Juzu Bracelet"}],"event_choices":[{"damage_healed":0,"gold_gain":0,"player_choice":"Upgraded","damage_taken":0,"max_hp_gain":0,"max_hp_loss":0,"event_name":"Upgrade Shrine","floor":3,"gold_loss":0,"cards_upgraded":["Sweeping Beam"]},{"damage_healed":0,"gold_gain":100,"player_choice":"Pray","damage_taken":0,"max_hp_gain":0,"max_hp_loss":0,"event_name":"Golden Shrine","floor":10,"gold_loss":0},{"damage_healed":0,"gold_gain":0,"player_choice":"Forge","damage_taken":0,"max_hp_gain":0,"max_hp_loss":0,"event_name":"Accursed Blacksmith","floor":19,"gold_loss":0,"cards_upgraded":["Sweeping Beam"]},{"damage_healed":0,"gold_gain":99,"player_choice":"Stole From Cult","damage_taken":0,"max_hp_gain":0,"max_hp_loss":0,"event_name":"Nest","floor":22,"gold_loss":0},{"damage_healed":0,"gold_gain":0,"player_choice":"Smashed Altar","damage_taken":0,"max_hp_gain":0,"max_hp_loss":0,"event_name":"Forgotten Altar","floor":25,"gold_loss":0,"cards_obtained":["Decay"]},{"damage_healed":0,"gold_gain":0,"player_choice":"Fight","damage_taken":0,"max_hp_gain":0,"max_hp_loss":0,"event_name":"Colosseum","floor":27,"gold_loss":0},{"damage_healed":0,"gold_gain":0,"player_choice":"Fought Nobs","damage_taken":0,"max_hp_gain":0,"max_hp_loss":0,"event_name":"Colosseum","floor":27,"gold_loss":0}],"is_beta":false,"boss_relics":[{"not_picked":["Sozu","Calling Bell"],"picked":"Astrolabe"}],"items_purged_floors":[],"is_endless":false,"potions_floor_spawned":[6,13,14,16,18,27],"killed_by":"Colosseum Nobs","ascension_level":0}