{"path_per_floor":["M","?","?","M","?","E","M","E","T","?","M","R","T","M","R","B",null,"M","M","?","$"],"character_chosen":"DEFECT","items_purchased":["Machine Learning+1","Auto Shields"],"gold_per_floor":[15,15,15,35,35,69,83,110,110,75,89,89,141,161,161,256,256,271,290,325,172,172],"floor_reached":22,"campfire_rested":2,"playtime":1280,"item_purchase_floors":[21,21],"current_hp_per_floor":[70,75,75,71,68,29,23,1,1,21,21,45,45,31,55,30,80,64,50,24,24,0],"items_purged":[],"gold":172,"score":213,"play_id":"a79e16d5-c267-4930-b108-4e1dde3c430e","local_time":"20180601160719","is_prod":false,"is_daily":false,"chose_seed":false,"is_ascension_mode":true,"campfire_upgraded":0,"win_rate":0,"timestamp":1527833239,"campfire_choices":[{"floor":12,"key":"REST"},{"floor":15,"key":"REST"}],"path_taken":["M","?","?","M","?","E","?","E","T","?","?","R","?","M","R","BOSS","M","M","?","$","M"],"build_version":"2018-05-31","seed_source_timestamp":98119642523191,"purchased_purges":0,"victory":false,"master_deck":["Strike_B","Strike_B","Strike_B","Defend_B","Defend_B","Defend_B","Zap","Dualcast","FTL","Creative AI+1","Sweeping Beam","Force Field","Static Discharge","Seek","Steam Power","Self Repair+1","Machine Learning+1","Capacitor+1","Stack+1","Storm+1","Machine Learning+1","Auto Shields"],"max_hp_per_floor":[75,80,80,80,80,80,80,80,80,80,80,80,80,80,80,80,80,80,80,80,80,80],"relics":["Cracked Core","Pen Nib","Gambling Chip","Bag of Marbles","Frozen Egg 2","Boot","Inserter","Red Mask"],"card_choices":[{"not_picked":["Undo","Darkness"],"picked":"Sweeping Beam","floor":1},{"not_picked":["Streamline","Coolheaded"],"picked":"Force Field","floor":4},{"not_picked":["Turbo","Rebound","Lockon"],"picked":"SKIP","floor":6},{"not_picked":["Doom and Gloom","Double Energy"],"picked":"Static Discharge","floor":7},{"not_picked":["Barrage","Cold Snap"],"picked":"Seek","floor":8},{"not_picked":["Doom and Gloom","Rebound"],"picked":"Steam Power","floor":11},{"not_picked":["Aggregate","Stack"],"picked":"Self Repair+1","floor":14},{"not_picked":["Reboot","Echo Form+1"],"picked":"Machine Learning+1","floor":16},{"not_picked":["Go for the Eyes","Sweeping Beam"],"picked":"Capacitor+1","floor":18},{"not_picked":["Steam Power","Compile Driver+1"],"picked":"Stack+1","floor":19},{"not_picked":["Skim","Beam Cell"],"picked":"Storm+1","floor":20}],"player_experience":129594,"potions_floor_usage":[16,20,20],"damage_taken":[{"damage":5,"enemies":"2 Louse","floor":1,"turns":2},{"damage":4,"enemies":"Small Slimes","floor":4,"turns":3},{"damage":39,"enemies":"Gremlin Nob","floor":6,"turns":5},{"damage":6,"enemies":"Cultist","floor":7,"turns":3},{"damage":22,"enemies":"3 Sentries","floor":8,"turns":7},{"damage":0,"enemies":"Large Slime","floor":11,"turns":4},{"damage":14,"enemies":"Exordium Thugs","floor":14,"turns":4},{"damage":35,"enemies":"The Guardian","floor":16,"turns":12},{"damage":26,"enemies":"Spheric Guardian","floor":18,"turns":6},{"damage":24,"enemies":"Chosen","floor":19,"turns":7},{"damage":36,"enemies":"Masked Bandits","floor":20,"turns":4},{"damage":25,"enemies":"Snake Plant","floor":22,"turns":2}],"relics_obtained":[{"floor":6,"key":"Gambling Chip"},{"floor":8,"key":"Bag of Marbles"},{"floor":9,"key":"Frozen Egg 2"},{"floor":13,"key":"Boot"},{"floor":20,"key":"Red Mask"}],"event_choices":[{"event_name":"Big Fish","player_choice":"Donut","floor":2,"damage_taken":0},{"event_name":"Living Wall","player_choice":"Grow","floor":3,"damage_taken":0},{"event_name":"Scrap Ooze","player_choice":"success","floor":5,"damage_taken":3},{"event_name":"The Cleric","player_choice":"Healed","floor":10,"damage_taken":0},{"event_name":"Masked Bandits","player_choice":"Fought over 290 gold","floor":20,"damage_taken":0}],"boss_relics":[{"not_picked":["Eternal Feather","Snecko Eye"],"picked":"Inserter"}],"items_purged_floors":[],"potions_floor_spawned":[1,6,8,18,20],"seed_played":"-1521967610879649348","killed_by":"Snake Plant","ascension_level":2,"potions_obtained":[{"floor":1,"key":"GamblersBrew"},{"floor":6,"key":"Block Potion"},{"floor":8,"key":"Energy Potion"},{"floor":18,"key":"LiquidBronze"},{"floor":20,"key":"Energy Potion"}],"is_trial":false}