{"gold_per_floor":[115,115,115,115,139,139,180,180,256,280,280,70,93,111,111,204,204,225,140,159,159,180,180,62,62,62,75,75,96,96],"floor_reached":30,"playtime":2488,"items_purged":[],"score":504,"play_id":"b0c8618e-aaf7-4535-b2b0-66988f1580f1","local_time":"20190103185205","is_ascension_mode":true,"campfire_choices":[{"data":"Zap","floor":6,"key":"SMITH"},{"data":"Static Discharge","floor":11,"key":"SMITH"},{"data":"Dualcast","floor":15,"key":"SMITH"},{"data":"Darkness","floor":23,"key":"SMITH"},{"data":"Capacitor","floor":25,"key":"SMITH"},{"data":"Glacier","floor":28,"key":"SMITH"}],"neow_cost":"PERCENT_DAMAGE","seed_source_timestamp":17477124139958,"circlet_count":0,"master_deck":["AscendersBane","Strike_B","Strike_B","Strike_B","Defend_B","Defend_B","Defend_B","Defend_B","Zap+1","Dualcast+1","Glacier","Static Discharge+1","Glacier+1","Darkness+1","Buffer+1","Genetic Algorithm","Capacitor+1","BootSequence","Writhe","Capacitor","Consume+1"],"relics":["Cracked Core","Golden Idol","Art of War","Blue Candle","Tiny Chest","Cursed Key","Symbiotic Virus"],"potions_floor_usage":[16,18,18,29,30],"damage_taken":[{"damage":2,"enemies":"Jaw Worm","floor":1,"turns":3},{"damage":0,"enemies":"Small Slimes","floor":5,"turns":3},{"damage":24,"enemies":"Lagavulin","floor":7,"turns":8},{"damage":0,"enemies":"2 Louse","floor":10,"turns":1},{"damage":4,"enemies":"Red Slaver","floor":13,"turns":3},{"damage":2,"enemies":"Looter","floor":14,"turns":3},{"damage":0,"enemies":"The Guardian","floor":16,"turns":12},{"damage":3,"enemies":"3 Byrds","floor":18,"turns":7},{"damage":0,"enemies":"Chosen","floor":20,"turns":5},{"damage":19,"enemies":"Snake Plant","floor":22,"turns":5},{"damage":18,"enemies":"Centurion and Healer","floor":27,"turns":7},{"damage":17,"enemies":"Cultist and Chosen","floor":29,"turns":8},{"damage":23,"enemies":"3 Cultists","floor":30,"turns":5}],"seed_played":"4510538257760067957","potions_obtained":[{"floor":7,"key":"FocusPotion"},{"floor":10,"key":"Swift Potion"},{"floor":13,"key":"Weak Potion"},{"floor":16,"key":"SteroidPotion"},{"floor":20,"key":"Dexterity Potion"},{"floor":27,"key":"SkillPotion"}],"is_trial":false,"path_per_floor":["M","?","?","?","M","R","E","$","T","M","R","$","M","M","R","B",null,"M","?","M","?","M","R","$","R","T","M","R","M","M"],"character_chosen":"DEFECT","items_purchased":["Tiny Chest","Glacier","Capacitor","BootSequence"],"campfire_rested":0,"item_purchase_floors":[12,12,24,24],"current_hp_per_floor":[58,51,51,77,77,77,53,53,53,53,53,53,49,47,47,47,70,67,67,67,67,48,48,48,48,48,30,30,13,0],"gold":96,"neow_bonus":"TWENTY_PERCENT_HP_BONUS","is_prod":false,"is_daily":false,"chose_seed":false,"campfire_upgraded":6,"win_rate":0,"timestamp":1546537925,"path_taken":["M","?","?","?","M","R","E","$","T","M","R","$","M","?","R","BOSS","M","?","M","?","M","R","$","R","T","M","R","M","?"],"build_version":"2018-12-20","purchased_purges":0,"victory":false,"max_hp_per_floor":[85,85,77,77,77,77,77,77,77,77,77,77,77,77,77,77,77,77,77,77,77,77,77,77,77,77,77,77,77,77],"card_choices":[{"not_picked":["Redo","Consume"],"picked":"Storm","floor":1},{"not_picked":["Consume","Barrage"],"picked":"Glacier","floor":5},{"not_picked":["Steam","Steam Power","Stack"],"picked":"SKIP","floor":7},{"not_picked":["Turbo","Go for the Eyes"],"picked":"Static Discharge","floor":10},{"not_picked":["Steam","Rebound"],"picked":"Darkness","floor":13},{"not_picked":["Compile Driver","Gash","Sweeping Beam"],"picked":"SKIP","floor":14},{"not_picked":["Meteor Strike","Creative AI"],"picked":"Buffer","floor":16},{"not_picked":["Conserve Battery","Barrage+1","Beam Cell+1"],"picked":"SKIP","floor":18},{"not_picked":["Hologram","Hello World","Turbo"],"picked":"SKIP","floor":20},{"not_picked":["Sweeping Beam","Redo"],"picked":"Genetic Algorithm","floor":22},{"not_picked":["Hello World","Turbo"],"picked":"Capacitor","floor":27},{"not_picked":["Sunder+1","Turbo"],"picked":"Consume+1","floor":29}],"player_experience":695287,"relics_obtained":[{"floor":7,"key":"Art of War"},{"floor":9,"key":"Blue Candle"}],"event_choices":[{"cards_removed":["Strike_B"],"damage_healed":0,"gold_gain":0,"player_choice":"Card Removal","damage_taken":7,"max_hp_gain":0,"max_hp_loss":0,"event_name":"Golden Wing","floor":2,"gold_loss":0},{"damage_healed":0,"gold_gain":0,"player_choice":"Lose Max HP","damage_taken":0,"relics_obtained":["Golden Idol"],"max_hp_gain":0,"max_hp_loss":8,"event_name":"Golden Idol","floor":3,"gold_loss":0},{"cards_removed":["Storm"],"damage_healed":26,"gold_gain":0,"player_choice":"Offered Uncommon","damage_taken":0,"max_hp_gain":0,"max_hp_loss":0,"event_name":"Bonfire Elementals","floor":4,"gold_loss":0},{"damage_healed":0,"gold_gain":0,"player_choice":"Obtained Relic","damage_taken":0,"relics_obtained":["Symbiotic Virus"],"max_hp_gain":0,"max_hp_loss":0,"event_name":"Addict","floor":19,"gold_loss":85},{"damage_healed":0,"gold_gain":0,"player_choice":"Upgraded","damage_taken":0,"max_hp_gain":0,"max_hp_loss":0,"event_name":"Upgrade Shrine","floor":21,"gold_loss":0,"cards_upgraded":["Buffer"]}],"is_beta":false,"boss_relics":[{"not_picked":["Orrery","Runic Pyramid"],"picked":"Cursed Key"}],"items_purged_floors":[],"is_endless":false,"potions_floor_spawned":[7,10,13,16,20,27],"killed_by":"3 Cultists","ascension_level":16}