{"gold_per_floor":[115,115,128,53,68,95,111,127,150,162,162,162,181,181],"floor_reached":14,"playtime":1636,"items_purged":[],"score":94,"play_id":"b6aaa917-2d85-44de-a71b-a904d4f0181b","local_time":"20190126211315","is_ascension_mode":false,"campfire_choices":[{"data":"Uppercut","floor":11,"key":"SMITH"}],"neow_cost":"NONE","seed_source_timestamp":640003070050756,"circlet_count":0,"master_deck":["Strike_R","Strike_R+1","Strike_R","Strike_R","Defend_R","Defend_R","Defend_R","Defend_R","Bash","Dark Embrace","Armaments","Entrench","Uppercut+1","Carnage","Flame Barrier+1","Perfected Strike","Shrug It Off","True Grit"],"relics":["Burning Blood","Red Skull","Omamori"],"potions_floor_usage":[13],"damage_taken":[{"damage":9,"enemies":"2 Louse","floor":1,"turns":4},{"damage":12,"enemies":"Small Slimes","floor":3,"turns":5},{"damage":0,"enemies":"Jaw Worm","floor":5,"turns":5},{"damage":30,"enemies":"3 Sentries","floor":6,"turns":10},{"damage":8,"enemies":"2 Fungi Beasts","floor":7,"turns":4},{"damage":13,"enemies":"Large Slime","floor":8,"turns":7},{"damage":25,"enemies":"Exordium Thugs","floor":10,"turns":7},{"damage":7,"enemies":"2 Fungi Beasts","floor":13,"turns":4},{"damage":13,"enemies":"3 Sentries","floor":14,"turns":2}],"seed_played":"6537411954005110157","potions_obtained":[{"floor":3,"key":"SpeedPotion"},{"floor":5,"key":"Strength Potion"},{"floor":6,"key":"SteroidPotion"}],"is_trial":false,"path_per_floor":["M","?","M","$","M","E","M","M","T","M","R","?","M","?"],"character_chosen":"IRONCLAD","items_purchased":["Uppercut"],"campfire_rested":0,"item_purchase_floors":[4],"current_hp_per_floor":[77,77,71,71,77,53,51,44,44,25,25,9,8,0],"gold":181,"neow_bonus":"ONE_RANDOM_RARE_CARD","is_prod":false,"is_daily":false,"chose_seed":false,"campfire_upgraded":1,"win_rate":0.0,"timestamp":1548533595,"path_taken":["M","?","M","$","M","E","M","M","T","M","R","?","M","?"],"build_version":"2019-01-23","purchased_purges":0,"victory":false,"max_hp_per_floor":[80,80,80,80,80,80,80,80,80,80,80,80,80,80],"card_choices":[{"not_picked":["True Grit","Twin Strike"],"picked":"Armaments","floor":1},{"not_picked":["Intimidate","Heavy Blade","Iron Wave"],"picked":"SKIP","floor":3},{"not_picked":["Anger","Flex"],"picked":"Carnage","floor":5},{"not_picked":["Clothesline","Disarm"],"picked":"Flame Barrier","floor":6},{"not_picked":["Infernal Blade","Twin Strike"],"picked":"Perfected Strike","floor":7},{"not_picked":["Corruption","Searing Blow"],"picked":"Shrug It Off","floor":8},{"not_picked":["Flex","Dual Wield","Iron Wave"],"picked":"SKIP","floor":10},{"not_picked":["Headbutt","Sever Soul"],"picked":"True Grit","floor":13}],"player_experience":107572,"relics_obtained":[{"floor":6,"key":"Red Skull"},{"floor":9,"key":"Omamori"}],"event_choices":[{"damage_healed":0,"gold_gain":0,"cards_transformed":["Strike_R"],"player_choice":"Change","damage_taken":0,"max_hp_gain":0,"max_hp_loss":0,"event_name":"Living Wall","floor":2,"gold_loss":0,"cards_obtained":["Entrench"]},{"damage_healed":0,"gold_gain":0,"player_choice":"Entered Light","damage_taken":16,"max_hp_gain":0,"max_hp_loss":0,"event_name":"Shining Light","floor":12,"gold_loss":0,"cards_upgraded":["Strike_R","Flame Barrier"]},{"damage_healed":0,"gold_gain":0,"player_choice":"Searched \u00271\u0027 times","damage_taken":0,"max_hp_gain":0,"max_hp_loss":0,"event_name":"Dead Adventurer","floor":14,"gold_loss":0}],"is_beta":false,"boss_relics":[],"items_purged_floors":[],"is_endless":false,"potions_floor_spawned":[3,5,6,10],"killed_by":"3 Sentries","ascension_level":0}