{"gold_per_floor":[113,213,227,251,201,201,276,290,290,290,301,326,660,673,673,772,772,782,782,782,345,345,345,370,385,459,469,469,97,114,143,143,243,243,255,255,35,85,99,134,146,158,224,264,289,332,61,61,61,61],"floor_reached":51,"playtime":8028,"items_purged":["Gash","Streamline","Doubt"],"score":1107,"play_id":"b7924db5-3591-494d-8120-2df17c370ec5","local_time":"20180724013144","is_ascension_mode":true,"campfire_choices":[{"data":"Zap","floor":6,"key":"SMITH"},{"data":"Dualcast","floor":10,"key":"SMITH"},{"data":"Conserve Battery","floor":15,"key":"SMITH"},{"data":"Defragment","floor":23,"key":"SMITH"},{"data":"Heatsinks","floor":28,"key":"SMITH"},{"data":"Defragment","floor":32,"key":"SMITH"},{"data":"Echo Form","floor":41,"key":"SMITH"},{"data":"Conserve Battery","floor":49,"key":"SMITH"}],"neow_cost":"NONE","seed_source_timestamp":10405094503353,"circlet_count":0,"master_deck":["Zap+1","Dualcast+1","Doom and Gloom","Stack","Stack","Conserve Battery+1","Hologram","Hologram","Conserve Battery+1","Echo Form+1","Rebound","Defragment+1","Steam","Heatsinks+1","Self Repair","Auto Shields+1","BootSequence+1","Darkness+1","Transmutation+1","Finesse+1","Defragment+1","Reboot+1","Seek+1","Parasite","Clumsy","Stack+1","Chaos+1","Leap+1","Defragment+1","Chaos+1","Steam+1","Madness+1","Madness+1","Conserve Battery+1","Hologram+1","Leap+1","Echo Form+1","White Noise+1"],"relics":["Cracked Core","Juzu Bracelet","Bronze Scales","Pantograph","Odd Mushroom","Old Coin","Pandora\u0027s Box","Toxic Egg 2","Mercury Hourglass","Dodecahedron","Frozen Egg 2","Calling Bell","Bag of Marbles","Gremlin Horn","Sundial","Bird Faced Urn","Nunchaku","MawBank","Oddly Smooth Stone","Gambling Chip","Bottled Tornado","DollysMirror"],"potions_floor_usage":[11,13,35,38,44,44,50,50,50],"damage_taken":[{"damage":0,"enemies":"2 Louse","floor":1,"turns":3},{"damage":1,"enemies":"Cultist","floor":3,"turns":3},{"damage":2,"enemies":"Small Slimes","floor":8,"turns":4},{"damage":10,"enemies":"Exordium Thugs","floor":11,"turns":3},{"damage":6,"floor":12,"turns":5},{"damage":9,"enemies":"Lagavulin","floor":13,"turns":6},{"damage":1,"enemies":"Exordium Wildlife","floor":14,"turns":3},{"damage":20,"enemies":"Slime Boss","floor":16,"turns":13},{"damage":9,"enemies":"3 Byrds","floor":18,"turns":2},{"damage":39,"enemies":"Gremlin Leader","floor":24,"turns":8},{"damage":0,"enemies":"Spheric Guardian","floor":25,"turns":4},{"damage":5,"enemies":"Snecko","floor":27,"turns":5},{"damage":10,"enemies":"Centurion and Healer","floor":30,"turns":5},{"damage":9,"enemies":"Book of Stabbing","floor":31,"turns":6},{"damage":6,"enemies":"Champ","floor":33,"turns":13},{"damage":0,"enemies":"Flame Bruiser 1 Orb","floor":35,"turns":4},{"damage":15,"floor":36,"turns":8},{"damage":7,"floor":38,"turns":6},{"damage":44,"enemies":"3 Darklings","floor":39,"turns":12},{"damage":28,"enemies":"Nemesis","floor":40,"turns":7},{"damage":13,"enemies":"Giant Head","floor":44,"turns":8},{"damage":0,"enemies":"Flame Bruiser 2 Orb","floor":45,"turns":3},{"damage":17,"enemies":"Nemesis","floor":46,"turns":7},{"damage":76,"enemies":"Time Eater","floor":50,"turns":11}],"seed_played":"4940442388847598617","potions_obtained":[{"floor":8,"key":"Explosive Potion"},{"floor":12,"key":"Regen Potion"},{"floor":27,"key":"FearPotion"},{"floor":30,"key":"Ancient Potion"},{"floor":33,"key":"Swift Potion"},{"floor":36,"key":"SkillPotion"},{"floor":39,"key":"Fire Potion"},{"floor":45,"key":"Explosive Potion"},{"floor":46,"key":"Poison Potion"}],"is_trial":false,"path_per_floor":["M","?","M","T","?","R","?","M","T","R","M","?","E","M","R","B",null,"M","?","?","$","?","R","E","M","T","M","R","$","M","E","R","B",null,"M","?","$","?","M","E","R","?","T","E","M","E","$","?","R","B"],"character_chosen":"DEFECT","items_purchased":["Self Repair","Toxic Egg 2","Auto Shields+1","Transmutation+1","Finesse+1","Leap+1","Defragment+1","DollysMirror","White Noise+1"],"campfire_rested":0,"item_purchase_floors":[21,21,21,29,29,37,37,47,47],"current_hp_per_floor":[75,75,74,74,74,74,63,61,61,61,51,45,51,50,50,55,75,66,52,52,52,57,57,25,32,32,41,41,41,45,43,43,75,80,80,72,72,80,66,70,70,60,60,80,80,80,80,80,80,48],"gold":61,"neow_bonus":"RANDOM_COMMON_RELIC","is_prod":false,"is_daily":false,"chose_seed":false,"campfire_upgraded":8,"win_rate":0,"timestamp":1532388704,"path_taken":["M","?","M","?","?","R","?","M","T","R","M","?","E","M","R","BOSS","M","?","?","?","?","R","E","M","T","M","R","$","M","E","R","BOSS","M","?","?","?","M","E","R","?","T","E","M","E","$","?","R","BOSS"],"build_version":"2018-07-19v2","purchased_purges":3,"victory":true,"max_hp_per_floor":[75,75,75,75,75,75,75,75,75,75,75,75,75,75,75,75,75,75,80,80,80,80,80,80,80,80,80,80,80,80,80,80,80,80,80,80,80,80,80,80,80,80,80,80,80,80,80,80,80,80],"card_choices":[{"not_picked":["Go for the Eyes","Cold Snap"],"picked":"Doom and Gloom","floor":1},{"not_picked":["Go for the Eyes","Barrage"],"picked":"Stack","floor":3},{"not_picked":["Barrage","Compile Driver"],"picked":"Stack","floor":8},{"not_picked":["Heatsinks","Sweeping Beam"],"picked":"Conserve Battery","floor":11},{"not_picked":["Recycle","Compile Driver"],"picked":"Hologram","floor":12},{"not_picked":["Fission","Gash"],"picked":"Hologram","floor":13},{"not_picked":["Compile Driver","Sweeping Beam"],"picked":"Conserve Battery","floor":14},{"not_picked":["Electrodynamics","Creative AI"],"picked":"Echo Form","floor":16},{"not_picked":["Coolheaded+1","Streamline"],"picked":"Heatsinks","floor":18},{"not_picked":["Redo+1","Sweeping Beam"],"picked":"BootSequence+1","floor":24},{"not_picked":["Streamline","Static Discharge","Compile Driver"],"picked":"SKIP","floor":25},{"not_picked":["Go for the Eyes","Steam Power+1"],"picked":"Darkness+1","floor":27},{"not_picked":["Scrape","Rebound"],"picked":"Defragment","floor":30},{"not_picked":["Hello World+1","Steam+1"],"picked":"Reboot+1","floor":31},{"not_picked":["Reboot+1","Biased Cognition+1"],"picked":"Seek+1","floor":33},{"not_picked":["Leap+1","Barrage+1"],"picked":"Stack+1","floor":35},{"not_picked":["Steam Power+1","Ball Lightning"],"picked":"Chaos+1","floor":36},{"not_picked":["Cold Snap","Go for the Eyes+1"],"picked":"Chaos+1","floor":38},{"not_picked":["Tempest+1","Scrape+1","Redo+1"],"picked":"SKIP","floor":39},{"not_picked":["Beam Cell","FTL"],"picked":"Steam+1","floor":40},{"not_picked":["Coolheaded+1","Creative AI+1"],"picked":"Conserve Battery+1","floor":44},{"not_picked":["Steam Power+1","Ball Lightning"],"picked":"Hologram+1","floor":45},{"not_picked":["Hologram+1","Glacier+1"],"picked":"Leap+1","floor":46}],"player_experience":160546,"relics_obtained":[{"floor":4,"key":"Bronze Scales"},{"floor":9,"key":"Pantograph"},{"floor":12,"key":"Odd Mushroom"},{"floor":13,"key":"Old Coin"},{"floor":24,"key":"Mercury Hourglass"},{"floor":26,"key":"Dodecahedron"},{"floor":31,"key":"Frozen Egg 2"},{"floor":34,"key":"Bag of Marbles"},{"floor":34,"key":"Gremlin Horn"},{"floor":34,"key":"Sundial"},{"floor":36,"key":"Bird Faced Urn"},{"floor":38,"key":"Nunchaku"},{"floor":40,"key":"MawBank"},{"floor":43,"key":"Oddly Smooth Stone"},{"floor":44,"key":"Gambling Chip"},{"floor":46,"key":"Bottled Tornado"}],"event_choices":[{"event_name":"Golden Shrine","player_choice":"Pray","floor":2,"damage_taken":0},{"event_name":"The Cleric","player_choice":"Card Removal","floor":5,"damage_taken":0},{"event_name":"World of Goop","player_choice":"Gather Gold","floor":7,"damage_taken":0},{"event_name":"Mushrooms","player_choice":"Fought Mushrooms","floor":12,"damage_taken":0},{"event_name":"Forgotten Altar","player_choice":"Shed Blood","floor":19,"damage_taken":0},{"event_name":"Drug Dealer","player_choice":"Ignored","floor":20,"damage_taken":0},{"event_name":"Bonfire Elementals","player_choice":"COMMON","floor":22,"damage_taken":0},{"event_name":"MindBloom","player_choice":"Fight","floor":36,"damage_taken":0},{"event_name":"Mysterious Sphere","player_choice":"Fight","floor":38,"damage_taken":0},{"event_name":"Winding Halls","player_choice":"Embrace Madness","floor":42,"damage_taken":0},{"event_name":"Falling","player_choice":"Removed Attack","floor":48,"damage_taken":0}],"is_beta":false,"boss_relics":[{"not_picked":["Inserter","Fusion Hammer"],"picked":"Pandora\u0027s Box"},{"not_picked":["Eternal Feather","Tiny House"],"picked":"Calling Bell"}],"items_purged_floors":[21,29,37],"is_endless":false,"potions_floor_spawned":[8,12,27,30,33,36,39,45,46],"ascension_level":3}