{"gold_per_floor":[11,11,30,46,11,11,66,66,112,262,279,279,297,114,114,186,236,254,254,301,321,1,1,1,19,19,51,67,67,12,23,23,100,100,120,167,177,177,196,522,522,522],"floor_reached":42,"playtime":1762,"items_purged":["Pain","Strike_B"],"score":1042,"play_id":"10e3c2ec-11a2-4dd2-9293-3160447cb2f2","local_time":"20190223032242","is_ascension_mode":true,"campfire_choices":[{"data":"Zap","floor":6.0,"key":"SMITH"},{"floor":8.0,"key":"REST"},{"data":"Dualcast","floor":12.0,"key":"SMITH"},{"data":"Defragment","floor":15.0,"key":"SMITH"},{"floor":23.0,"key":"REST"},{"floor":29.0,"key":"REST"},{"data":"Loop","floor":32.0,"key":"SMITH"},{"floor":41,"key":"REST"}],"neow_cost":"NO_GOLD","seed_source_timestamp":0,"circlet_count":0,"master_deck":["AscendersBane","Strike_B+1","Strike_B+1","Defend_B","Defend_B","Defend_B","Zap+1","Dualcast+1","Cold Snap","Glacier","Compile Driver+1","Defragment+1","Cold Snap","Echo Form","Loop+1","BootSequence","Loop","Self Repair","Ball Lightning","Conserve Battery","Hologram+1","Echo Form","Hologram+1","Glacier","Core Surge","Chaos+1","Loop+1"],"special_seed":0,"relics":["Cracked Core","WarpedTongs","Tiny Chest","Omamori","Tiny House","Strawberry","Vajra","MutagenicStrength","Lantern","Mango","Orrery","Whetstone","Darkstone Periapt","Old Coin"],"potions_floor_usage":[33,40],"damage_taken":[{"damage":7.0,"enemies":"Small Slimes","floor":1.0,"turns":3.0},{"damage":3.0,"enemies":"Cultist","floor":3.0,"turns":3.0},{"damage":3.0,"enemies":"2 Louse","floor":4.0,"turns":2.0},{"damage":30.0,"enemies":"Gremlin Nob","floor":7.0,"turns":4.0},{"damage":12.0,"enemies":"Blue Slaver","floor":11.0,"turns":3.0},{"damage":16.0,"enemies":"Lots of Slimes","floor":13.0,"turns":4.0},{"damage":0.0,"enemies":"The Guardian","floor":16.0,"turns":11.0},{"damage":3.0,"enemies":"3 Byrds","floor":18.0,"turns":4.0},{"damage":16.0,"enemies":"Spheric Guardian","floor":21.0,"turns":5.0},{"damage":3.0,"enemies":"Centurion and Healer","floor":25.0,"turns":9.0},{"damage":53.0,"enemies":"Book of Stabbing","floor":27.0,"turns":8.0},{"damage":14.0,"enemies":"3 Cultists","floor":28.0,"turns":8.0},{"damage":6.0,"enemies":"Snake Plant","floor":31.0,"turns":6.0},{"damage":22,"enemies":"Collector","floor":33,"turns":14},{"damage":14,"enemies":"Orb Walker","floor":35,"turns":6},{"damage":42,"enemies":"3 Darklings","floor":37,"turns":8},{"damage":22,"enemies":"4 Shapes","floor":39,"turns":16},{"damage":29,"enemies":"Nemesis","floor":40,"turns":7},{"damage":72,"enemies":"Giant Head","floor":42,"turns":5}],"seed_played":"7792465525594871919","potions_obtained":[{"floor":4.0,"key":"Strength Potion"},{"floor":7.0,"key":"FocusPotion"},{"floor":11.0,"key":"Weak Potion"},{"floor":13.0,"key":"Dexterity Potion"},{"floor":17.0,"key":"EntropicBrew"},{"floor":27.0,"key":"GamblersBrew"},{"floor":35,"key":"EssenceOfSteel"}],"is_trial":false,"path_per_floor":["M","?","M","M","?","R","E","R","T","?","M","R","M","$","R","B",null,"M","?","T","M","$","R","?","M","T","E","M","R","$","M","R","B",null,"M","T","M","T","M","E","R","E"],"character_chosen":"DEFECT","items_purchased":["Defragment","Cold Snap","Vajra","Ball Lightning","Weak Potion"],"campfire_rested":4,"item_purchase_floors":[14,14,22,22,30],"current_hp_per_floor":[57,57,54,51,68,68,38,59,59,59,47,47,31,31,31,31,66,63,63,70,54,54,78,78,83,83,54,54,83,83,97,97,89,95,88,88,53,53,51,42,71,0],"gold":522,"neow_bonus":"REMOVE_TWO","is_prod":false,"is_daily":false,"chose_seed":false,"campfire_upgraded":4,"win_rate":0,"timestamp":1550884962,"path_taken":["M","?","?","M","?","R","E","R","T","?","M","R","M","$","R","BOSS","M","?","?","?","$","R","?","M","T","E","M","R","?","M","R","BOSS","M","?","?","?","?","E","R","E"],"build_version":"2019-01-23","purchased_purges":2,"victory":false,"max_hp_per_floor":[71,71,71,71,71,71,71,71,71,71,71,71,71,71,71,71,76,76,76,83,83,83,83,83,83,83,97,97,97,97,97,97,97,97,97,97,97,97,97,97,97,97],"card_choices":[{"not_picked":["Tempest","Sweeping Beam"],"picked":"Cold Snap","floor":1.0},{"not_picked":["Tempest","Streamline"],"picked":"Glacier","floor":3.0},{"not_picked":["Beam Cell","Steam Power"],"picked":"Compile Driver","floor":4.0},{"not_picked":["Reprogram","Barrage","Storm"],"picked":"SKIP","floor":7.0},{"not_picked":["Coolheaded","Streamline","Beam Cell"],"picked":"SKIP","floor":11.0},{"not_picked":["Beam Cell","Rip and Tear","Creative AI"],"picked":"SKIP","floor":13.0},{"not_picked":["Seek","All For One"],"picked":"Echo Form","floor":16.0},{"not_picked":["Hologram","Compile Driver"],"picked":"Loop","floor":17.0},{"not_picked":["Steam","Glacier"],"picked":"BootSequence","floor":18.0},{"not_picked":["Ball Lightning","Gash"],"picked":"Self Repair","floor":21.0},{"not_picked":["Darkness","Cold Snap","Rip and Tear"],"picked":"SKIP","floor":25.0},{"not_picked":["Doom and Gloom","Rebound","Blizzard+1"],"picked":"SKIP","floor":27.0},{"not_picked":["Loop","Steam"],"picked":"Conserve Battery","floor":28.0},{"not_picked":["Self Repair+1","Stack"],"picked":"Hologram+1","floor":31.0},{"not_picked":["Biased Cognition","Hyperbeam"],"picked":"Echo Form","floor":33},{"not_picked":["Beam Cell","Consume"],"picked":"Hologram+1","floor":34},{"not_picked":["Compile Driver+1","Steam"],"picked":"Glacier","floor":34},{"not_picked":["Scrape","Coolheaded","Turbo"],"picked":"SKIP","floor":35},{"not_picked":["Turbo+1","Chaos"],"picked":"Core Surge","floor":37},{"not_picked":["Self Repair","Undo+1"],"picked":"Chaos+1","floor":39},{"not_picked":["Rebound","Streamline"],"picked":"Loop+1","floor":40}],"player_experience":901455,"relics_obtained":[{"floor":7.0,"key":"Tiny Chest"},{"floor":9.0,"key":"Omamori"},{"floor":20.0,"key":"Strawberry"},{"floor":26.0,"key":"Lantern"},{"floor":27.0,"key":"Mango"},{"floor":36,"key":"Whetstone"},{"floor":38,"key":"Darkstone Periapt"},{"floor":40,"key":"Old Coin"}],"event_choices":[{"damage_healed":0.0,"max_hp_gain":0.0,"max_hp_loss":0.0,"gold_gain":0.0,"event_name":"Accursed Blacksmith","player_choice":"Rummage","floor":2.0,"gold_loss":0.0,"damage_taken":0.0,"relics_obtained":["WarpedTongs"],"cards_obtained":["Pain"]},{"damage_healed":17.0,"max_hp_gain":0.0,"max_hp_loss":0.0,"gold_gain":0.0,"event_name":"The Cleric","player_choice":"Healed","floor":5.0,"gold_loss":35.0,"damage_taken":0.0},{"damage_healed":0.0,"max_hp_gain":0.0,"max_hp_loss":0.0,"gold_gain":150.0,"event_name":"Liars Game","player_choice":"AGREE","floor":10.0,"gold_loss":0.0,"damage_taken":0.0,"cards_obtained":["Doubt"]},{"damage_healed":0.0,"max_hp_gain":0.0,"max_hp_loss":0.0,"gold_gain":0.0,"event_name":"The Library","player_choice":"Read","floor":19.0,"gold_loss":0.0,"damage_taken":0.0,"cards_obtained":["Loop"]},{"damage_healed":0.0,"max_hp_gain":0.0,"max_hp_loss":0.0,"gold_gain":0.0,"event_name":"Drug Dealer","player_choice":"Inject Mutagens","floor":24.0,"gold_loss":0.0,"damage_taken":0.0,"relics_obtained":["MutagenicStrength"]}],"is_beta":false,"boss_relics":[{"not_picked":["Coffee Dripper","Snecko Eye"],"picked":"Tiny House"},{"not_picked":["White Beast Statue","Pandora\u0027s Box"],"picked":"Orrery"}],"items_purged_floors":[14,22],"is_endless":false,"potions_floor_spawned":[4,7,11,13,18,27,35],"killed_by":"Giant Head","ascension_level":20}