{"gold_per_floor":[111,124,138,63,83,83,103,103,103,103,121,131,96,96,96,196,196,213,232,246,94,94],"floor_reached":22,"playtime":708,"items_purged":["Strike_B"],"score":288,"play_id":"bdc4307f-29f9-4571-86df-fa1e71781406","local_time":"20190219124522","is_ascension_mode":true,"campfire_choices":[{"floor":6,"key":"REST"},{"data":"Zap","floor":8,"key":"SMITH"},{"data":"Zap","floor":15,"key":"SMITH"}],"neow_cost":"NONE","seed_source_timestamp":3313285828794,"circlet_count":0,"master_deck":["AscendersBane","Strike_B","Strike_B","Defend_B","Defend_B","Defend_B","Zap+1","Dualcast","Ball Lightning","Steam","Reinforced Body","Lockon","Conserve Battery","Defragment","Tempest","Undo","Zap+1","Buffer","Leap","Capacitor"],"relics":["FrozenCore","Boot","Oddly Smooth Stone"],"potions_floor_usage":[16,19],"damage_taken":[{"damage":18,"enemies":"Jaw Worm","floor":1,"turns":4},{"damage":0,"enemies":"2 Louse","floor":2,"turns":3},{"damage":1,"enemies":"Cultist","floor":3,"turns":4},{"damage":14,"enemies":"Exordium Thugs","floor":5,"turns":4},{"damage":1,"enemies":"2 Fungi Beasts","floor":7,"turns":4},{"damage":16,"enemies":"Exordium Wildlife","floor":11,"turns":5},{"damage":3,"enemies":"Blue Slaver","floor":12,"turns":4},{"damage":4,"enemies":"The Guardian","floor":16,"turns":11},{"damage":14,"enemies":"Chosen","floor":18,"turns":6},{"damage":8,"enemies":"3 Byrds","floor":19,"turns":3},{"damage":38,"enemies":"Centurion and Healer","floor":20,"turns":10},{"damage":24,"enemies":"Cultist and Chosen","floor":22,"turns":5}],"seed_played":"-5185051551600688677","potions_obtained":[{"floor":5,"key":"FairyPotion"},{"floor":7,"key":"Fire Potion"},{"floor":16,"key":"LiquidBronze"},{"floor":20,"key":"Energy Potion"}],"is_trial":false,"path_per_floor":["M","M","M","$","M","R","M","R","T","?","M","M","?","?","R","B",null,"M","M","M","$","M"],"character_chosen":"DEFECT","items_purchased":["Oddly Smooth Stone"],"campfire_rested":1,"item_purchase_floors":[21],"current_hp_per_floor":[50,50,49,49,35,57,56,56,56,49,33,30,48,48,48,44,67,53,45,7,7,0],"gold":94,"neow_bonus":"REMOVE_CARD","is_prod":false,"is_daily":false,"chose_seed":false,"campfire_upgraded":2,"win_rate":0,"timestamp":1550598322,"path_taken":["M","M","M","$","M","R","M","R","T","?","M","M","?","?","R","BOSS","M","M","?","$","M"],"build_version":"2019-01-23","purchased_purges":1,"victory":false,"max_hp_per_floor":[75,75,75,75,75,75,75,75,75,75,75,75,75,75,75,75,75,75,75,75,75,75],"card_choices":[{"not_picked":["Rebound","Coolheaded"],"picked":"Ball Lightning","floor":1},{"not_picked":["Rip and Tear","Undo"],"picked":"Steam","floor":2},{"not_picked":["Doom and Gloom","Hologram"],"picked":"Reinforced Body","floor":3},{"not_picked":["Compile Driver","Streamline"],"picked":"Lockon","floor":5},{"not_picked":["Steam","Ball Lightning"],"picked":"Conserve Battery","floor":7},{"not_picked":["Force Field","Double Energy"],"picked":"Defragment","floor":11},{"not_picked":["Beam Cell","Turbo"],"picked":"Tempest","floor":12},{"not_picked":["Core Surge","Hyperbeam"],"picked":"Buffer","floor":16},{"not_picked":["Doom and Gloom+1","Gash","Conserve Battery"],"picked":"SKIP","floor":18},{"not_picked":["Reprogram","Beam Cell"],"picked":"Leap","floor":19},{"not_picked":["Consume","Recycle"],"picked":"Capacitor","floor":20}],"player_experience":545731,"relics_obtained":[{"floor":9,"key":"Boot"}],"event_choices":[{"cards_removed":["Defend_B"],"damage_healed":0,"gold_gain":0,"player_choice":"Card Removal","damage_taken":7,"max_hp_gain":0,"max_hp_loss":0,"event_name":"Golden Wing","floor":10,"gold_loss":0},{"damage_healed":18,"gold_gain":0,"player_choice":"Healed","damage_taken":0,"max_hp_gain":0,"max_hp_loss":0,"event_name":"The Cleric","floor":13,"gold_loss":35},{"damage_healed":0,"gold_gain":0,"player_choice":"2 cards matched","damage_taken":0,"max_hp_gain":0,"max_hp_loss":0,"event_name":"Match and Keep!","floor":14,"gold_loss":0,"cards_obtained":["Undo","Zap"]}],"is_beta":false,"boss_relics":[{"not_picked":["Velvet Choker","Snecko Eye"],"picked":"FrozenCore"}],"items_purged_floors":[4],"is_endless":false,"potions_floor_spawned":[5,7,12,16,20],"killed_by":"Cultist and Chosen","ascension_level":12}