{"gold_per_floor":[367,382,19,19,30,59,59,59,59,59,59,84,100,119,119,119],"floor_reached":16,"playtime":446,"items_purged":["Decay"],"score":220,"play_id":"7e140beb-32f7-48b2-8f90-39db087e81cc","local_time":"20190223213441","is_ascension_mode":true,"campfire_choices":[{"floor":7,"key":"REST"},{"floor":10,"key":"REST"},{"floor":15,"key":"REST"}],"neow_cost":"CURSE","seed_source_timestamp":28667098857800,"circlet_count":0,"master_deck":["AscendersBane","Strike_B+1","Strike_B","Strike_B","Strike_B","Defend_B","Defend_B","Defend_B","Defend_B+1","Zap","Dualcast","Capacitor","Self Repair","Ball Lightning","Leap","Consume"],"relics":["Cracked Core","Runic Capacitor","Dead Branch","Pen Nib","Du-Vu Doll","Mercury Hourglass"],"potions_floor_usage":[6,16],"damage_taken":[{"damage":5,"enemies":"Small Slimes","floor":1,"turns":3},{"damage":7,"enemies":"2 Louse","floor":2,"turns":3},{"damage":6,"enemies":"Jaw Worm","floor":5,"turns":4},{"damage":25,"enemies":"3 Sentries","floor":6,"turns":8},{"damage":28,"enemies":"Lagavulin","floor":12,"turns":8},{"damage":1,"enemies":"2 Fungi Beasts","floor":13,"turns":2},{"damage":3,"enemies":"3 Louse","floor":14,"turns":3},{"damage":43,"enemies":"Hexaghost","floor":16,"turns":7}],"seed_played":"-435876054926251604","potions_obtained":[{"floor":1,"key":"Dexterity Potion"},{"floor":12,"key":"SpeedPotion"},{"floor":13,"key":"Ancient Potion"},{"floor":14,"key":"LiquidBronze"}],"is_trial":false,"path_per_floor":["M","M","$","?","M","E","R","?","T","R","$","E","M","M","R","B"],"character_chosen":"DEFECT","items_purchased":["Runic Capacitor","Ball Lightning"],"campfire_rested":3,"item_purchase_floors":[3,3],"current_hp_per_floor":[59,52,52,31,32,14,35,17,17,38,38,17,16,20,41,0],"gold":119,"neow_bonus":"TWO_FIFTY_GOLD","is_prod":false,"is_daily":false,"chose_seed":false,"campfire_upgraded":0,"win_rate":0,"timestamp":1550950481,"path_taken":["M","M","$","?","M","E","R","?","T","R","$","E","M","M","R","BOSS"],"build_version":"2019-01-23","purchased_purges":1,"victory":false,"max_hp_per_floor":[71,71,71,71,71,71,71,71,71,71,71,71,71,71,71,71],"card_choices":[{"not_picked":["Gash","Sweeping Beam"],"picked":"Capacitor","floor":1},{"not_picked":["Rip and Tear","Barrage"],"picked":"Self Repair","floor":2},{"not_picked":["Sweeping Beam","Hologram"],"picked":"Leap","floor":5},{"not_picked":["Steam","Sunder","Doom and Gloom"],"picked":"SKIP","floor":6},{"not_picked":["Gash","Machine Learning","Undo"],"picked":"SKIP","floor":12},{"not_picked":["Melter","Sweeping Beam","Storm"],"picked":"SKIP","floor":13},{"not_picked":["Conserve Battery","Cold Snap"],"picked":"Consume","floor":14}],"player_experience":929698,"relics_obtained":[{"floor":6,"key":"Dead Branch"},{"floor":9,"key":"Du-Vu Doll"},{"floor":12,"key":"Mercury Hourglass"}],"event_choices":[{"damage_healed":0,"gold_gain":0,"player_choice":"Entered Light","damage_taken":21,"max_hp_gain":0,"max_hp_loss":0,"event_name":"Shining Light","floor":4,"gold_loss":0,"cards_upgraded":["Defend_B","Strike_B"]},{"damage_healed":0,"gold_gain":0,"player_choice":"Success","damage_taken":18,"relics_obtained":["Pen Nib"],"max_hp_gain":0,"max_hp_loss":0,"event_name":"Scrap Ooze","floor":8,"gold_loss":0}],"is_beta":false,"boss_relics":[],"items_purged_floors":[3],"is_endless":false,"potions_floor_spawned":[1,12,13,14],"killed_by":"Hexaghost","ascension_level":20}