{"gold_per_floor":[111,111,130,130,100,125,125,136,136,155,155,26,26,41,41,119,119,129,129],"floor_reached":19,"playtime":455,"items_purged":["Strike_B"],"score":388,"play_id":"a9061d03-6858-4ed0-a043-42d3cd0c4dd2","local_time":"20190223152206","is_ascension_mode":true,"campfire_choices":[{"data":"Zap","floor":7,"key":"SMITH"},{"data":"Capacitor","floor":13,"key":"SMITH"},{"floor":15,"key":"REST"}],"neow_cost":"NONE","seed_source_timestamp":6303280497400,"circlet_count":0,"master_deck":["AscendersBane","Strike_B","Strike_B","Strike_B","Defend_B","Defend_B","Defend_B","Defend_B","Zap+1","Dualcast","Capacitor+1","Self Repair","Cold Snap","Ball Lightning","Buffer"],"relics":["Cracked Core","NeowsBlessing","FaceOfCleric","Unceasing Top","Turnip","Black Star"],"potions_floor_usage":[11,16,16],"damage_taken":[{"damage":0,"enemies":"Jaw Worm","floor":1,"turns":1},{"damage":0,"enemies":"Cultist","floor":3,"turns":1},{"damage":0,"enemies":"Gremlin Nob","floor":6,"turns":1},{"damage":14,"enemies":"Small Slimes","floor":8,"turns":3},{"damage":42,"enemies":"Exordium Thugs","floor":10,"turns":6},{"damage":0,"enemies":"Gremlin Gang","floor":11,"turns":1},{"damage":14,"enemies":"Blue Slaver","floor":14,"turns":4},{"damage":37,"enemies":"Slime Boss","floor":16,"turns":10},{"damage":45,"enemies":"Shell Parasite","floor":18,"turns":9},{"damage":34,"enemies":"Spheric Guardian","floor":19,"turns":5}],"seed_played":"5308293519821922535","potions_obtained":[{"floor":5,"key":"SmokeBomb"},{"floor":5,"key":"Weak Potion"},{"floor":10,"key":"Strength Potion"},{"floor":14,"key":"Explosive Potion"},{"floor":16,"key":"Strength Potion"}],"is_trial":false,"path_per_floor":["M","?","M","?","?","E","R","M","T","M","M","$","R","M","R","B",null,"M","M"],"character_chosen":"DEFECT","items_purchased":["Ball Lightning"],"campfire_rested":1,"item_purchase_floors":[12],"current_hp_per_floor":[64,64,65,70,70,71,71,65,65,31,32,32,32,26,50,21,68,31,0],"gold":129,"neow_bonus":"THREE_ENEMY_KILL","is_prod":false,"is_daily":false,"chose_seed":false,"campfire_upgraded":2,"win_rate":0,"timestamp":1550928126,"path_taken":["M","?","?","?","?","E","R","M","T","M","?","?","R","M","R","BOSS","M","?"],"build_version":"2019-01-23","purchased_purges":1,"victory":false,"max_hp_per_floor":[71,71,72,77,77,78,78,79,79,80,81,81,81,82,82,83,83,84,84],"card_choices":[{"not_picked":["Go for the Eyes","Coolheaded"],"picked":"Capacitor","floor":1},{"not_picked":["Scrape","Hello World","Turbo"],"picked":"SKIP","floor":3},{"not_picked":["Steam","Leap"],"picked":"Self Repair","floor":6},{"not_picked":["Static Discharge","Compile Driver"],"picked":"Cold Snap","floor":8},{"not_picked":["Undo","Rebound","Chaos"],"picked":"SKIP","floor":10},{"not_picked":["Turbo","Thunder Strike","Stack"],"picked":"SKIP","floor":14},{"not_picked":["Amplify","Machine Learning"],"picked":"Buffer","floor":16},{"not_picked":["Turbo+1","Redo","Ball Lightning"],"picked":"SKIP","floor":18}],"player_experience":911845,"relics_obtained":[{"floor":6,"key":"Unceasing Top"},{"floor":9,"key":"Turnip"}],"event_choices":[{"damage_healed":0,"gold_gain":0,"player_choice":"Trade","damage_taken":0,"relics_obtained":["FaceOfCleric"],"max_hp_gain":0,"max_hp_loss":0,"event_name":"FaceTrader","floor":2,"gold_loss":0},{"damage_healed":0,"gold_gain":0,"player_choice":"Donut","damage_taken":0,"max_hp_gain":5,"max_hp_loss":0,"event_name":"Big Fish","floor":4,"gold_loss":0},{"damage_healed":0,"gold_gain":0,"player_choice":"Bought 2 Potions","damage_taken":0,"max_hp_gain":0,"max_hp_loss":0,"event_name":"The Woman in Blue","floor":5,"gold_loss":0}],"is_beta":false,"boss_relics":[{"not_picked":["FrozenCore","Runic Dome"],"picked":"Black Star"}],"items_purged_floors":[12],"is_endless":false,"potions_floor_spawned":[10,11,14,16],"killed_by":"Spheric Guardian","ascension_level":20}