{"gold_per_floor":[113,113,113,166,186,217,217,253,306,179,179,179,179,213,213,213],"floor_reached":16,"playtime":1094,"items_purged":["Strike_G"],"score":120,"play_id":"ee3749c5-2dbb-4bba-bdef-2ffb7c31c5bc","local_time":"20190119202922","is_ascension_mode":true,"campfire_choices":[{"data":"Poisoned Stab","floor":7,"key":"SMITH"},{"data":"Survivor","floor":12,"key":"SMITH"},{"data":"Neutralize","floor":15,"key":"SMITH"}],"neow_cost":"NONE","seed_source_timestamp":33099815716577,"circlet_count":0,"master_deck":["Defend_G","Defend_G","Defend_G","Defend_G","Defend_G","Strike_G","Strike_G","Strike_G","Strike_G","Survivor+1","Neutralize+1","Poisoned Stab+1","Crippling Poison","Deadly Poison+1"],"relics":["Ring of the Snake","Golden Idol","Centennial Puzzle","Snake Skull","Juzu Bracelet","Lantern","Question Card"],"potions_floor_usage":[6,8,8],"damage_taken":[{"damage":0,"enemies":"2 Louse","floor":1,"turns":3},{"damage":0,"enemies":"Jaw Worm","floor":5,"turns":5},{"damage":21,"enemies":"3 Sentries","floor":6,"turns":11},{"damage":9,"enemies":"Lagavulin","floor":8,"turns":6},{"damage":11,"enemies":"3 Sentries","floor":14,"turns":7},{"damage":60,"enemies":"Slime Boss","floor":16,"turns":11}],"seed_played":"-4181139634319584058","potions_obtained":[{"floor":1,"key":"SteroidPotion"},{"floor":5,"key":"Fire Potion"},{"floor":6,"key":"Ancient Potion"}],"is_trial":false,"path_per_floor":["M","?","?","T","M","E","R","E","T","$","?","R","?","E","R","B"],"character_chosen":"THE_SILENT","items_purchased":["Deadly Poison"],"campfire_rested":0,"item_purchase_floors":[10],"current_hp_per_floor":[70,70,53,53,53,32,32,23,23,23,23,23,70,59,59,0],"gold":213,"neow_bonus":"THREE_CARDS","is_prod":false,"is_daily":false,"chose_seed":false,"campfire_upgraded":3,"win_rate":0,"timestamp":1547926162,"path_taken":["M","?","?","?","M","E","R","E","T","$","?","R","?","E","R","BOSS"],"build_version":"2019-01-17v2","purchased_purges":1,"victory":false,"max_hp_per_floor":[70,70,70,70,70,70,70,70,70,70,70,70,70,70,70,70],"card_choices":[{"not_picked":["Dash","Escape Plan"],"picked":"Poisoned Stab","floor":1},{"not_picked":["Sucker Punch","Skewer"],"picked":"Crippling Poison","floor":5},{"not_picked":["Dagger Spray","PiercingWail","Eviscerate"],"picked":"SKIP","floor":6},{"not_picked":["Leg Sweep","Masterful Stab","Dagger Throw"],"picked":"SKIP","floor":8},{"not_picked":["Blade Dance","Acrobatics","Underhanded Strike"],"picked":"SKIP","floor":14}],"player_experience":34133,"relics_obtained":[{"floor":4,"key":"Centennial Puzzle"},{"floor":6,"key":"Snake Skull"},{"floor":8,"key":"Juzu Bracelet"},{"floor":9,"key":"Lantern"},{"floor":14,"key":"Question Card"}],"event_choices":[{"damage_healed":0,"gold_gain":0,"player_choice":"Ignored","damage_taken":0,"max_hp_gain":0,"max_hp_loss":0,"event_name":"Liars Game","floor":2,"gold_loss":0},{"damage_healed":0,"gold_gain":0,"player_choice":"Take Damage","damage_taken":17,"relics_obtained":["Golden Idol"],"max_hp_gain":0,"max_hp_loss":0,"event_name":"Golden Idol","floor":3,"gold_loss":0},{"damage_healed":0,"gold_gain":0,"player_choice":"Upgraded","damage_taken":0,"max_hp_gain":0,"max_hp_loss":0,"event_name":"Upgrade Shrine","floor":11,"gold_loss":0,"cards_upgraded":["Deadly Poison"]},{"damage_healed":47,"gold_gain":0,"player_choice":"Full Heal","damage_taken":0,"max_hp_gain":0,"max_hp_loss":0,"event_name":"Wheel of Change","floor":13,"gold_loss":0}],"is_beta":false,"boss_relics":[],"items_purged_floors":[10],"is_endless":false,"potions_floor_spawned":[1,5,6],"killed_by":"Slime Boss","ascension_level":1}