{"gold_per_floor":[99,99,99,99,69,69,69,69,69,69,69,69,69,69,69,69,69,69,69,69,69,39,39,39,39,39,39,39,39,39,39,39,39],"floor_reached":33,"playtime":2231,"items_purged":[],"score":358,"play_id":"385ec717-0513-4d1f-a98e-0af9759a7a00","local_time":"20180825212652","is_ascension_mode":true,"campfire_choices":[{"data":"Blur","floor":6.0,"key":"SMITH"},{"data":"Flechettes","floor":8.0,"key":"SMITH"},{"floor":13.0,"key":"REST"},{"floor":15.0,"key":"REST"},{"data":"Envenom","floor":23,"key":"SMITH"},{"floor":32,"key":"REST"}],"neow_cost":"NONE","seed_source_timestamp":0,"circlet_count":0,"master_deck":["Defend_G","Defend_G","Defend_G","Defend_G","Defend_G","Strike_G","Strike_G","Strike_G","Strike_G","Survivor","Neutralize","Blur+1","Escape Plan","Flechettes+1","Deadly Poison","Deadly Poison","Envenom+1","Leg Sweep","Leg Sweep","Poisoned Stab","Deadly Poison","PiercingWail","Bouncing Flask","Jack Of All Trades","Bouncing Flask+1","Leg Sweep","Heel Hook"],"special_seed":0,"relics":["Ectoplasm","Golden Idol","Ninja Scroll","Snake Skull","Orrery","The Courier","Omamori","Bottled Flame"],"potions_floor_usage":[16,22,27,33],"damage_taken":[{"damage":6.0,"enemies":"Jaw Worm","floor":1.0,"turns":6.0},{"damage":0.0,"enemies":"2 Louse","floor":3.0,"turns":3.0},{"damage":0.0,"enemies":"Cultist","floor":4.0,"turns":6.0},{"damage":0.0,"enemies":"Looter","floor":5.0,"turns":4.0},{"damage":32.0,"enemies":"3 Sentries","floor":10.0,"turns":10.0},{"damage":0.0,"enemies":"Exordium Thugs","floor":11.0,"turns":6.0},{"damage":0.0,"enemies":"2 Fungi Beasts","floor":14.0,"turns":3.0},{"damage":7,"enemies":"The Guardian","floor":16,"turns":10},{"damage":15,"enemies":"Chosen","floor":18,"turns":5},{"damage":7,"enemies":"2 Thieves","floor":22,"turns":4},{"damage":5,"enemies":"Snake Plant","floor":24,"turns":4},{"damage":0,"enemies":"Cultist and Chosen","floor":27,"turns":4},{"damage":1,"enemies":"Shelled Parasite and Fungi","floor":29,"turns":5},{"damage":6,"enemies":"Snake Plant","floor":31,"turns":4},{"damage":60,"enemies":"Collector","floor":33,"turns":5}],"seed_played":"2196612708897015477","potions_obtained":[{"floor":3.0,"key":"Swift Potion"},{"floor":11.0,"key":"Fruit Juice"},{"floor":14.0,"key":"FearPotion"},{"floor":16,"key":"FearPotion"},{"floor":18,"key":"EssenceOfSteel"},{"floor":24,"key":"Ancient Potion"},{"floor":31,"key":"Strength Potion"}],"is_trial":false,"path_per_floor":["M","?","M","M","M","R","?","R","T","E","M","?","R","M","R","B",null,"M","?","?","?","M","R","M","?","T","M","$","M","T","M","R"],"character_chosen":"THE_SILENT","items_purchased":[],"campfire_rested":3,"item_purchase_floors":[],"current_hp_per_floor":[57,62,62,62,62,62,44,44,44,12,12,5,27,32,56,49,72,57,57,41,41,34,34,29,29,29,29,29,28,28,22,46,0],"gold":39,"neow_bonus":"BOSS_RELIC","is_prod":false,"is_daily":false,"chose_seed":false,"campfire_upgraded":3,"win_rate":0,"timestamp":1535225212,"path_taken":["M","?","M","M","M","R","?","R","T","E","M","?","R","?","R","BOSS","M","?","?","?","?","R","M","?","T","M","?","M","?","M","R","BOSS"],"build_version":"2018-08-23v2","purchased_purges":0,"victory":false,"max_hp_per_floor":[70,75,75,75,75,75,75,75,75,75,75,75,75,80,80,80,80,80,80,80,80,80,80,80,80,80,80,80,80,80,80,80,80],"card_choices":[{"not_picked":["Deflect","Bane","Deadly Poison"],"picked":"SKIP","floor":1.0},{"not_picked":["PiercingWail","Dagger Spray"],"picked":"Blur","floor":3.0},{"not_picked":["Acrobatics","Bane"],"picked":"Escape Plan","floor":4.0},{"not_picked":["Prepared","Underhanded Strike"],"picked":"Flechettes","floor":5.0},{"not_picked":["Poisoned Stab","Distraction"],"picked":"Deadly Poison","floor":10.0},{"not_picked":["Sucker Punch","Accuracy","Flying Knee"],"picked":"SKIP","floor":11.0},{"not_picked":["Well Laid Plans","Poisoned Stab"],"picked":"Deadly Poison","floor":14.0},{"not_picked":["Phantasmal Killer","Glass Knife"],"picked":"Envenom","floor":16},{"not_picked":["Dagger Spray","Skewer"],"picked":"Leg Sweep","floor":17},{"not_picked":["Deflect","Accuracy"],"picked":"Leg Sweep","floor":17},{"not_picked":["Bane","Deflect"],"picked":"Poisoned Stab","floor":17},{"not_picked":["Cloak And Dagger","Acrobatics"],"picked":"Deadly Poison","floor":17},{"not_picked":["Blade Dance","Cloak And Dagger"],"picked":"PiercingWail","floor":17},{"not_picked":["Poisoned Stab","Prepared"],"picked":"Bouncing Flask","floor":18},{"not_picked":["Storm of Steel","Dagger Spray","Blade Dance"],"picked":"SKIP","floor":22},{"not_picked":["Masterful Stab","Noxious Fumes"],"picked":"Bouncing Flask+1","floor":24},{"not_picked":["Sucker Punch","Acrobatics","All Out Attack"],"picked":"SKIP","floor":27},{"not_picked":["Dagger Spray+1","Endless Agony"],"picked":"Leg Sweep","floor":29},{"not_picked":["Riddle With Holes","Cloak And Dagger"],"picked":"Heel Hook","floor":31}],"player_experience":334653,"relics_obtained":[{"floor":9.0,"key":"Ninja Scroll"},{"floor":10.0,"key":"Snake Skull"},{"floor":26,"key":"Omamori"},{"floor":30,"key":"Bottled Flame"}],"event_choices":[{"event_name":"Big Fish","player_choice":"Donut","floor":2.0,"damage_taken":0.0},{"event_name":"Golden Idol","player_choice":"Take Damage","floor":7.0,"damage_taken":0.0},{"event_name":"Golden Wing","player_choice":"Card Removal","floor":12.0,"damage_taken":0.0},{"event_name":"The Woman in Blue","player_choice":"Bought 0 Potions","floor":19,"damage_taken":0},{"event_name":"Knowing Skull","player_choice":"CARD ","floor":20,"damage_taken":0},{"event_name":"Golden Shrine","player_choice":"Pray","floor":21,"damage_taken":0},{"event_name":"The Mausoleum","player_choice":"Yes","floor":25,"damage_taken":0}],"is_beta":false,"boss_relics":[{"not_picked":["Philosopher\u0027s Stone","Snecko Eye"],"picked":"Orrery"}],"items_purged_floors":[],"is_endless":false,"potions_floor_spawned":[3,11,14,16,18,24,31],"killed_by":"Collector","ascension_level":9}