{"gold_per_floor":[114,114,114,129,129,162,162,188,200,230,272,18,18,41,41,172,172,193,193,193,212,212,212,232,251,251,272,272,30,49,80,80,210,210,251,272,272,297,35,35,51,51,105,105,128,153,73,73],"floor_reached":48,"playtime":4205,"items_purged":[],"score":504,"play_id":"bdb75faa-b0b8-4cbf-ab6d-cb79b0eeaaeb","local_time":"20190116101136","is_ascension_mode":false,"campfire_choices":[{"floor":15,"key":"REST"},{"floor":23,"key":"REST"},{"data":"Envenom","floor":28,"key":"SMITH"},{"floor":32,"key":"REST"},{"floor":40,"key":"REST"}],"neow_cost":"NONE","seed_source_timestamp":1859872217194883,"circlet_count":0,"master_deck":["Defend_G","Defend_G","Defend_G","Strike_G","Strike_G","Strike_G","Strike_G+1","Strike_G","Survivor","Neutralize","Sucker Punch+1","Cloak And Dagger","Storm of Steel","Poisoned Stab","Finisher","Dagger Throw","Eviscerate","Noxious Fumes","Sucker Punch","Envenom+1","Blade Dance+1","Endless Agony","Deflect","Escape Plan","Underhanded Strike","Heel Hook","Envenom+1","Outmaneuver+1","Calculated Gamble","Adrenaline","Heel Hook","Bane+1","Iron Wave","Slice+1","Dash","Madness","Madness","Blade Dance","Slice+1","Accuracy"],"relics":["Ring of the Serpent","Anchor","Golden Idol","Torii","Ornamental Fan","MawBank","Bird Faced Urn","Odd Mushroom","Toolbox","MutagenicStrength","Enchiridion","Pantograph","DollysMirror","Orichalcum","WristBlade","Mummified Hand","Smiling Mask"],"potions_floor_usage":[11,16,27,33,33,36,45,48],"damage_taken":[{"damage":1,"enemies":"Cultist","floor":1,"turns":3},{"damage":0,"enemies":"Small Slimes","floor":4,"turns":3},{"damage":12,"enemies":"3 Sentries","floor":6,"turns":11},{"damage":0,"enemies":"2 Louse","floor":8,"turns":2},{"damage":2,"enemies":"Blue Slaver","floor":10,"turns":4},{"damage":8,"enemies":"The Mushroom Lair","floor":11,"turns":5},{"damage":2,"enemies":"3 Louse","floor":14,"turns":4},{"damage":8,"enemies":"Hexaghost","floor":16,"turns":10},{"damage":19,"enemies":"3 Byrds","floor":18,"turns":6},{"damage":12,"enemies":"Spheric Guardian","floor":21,"turns":5},{"damage":0,"enemies":"Chosen and Byrds","floor":24,"turns":4},{"damage":12,"enemies":"3 Cultists","floor":25,"turns":6},{"damage":0,"enemies":"Snake Plant","floor":27,"turns":3},{"damage":10,"enemies":"Centurion and Healer","floor":30,"turns":5},{"damage":29,"enemies":"Slavers","floor":31,"turns":5},{"damage":82,"enemies":"Collector","floor":33,"turns":8},{"damage":16,"enemies":"3 Shapes","floor":35,"turns":4},{"damage":8,"enemies":"3 Darklings","floor":36,"turns":3},{"damage":34,"enemies":"Maw","floor":38,"turns":7},{"damage":10,"enemies":"Sphere and 2 Shapes","floor":41,"turns":4},{"damage":16,"enemies":"Writhing Mass","floor":45,"turns":4},{"damage":9,"enemies":"4 Shapes","floor":46,"turns":3},{"damage":25,"enemies":"Transient","floor":48,"turns":5}],"seed_played":"-4205334788075528960","potions_obtained":[{"floor":8,"key":"Dexterity Potion"},{"floor":10,"key":"Fire Potion"},{"floor":14,"key":"GamblersBrew"},{"floor":16,"key":"FairyPotion"},{"floor":18,"key":"PowerPotion"},{"floor":31,"key":"GamblersBrew"},{"floor":35,"key":"AttackPotion"},{"floor":41,"key":"FearPotion"},{"floor":45,"key":"Block Potion"}],"is_trial":false,"path_per_floor":["M","?","?","M","?","E","?","M","T","M","?","$","?","M","R","B",null,"M","?","?","M","?","R","M","M","T","M","R","$","M","E","R","B",null,"M","M","?","M","$","R","M","$","T","?","M","M","$","M"],"character_chosen":"THE_SILENT","items_purchased":["Toolbox","Noxious Fumes","Heel Hook","DollysMirror","Mummified Hand","Accuracy"],"campfire_rested":4,"item_purchase_floors":[12,12,29,29,39,47],"current_hp_per_floor":[69,52,52,52,52,40,33,33,33,31,23,23,9,9,30,24,70,53,53,37,31,31,52,56,48,48,52,52,52,52,33,54,7,70,54,50,50,24,24,45,43,43,43,34,26,21,21,0],"gold":73,"neow_bonus":"RANDOM_COMMON_RELIC","is_prod":false,"is_daily":false,"chose_seed":false,"campfire_upgraded":1,"win_rate":0.0,"timestamp":1547651496,"path_taken":["M","?","?","M","?","E","?","M","T","?","?","$","?","M","R","BOSS","M","?","?","M","?","R","M","?","T","?","R","$","M","E","R","BOSS","M","M","?","?","?","R","M","$","T","?","?","M","$","M"],"build_version":"2019-01-10","purchased_purges":0,"victory":false,"max_hp_per_floor":[70,70,70,70,70,70,70,70,70,70,70,70,70,70,70,70,70,70,70,70,70,70,70,70,70,70,70,70,70,70,70,70,70,70,70,70,70,70,70,70,70,70,70,70,70,70,70,70],"card_choices":[{"not_picked":["Dodge and Roll","Acrobatics"],"picked":"Sucker Punch","floor":1},{"not_picked":["Bane","Outmaneuver"],"picked":"Cloak And Dagger","floor":4},{"not_picked":["Backflip","Underhanded Strike"],"picked":"Poisoned Stab","floor":6},{"not_picked":["Predator","Acrobatics"],"picked":"Finisher","floor":8},{"not_picked":["Flying Knee","Dagger Spray"],"picked":"Dagger Throw","floor":10},{"not_picked":["Doppelganger","Skewer"],"picked":"Eviscerate","floor":11},{"not_picked":["Bouncing Flask","Deadly Poison"],"picked":"Sucker Punch","floor":14},{"not_picked":["Doppelganger","Glass Knife"],"picked":"Envenom","floor":16},{"not_picked":["Bane","Poisoned Stab"],"picked":"Blade Dance+1","floor":18},{"not_picked":["PiercingWail","Flying Knee"],"picked":"Endless Agony","floor":21},{"not_picked":["Blur","Poisoned Stab"],"picked":"Deflect","floor":24},{"not_picked":["Choke+1","Leg Sweep"],"picked":"Escape Plan","floor":25},{"not_picked":["Bouncing Flask","PiercingWail"],"picked":"Underhanded Strike","floor":27},{"not_picked":["Caltrops+1","Flechettes"],"picked":"Outmaneuver+1","floor":30},{"not_picked":["Night Terror","Outmaneuver"],"picked":"Calculated Gamble","floor":31},{"not_picked":["After Image","Night Terror"],"picked":"Adrenaline","floor":33},{"not_picked":["Outmaneuver+1","Sucker Punch"],"picked":"Heel Hook","floor":35},{"not_picked":["Poisoned Stab","Flechettes"],"picked":"Bane+1","floor":36},{"not_picked":["Flying Knee+1","Noxious Fumes"],"picked":"Slice+1","floor":38},{"not_picked":["Quick Slash","Dagger Spray+1"],"picked":"Dash","floor":41},{"not_picked":["Bouncing Flask","Dodge and Roll"],"picked":"Blade Dance","floor":45},{"not_picked":["Night Terror","Outmaneuver"],"picked":"Slice+1","floor":46}],"player_experience":50237,"relics_obtained":[{"floor":6,"key":"Ornamental Fan"},{"floor":9,"key":"Bird Faced Urn"},{"floor":11,"key":"Odd Mushroom"},{"floor":20,"key":"Enchiridion"},{"floor":26,"key":"Pantograph"},{"floor":31,"key":"Orichalcum"},{"floor":43,"key":"Smiling Mask"}],"event_choices":[{"damage_healed":0,"gold_gain":0,"player_choice":"Take Damage","damage_taken":17,"relics_obtained":["Golden Idol"],"max_hp_gain":0,"max_hp_loss":0,"event_name":"Golden Idol","floor":2,"gold_loss":0},{"damage_healed":0,"gold_gain":0,"player_choice":"Box","damage_taken":0,"relics_obtained":["Torii"],"max_hp_gain":0,"max_hp_loss":0,"event_name":"Big Fish","floor":3,"gold_loss":0,"cards_obtained":["Regret"]},{"damage_healed":0,"gold_gain":0,"cards_transformed":["Defend_G"],"player_choice":"Change","damage_taken":0,"max_hp_gain":0,"max_hp_loss":0,"event_name":"Living Wall","floor":5,"gold_loss":0,"cards_obtained":["Storm of Steel"]},{"damage_healed":0,"gold_gain":0,"player_choice":"Success","damage_taken":7,"relics_obtained":["MawBank"],"max_hp_gain":0,"max_hp_loss":0,"event_name":"Scrap Ooze","floor":7,"gold_loss":0},{"damage_healed":0,"gold_gain":0,"player_choice":"Fought Mushrooms","damage_taken":0,"max_hp_gain":0,"max_hp_loss":0,"event_name":"Mushrooms","floor":11,"gold_loss":0},{"damage_healed":0,"gold_gain":0,"player_choice":"Entered Light","damage_taken":14,"max_hp_gain":0,"max_hp_loss":0,"event_name":"Shining Light","floor":13,"gold_loss":0,"cards_upgraded":["Strike_G","Sucker Punch"]},{"damage_healed":0,"gold_gain":0,"player_choice":"Inject Mutagens","damage_taken":0,"relics_obtained":["MutagenicStrength"],"max_hp_gain":0,"max_hp_loss":0,"event_name":"Drug Dealer","floor":19,"gold_loss":0},{"damage_healed":0,"gold_gain":0,"player_choice":"Obtained Book","damage_taken":16,"max_hp_gain":0,"max_hp_loss":0,"event_name":"Cursed Tome","floor":20,"gold_loss":0},{"cards_removed":["Regret"],"damage_healed":0,"gold_gain":0,"player_choice":"Removed Curses","damage_taken":0,"max_hp_gain":0,"max_hp_loss":0,"event_name":"Fountain of Cleansing","floor":22,"gold_loss":0},{"cards_removed":["Defend_G"],"damage_healed":0,"gold_gain":0,"player_choice":"Took Card","damage_taken":0,"max_hp_gain":0,"max_hp_loss":0,"event_name":"NoteForYourself","floor":37,"gold_loss":0,"cards_obtained":["Iron Wave"]},{"damage_healed":0,"gold_gain":0,"player_choice":"Embrace Madness","damage_taken":9,"max_hp_gain":0,"max_hp_loss":0,"event_name":"Winding Halls","floor":44,"gold_loss":0,"cards_obtained":["Madness","Madness"]}],"is_beta":false,"boss_relics":[{"not_picked":["Fusion Hammer","Velvet Choker"],"picked":"Ring of the Serpent"},{"not_picked":["White Beast Statue","Busted Crown"],"picked":"WristBlade"}],"items_purged_floors":[],"is_endless":false,"potions_floor_spawned":[8,10,14,16,18,21,24,31,35,41,45],"killed_by":"Transient","ascension_level":0}