{"gold_per_floor":[119,119,119,119,119,119,134,134,159,159,172,182,197,209,209,281,281,298,97,12,12,23,52,52,52,77,93,93,123,123,143,143,216,216,236,263,276,76,0,35,35,70,119,119,135,153,153,164,164,164,164,164,64,97,97],"floor_reached":55,"playtime":5725,"items_purged":["Strike_G","Neutralize"],"score":1374,"play_id":"170679dc-9428-4ac5-a399-367570318400","local_time":"20181224011129","is_ascension_mode":true,"campfire_choices":[{"floor":6.0,"key":"REST"},{"data":"Catalyst","floor":8.0,"key":"SMITH"},{"data":"Bouncing Flask","floor":15.0,"key":"SMITH"},{"data":"Catalyst","floor":24,"key":"SMITH"},{"data":"Blur","floor":28,"key":"SMITH"},{"floor":32,"key":"REST"},{"data":"Bouncing Flask","floor":41,"key":"SMITH"},{"data":"Catalyst","floor":44,"key":"SMITH"},{"floor":47,"key":"REST"},{"floor":49,"key":"RECALL"},{"data":"Doppelganger","floor":52,"key":"SMITH"}],"neow_cost":"NONE","seed_source_timestamp":0,"circlet_count":0,"master_deck":["AscendersBane","Defend_G","Defend_G","Defend_G+1","Defend_G","Defend_G","Survivor+1","Bouncing Flask+1","Catalyst+1","Deadly Poison","Leg Sweep+1","Doppelganger+1","Blur+1","Bouncing Flask+1","Bandage Up","Tools of the Trade","Die Die Die","Catalyst+1","Well Laid Plans","Catalyst+1","Malaise+1","Prepared+1","Dodge and Roll+1","Expertise+1","Bouncing Flask+1","Backflip+1","Prepared+1"],"special_seed":0,"relics":["Philosopher\u0027s Stone","Mercury Hourglass","Art of War","Sozu","Bronze Scales","War Paint","Happy Flower","Tough Bandages","Toxic Egg 2","Lizard Tail","Strange Spoon","Red Mask","Question Card","Dream Catcher","Ancient Tea Set","Orichalcum"],"potions_floor_usage":[55],"damage_taken":[{"damage":4.0,"enemies":"Jaw Worm","floor":1.0,"turns":6.0},{"damage":1.0,"enemies":"2 Louse","floor":7.0,"turns":2.0},{"damage":0.0,"enemies":"Small Slimes","floor":11.0,"turns":3.0},{"damage":1.0,"enemies":"Blue Slaver","floor":12.0,"turns":3.0},{"damage":2.0,"enemies":"Looter","floor":13.0,"turns":3.0},{"damage":0.0,"enemies":"Exordium Wildlife","floor":14.0,"turns":3.0},{"damage":36.0,"enemies":"Slime Boss","floor":16.0,"turns":11.0},{"damage":0.0,"enemies":"Shell Parasite","floor":18.0,"turns":3.0},{"damage":11.0,"enemies":"Spheric Guardian","floor":22.0,"turns":4.0},{"damage":3,"enemies":"Gremlin Leader","floor":23,"turns":6},{"damage":0,"enemies":"Snecko","floor":27,"turns":3},{"damage":19,"enemies":"Book of Stabbing","floor":29,"turns":4},{"damage":6,"enemies":"Shelled Parasite and Fungi","floor":31,"turns":4},{"damage":27,"enemies":"Collector","floor":33,"turns":4},{"damage":0,"enemies":"3 Shapes","floor":35,"turns":4},{"damage":0,"enemies":"Orb Walker","floor":37,"turns":3},{"damage":0,"enemies":"Nemesis","floor":40,"turns":4},{"damage":35,"enemies":"Reptomancer","floor":42,"turns":5},{"damage":0,"enemies":"Maw","floor":45,"turns":3},{"damage":16,"enemies":"Jaw Worm Horde","floor":46,"turns":5},{"damage":6,"enemies":"Transient","floor":48,"turns":5},{"damage":24,"enemies":"Time Eater","floor":50,"turns":5},{"damage":42,"enemies":"Shield and Spear","floor":54,"turns":4},{"damage":64,"enemies":"The Heart","floor":55,"turns":3}],"seed_played":"1159767527510665666","potions_obtained":[{"floor":1.0,"key":"FearPotion"},{"floor":7.0,"key":"Weak Potion"},{"floor":12.0,"key":"SpeedPotion"},{"floor":16.0,"key":"Energy Potion"}],"is_trial":false,"path_per_floor":["M","?","T","?","?","R","M","R","T","?","M","M","M","M","R","B",null,"M","$","?","?","M","E","R","$","T","M","R","E","T","M","R","B",null,"M","T","M","$","?","E","R","E","T","R","M","M","R","M","R","B",null,"R","$","E","B"],"character_chosen":"THE_SILENT","items_purchased":["Bouncing Flask","Bandage Up","Strange Spoon"],"campfire_rested":3,"item_purchase_floors":[19,19,38],"current_hp_per_floor":[55,48,48,48,28,47,46,46,46,46,46,45,43,43,43,7,51,51,51,51,51,44,45,45,45,45,49,49,34,34,32,51,28,57,57,57,57,57,57,65,65,34,34,34,38,26,45,47,47,27,56,56,56,18,0],"gold":97,"neow_bonus":"BOSS_RELIC","is_prod":false,"is_daily":false,"chose_seed":false,"campfire_upgraded":7,"win_rate":0,"timestamp":1545610289,"path_taken":["M","?","?","?","?","R","M","R","T","?","M","?","M","M","R","BOSS","M","$","?","?","M","E","R","$","T","M","R","E","?","?","R","BOSS","M","?","?","$","?","E","R","E","T","R","M","M","R","M","R","BOSS","R","$","E","BOSS"],"build_version":"2018-12-20","purchased_purges":2,"victory":false,"max_hp_per_floor":[66,66,66,66,66,66,66,66,66,66,66,66,66,66,66,66,66,66,66,66,66,66,66,66,66,66,66,66,66,66,66,66,66,66,66,66,66,66,66,66,66,66,66,66,66,66,66,66,66,66,66,66,66,66,66],"card_choices":[{"not_picked":["Calculated Gamble","Slice"],"picked":"Bouncing Flask","floor":1.0},{"not_picked":["Acrobatics","Outmaneuver"],"picked":"Catalyst","floor":7.0},{"not_picked":["Blade Dance","Dagger Throw","Heel Hook"],"picked":"SKIP","floor":11.0},{"not_picked":["Slice","Flying Knee"],"picked":"Deadly Poison","floor":12.0},{"not_picked":["Skewer","Setup","Flying Knee"],"picked":"SKIP","floor":13.0},{"not_picked":["Setup","Dagger Spray"],"picked":"Leg Sweep","floor":14.0},{"not_picked":["Night Terror","Storm of Steel"],"picked":"Doppelganger","floor":16.0},{"not_picked":["Dodge and Roll","Acrobatics"],"picked":"Blur","floor":18.0},{"not_picked":["Dagger Throw","Deflect","Deadly Poison"],"picked":"SKIP","floor":22.0},{"not_picked":["Sucker Punch","Night Terror"],"picked":"Catalyst","floor":23},{"not_picked":["Prepared","Sucker Punch"],"picked":"Well Laid Plans","floor":27},{"not_picked":["Masterful Stab","Blade Dance+1"],"picked":"Catalyst","floor":29},{"not_picked":["Cloak And Dagger+1","Well Laid Plans","Infinite Blades"],"picked":"SKIP","floor":31},{"not_picked":["Glass Knife","Venomology+1"],"picked":"Malaise+1","floor":33},{"not_picked":["Deflect+1","Terror+1"],"picked":"Prepared+1","floor":35},{"not_picked":["Quick Slash","Outmaneuver+1"],"picked":"Dodge and Roll+1","floor":37},{"not_picked":["Flying Knee+1","Cloak And Dagger+1"],"picked":"Expertise+1","floor":40},{"not_picked":["Grand Finale","Choke+1","Quick Slash"],"picked":"Bouncing Flask+1","floor":42},{"not_picked":["Tactician+1","Flying Knee","Poisoned Stab"],"picked":"Backflip+1","floor":45},{"not_picked":["Setup+1","Deflect+1","Cloak And Dagger+1","Concentrate+1"],"picked":"SKIP","floor":46},{"not_picked":["Slice","Deadly Poison+1","Distraction+1","Dagger Throw"],"picked":"SKIP","floor":48},{"not_picked":["Dagger Spray","Slice","Reflex+1"],"picked":"Prepared+1","floor":54}],"player_experience":646175,"relics_obtained":[{"floor":3.0,"key":"Mercury Hourglass"},{"floor":9.0,"key":"Art of War"},{"floor":23,"key":"War Paint"},{"floor":26,"key":"Happy Flower"},{"floor":29,"key":"Tough Bandages"},{"floor":30,"key":"Toxic Egg 2"},{"floor":40,"key":"Question Card"},{"floor":42,"key":"Dream Catcher"},{"floor":43,"key":"Ancient Tea Set"},{"floor":54,"key":"Orichalcum"}],"event_choices":[{"cards_removed":["Strike_G"],"damage_healed":0.0,"max_hp_gain":0.0,"max_hp_loss":0.0,"gold_gain":0.0,"event_name":"Golden Wing","player_choice":"Card Removal","floor":2.0,"gold_loss":0.0,"damage_taken":7.0},{"damage_healed":0.0,"max_hp_gain":0.0,"max_hp_loss":0.0,"gold_gain":0.0,"event_name":"Scrap Ooze","player_choice":"Fled","floor":4.0,"gold_loss":0.0,"damage_taken":0.0},{"damage_healed":0.0,"max_hp_gain":0.0,"max_hp_loss":0.0,"gold_gain":0.0,"event_name":"Shining Light","player_choice":"Entered Light","floor":5.0,"gold_loss":0.0,"damage_taken":20.0,"cards_upgraded":["Strike_G","Defend_G"]},{"cards_removed":["Strike_G"],"damage_healed":0.0,"max_hp_gain":0.0,"max_hp_loss":0.0,"gold_gain":0.0,"event_name":"Living Wall","player_choice":"Forget","floor":10.0,"gold_loss":0.0,"damage_taken":0.0},{"damage_healed":0.0,"max_hp_gain":0.0,"max_hp_loss":0.0,"gold_gain":0.0,"event_name":"Addict","player_choice":"Obtained Relic","floor":20.0,"gold_loss":85.0,"damage_taken":0.0,"relics_obtained":["Bronze Scales"]},{"damage_healed":0.0,"max_hp_gain":0.0,"max_hp_loss":0.0,"gold_gain":0.0,"cards_transformed":["Strike_G","Strike_G"],"event_name":"Drug Dealer","player_choice":"Became Test Subject","floor":21.0,"gold_loss":0.0,"damage_taken":0.0,"cards_obtained":["Tools of the Trade","Die Die Die"]},{"damage_healed":0,"gold_gain":0,"player_choice":"Paid","damage_taken":0,"relics_obtained":["Red Mask"],"max_hp_gain":0,"max_hp_loss":0,"event_name":"Tomb of Lord Red Mask","floor":39,"gold_loss":76}],"is_beta":false,"boss_relics":[{"not_picked":["Tiny House","Orrery"],"picked":"Sozu"},{"not_picked":["White Beast Statue","Snecko Eye"],"picked":"Lizard Tail"}],"items_purged_floors":[19,53],"is_endless":false,"potions_floor_spawned":[1,7,12,16,22,27,29,33,40,42,46],"killed_by":"The Heart","ascension_level":15}