{"gold_per_floor":[99,119,130,149,24,56,56,81,81,114,114,79,49,65,65,65],"floor_reached":16,"playtime":1864,"items_purged":["Strike_R"],"score":126,"play_id":"e6673f88-ed75-41c7-828e-cbc5a020eb04","local_time":"20190216213654","is_ascension_mode":true,"campfire_choices":[{"floor":7,"key":"REST"},{"data":"Barricade","floor":11,"key":"SMITH"},{"data":"Flame Barrier","floor":15,"key":"SMITH"}],"neow_cost":"NONE","seed_source_timestamp":45197174343838,"circlet_count":0,"master_deck":["Strike_R","Strike_R","Strike_R","Defend_R","Defend_R","Defend_R","Defend_R","Bash","Exhume","Body Slam","Shockwave","Shrug It Off","Barricade+1","Flame Barrier+1"],"relics":["Burning Blood","Sundial","Turnip","Pear"],"potions_floor_usage":[8,10,14],"damage_taken":[{"damage":7,"enemies":"2 Louse","floor":1,"turns":3},{"damage":5,"enemies":"Jaw Worm","floor":2,"turns":5},{"damage":4,"enemies":"Small Slimes","floor":3,"turns":6},{"damage":5,"enemies":"Exordium Wildlife","floor":4,"turns":6},{"damage":67,"enemies":"Lagavulin","floor":6,"turns":11},{"damage":23,"enemies":"3 Sentries","floor":8,"turns":13},{"damage":24,"enemies":"Gremlin Nob","floor":10,"turns":5},{"damage":4,"enemies":"Looter","floor":13,"turns":4},{"damage":5,"enemies":"Exordium Thugs","floor":14,"turns":6},{"damage":43,"enemies":"Hexaghost","floor":16,"turns":14}],"seed_played":"5659418953747568411","potions_obtained":[{"floor":3,"key":"SpeedPotion"},{"floor":8,"key":"Poison Potion"},{"floor":10,"key":"Block Potion"},{"floor":14,"key":"Fire Potion"}],"is_trial":false,"path_per_floor":["M","M","M","M","$","E","R","E","T","E","R","?","M","M","R","B"],"character_chosen":"IRONCLAD","items_purchased":["Shrug It Off"],"campfire_rested":1,"item_purchase_floors":[5],"current_hp_per_floor":[79,80,80,80,80,19,43,26,26,18,18,40,42,43,43,0],"gold":65,"neow_bonus":"TRANSFORM_CARD","is_prod":false,"is_daily":false,"chose_seed":false,"campfire_upgraded":2,"win_rate":0,"timestamp":1550349414,"path_taken":["M","M","M","M","$","E","R","E","T","E","R","?","M","M","R","BOSS"],"build_version":"2019-01-23","purchased_purges":1,"victory":false,"max_hp_per_floor":[80,80,80,80,80,80,80,80,80,90,90,90,90,90,90,90],"card_choices":[{"not_picked":["Pommel Strike","Wild Strike"],"picked":"Body Slam","floor":1},{"not_picked":["Second Wind","Headbutt","Perfected Strike"],"picked":"SKIP","floor":2},{"not_picked":["Dropkick","Entrench"],"picked":"Shockwave","floor":3},{"not_picked":["Second Wind","Wild Strike","Burning Pact"],"picked":"SKIP","floor":4},{"not_picked":["Warcry","Whirlwind","Clash"],"picked":"SKIP","floor":6},{"not_picked":["Immolate","Power Through"],"picked":"Barricade","floor":8},{"not_picked":["Clash","True Grit","Anger"],"picked":"SKIP","floor":10},{"not_picked":["Rampage","Warcry"],"picked":"Flame Barrier","floor":13},{"not_picked":["Warcry","Reckless Charge","Second Wind"],"picked":"SKIP","floor":14}],"player_experience":187953,"relics_obtained":[{"floor":6,"key":"Sundial"},{"floor":8,"key":"Turnip"},{"floor":10,"key":"Pear"}],"event_choices":[{"damage_healed":22,"gold_gain":0,"player_choice":"Healed","damage_taken":0,"max_hp_gain":0,"max_hp_loss":0,"event_name":"The Cleric","floor":12,"gold_loss":35}],"is_beta":false,"boss_relics":[],"items_purged_floors":[5],"is_endless":false,"potions_floor_spawned":[3,8,10,14],"killed_by":"Hexaghost","ascension_level":1}