{"gold_per_floor":[114,129,145,145,145,145,177,177,226,226,254,266,288,325,337,453,465,446,487,499,523,535,547,577,589,601,641,653,378,18,28,28,127,127,146,146,166,388,27,27,43,43,89,101,101,113,144,154,154,154],"floor_reached":51,"playtime":5181,"items_purged":["Underhanded Strike+1"],"score":1181,"play_id":"3d91aa53-c60e-4486-afbf-ab69d7d9d05c","local_time":"20180724141304","is_ascension_mode":true,"campfire_choices":[{"data":"Masterful Stab","floor":6,"key":"SMITH"},{"data":"Acrobatics","floor":8,"key":"SMITH"},{"floor":10,"key":"REST"},{"floor":15,"key":"REST"},{"data":"Footwork","floor":23,"key":"SMITH"},{"data":"Dash","floor":25,"key":"SMITH"},{"floor":28,"key":"REST"},{"floor":32,"key":"DIG"},{"floor":40,"key":"DIG"},{"floor":42,"key":"DIG"},{"floor":45,"key":"DIG"},{"floor":49,"key":"DIG"}],"neow_cost":"NONE","seed_source_timestamp":1445283213575,"circlet_count":0,"master_deck":["Defend_G+1","Defend_G+1","Defend_G+1","Defend_G+1","Defend_G+1","Strike_G+1","Strike_G+1","Survivor+1","Neutralize","Bullet Time+1","Escape Plan+1","Masterful Stab+1","Acrobatics+1","Dash+1","Backflip","Escape Plan","Phantasmal Killer","Backflip+1","Footwork+1","Die Die Die","Predator","Infinite Blades","Bandage Up","Blade Dance+1","A Thousand Cuts","PiercingWail+1","Cloak And Dagger+1","Cloak And Dagger+1","Finesse","Well Laid Plans+1","Calculated Gamble","PiercingWail"],"relics":["Astrolabe","Art of War","Ancient Tea Set","Orichalcum","MawBank","Thread and Needle","WristBlade","Red Mask","Snake Skull","Bird Faced Urn","Shovel","Bronze Scales","Meat on the Bone","Coffee Dripper","Incense Burner","Bottled Tornado","Molten Egg 2","Shuriken","War Paint","Centennial Puzzle","Letter Opener","Mummified Hand"],"potions_floor_usage":[14,16,24,50,50,50],"damage_taken":[{"damage":0,"enemies":"Cultist","floor":1,"turns":5},{"damage":0,"enemies":"2 Louse","floor":2,"turns":3},{"damage":0,"enemies":"Small Slimes","floor":3,"turns":6},{"damage":29,"enemies":"Gremlin Nob","floor":7,"turns":5},{"damage":19,"enemies":"Lagavulin","floor":11,"turns":7},{"damage":0,"enemies":"Blue Slaver","floor":13,"turns":4},{"damage":12,"enemies":"Gremlin Nob","floor":14,"turns":5},{"damage":22,"enemies":"Slime Boss","floor":16,"turns":13},{"damage":0,"enemies":"2 Thieves","floor":18,"turns":5},{"damage":0,"floor":19,"turns":4},{"damage":15,"enemies":"3 Byrds","floor":21,"turns":11},{"damage":2,"enemies":"3 Cultists","floor":24,"turns":6},{"damage":3,"enemies":"Slavers","floor":27,"turns":5},{"damage":0,"enemies":"Chosen and Byrds","floor":31,"turns":6},{"damage":0,"enemies":"Automaton","floor":33,"turns":9},{"damage":0,"enemies":"Flame Bruiser 1 Orb","floor":35,"turns":5},{"damage":0,"floor":36,"turns":8},{"damage":0,"enemies":"3 Shapes","floor":37,"turns":1},{"damage":0,"enemies":"Transient","floor":41,"turns":5},{"damage":0,"enemies":"3 Darklings","floor":44,"turns":4},{"damage":0,"enemies":"Flame Bruiser 2 Orb","floor":46,"turns":4},{"damage":2,"enemies":"2 Orb Walkers","floor":47,"turns":5},{"damage":10,"enemies":"Maw","floor":48,"turns":6},{"damage":4,"enemies":"Awakened One","floor":50,"turns":9}],"seed_played":"2795746922711046558","potions_obtained":[{"floor":11,"key":"Dexterity Potion"},{"floor":13,"key":"LiquidBronze"},{"floor":16,"key":"Dexterity Potion"},{"floor":18,"key":"Regen Potion"},{"floor":21,"key":"Explosive Potion"},{"floor":27,"key":"EssenceOfSteel"},{"floor":36,"key":"Strength Potion"}],"is_trial":false,"path_per_floor":["M","M","M","?","?","R","E","R","T","R","E","$","M","E","R","B",null,"M","?","?","M","?","R","M","R","T","E","R","$","$","M","R","B",null,"M","?","M","?","$","R","M","R","T","M","R","M","E","M","R","B"],"character_chosen":"THE_SILENT","items_purchased":["Shovel","Infinite Blades","Bandage Up","Bronze Scales","Bottled Tornado","Finesse"],"campfire_rested":3,"item_purchase_floors":[29,30,30,30,39,39],"current_hp_per_floor":[70,70,70,70,70,70,41,41,41,62,43,43,43,31,52,30,70,70,70,70,55,42,42,40,40,40,37,59,59,59,67,67,75,75,75,75,75,75,75,75,75,75,75,75,75,75,75,69,69,75],"gold":154,"neow_bonus":"BOSS_RELIC","is_prod":false,"is_daily":false,"chose_seed":false,"campfire_upgraded":4,"win_rate":0,"timestamp":1532434384,"path_taken":["M","M","M","?","?","R","E","R","T","R","E","?","M","E","R","BOSS","M","?","?","M","?","R","M","R","T","E","R","?","$","?","R","BOSS","M","?","?","?","$","R","M","R","T","M","R","M","E","M","R","BOSS"],"build_version":"2018-07-19v2","purchased_purges":1,"victory":true,"max_hp_per_floor":[70,70,70,70,70,70,70,70,70,70,70,70,70,70,70,70,70,70,70,70,70,75,75,75,75,75,75,75,75,75,75,75,75,75,75,75,75,75,75,75,75,75,75,75,75,75,75,75,75,75],"card_choices":[{"not_picked":["Dodge and Roll","Slice","Dagger Throw"],"picked":"SKIP","floor":1},{"not_picked":["Slice","Quick Slash","Crippling Poison"],"picked":"SKIP","floor":2},{"not_picked":["Outmaneuver","Poisoned Stab"],"picked":"Masterful Stab","floor":3},{"not_picked":["Escape Plan","Riddle With Holes"],"picked":"Acrobatics","floor":7},{"not_picked":["Endless Agony","Escape Plan"],"picked":"Dash","floor":11},{"not_picked":["A Thousand Cuts","Dodge and Roll"],"picked":"Backflip","floor":13},{"not_picked":["Slice","All Out Attack"],"picked":"Escape Plan","floor":14},{"not_picked":["Adrenaline","Burst"],"picked":"Phantasmal Killer","floor":16},{"not_picked":["Poisoned Stab","All Out Attack+1"],"picked":"Backflip+1","floor":18},{"not_picked":["Dagger Spray","Bane+1"],"picked":"Footwork","floor":21},{"not_picked":["Deflect","Underhanded Strike"],"picked":"Die Die Die","floor":24},{"not_picked":["Escape Plan","Underhanded Strike+1"],"picked":"Predator","floor":27},{"not_picked":["Quick Slash","Eviscerate"],"picked":"Blade Dance","floor":31},{"not_picked":["Corpse Explosion","Tools of the Trade"],"picked":"A Thousand Cuts","floor":33},{"not_picked":["Dagger Spray","Deflect"],"picked":"PiercingWail+1","floor":35},{"not_picked":["Flying Knee","Dagger Throw"],"picked":"Cloak And Dagger+1","floor":36},{"not_picked":["Dash","Riddle With Holes+1"],"picked":"Cloak And Dagger+1","floor":37},{"not_picked":["Dash+1","Acrobatics"],"picked":"Well Laid Plans+1","floor":41},{"not_picked":["Acrobatics","Bouncing Flask"],"picked":"Calculated Gamble","floor":44},{"not_picked":["Outmaneuver+1","Dagger Throw+1","Flying Knee+1"],"picked":"SKIP","floor":46},{"not_picked":["Acrobatics","Cloak And Dagger","Bane+1"],"picked":"SKIP","floor":47},{"not_picked":["Endless Agony+1","Deadly Poison"],"picked":"PiercingWail","floor":48}],"player_experience":169791,"relics_obtained":[{"floor":7,"key":"Ancient Tea Set"},{"floor":9,"key":"Orichalcum"},{"floor":11,"key":"MawBank"},{"floor":14,"key":"Thread and Needle"},{"floor":19,"key":"Red Mask"},{"floor":26,"key":"Snake Skull"},{"floor":27,"key":"Bird Faced Urn"},{"floor":32,"key":"Meat on the Bone"},{"floor":36,"key":"Incense Burner"},{"floor":40,"key":"Molten Egg 2"},{"floor":42,"key":"Shuriken"},{"floor":43,"key":"War Paint"},{"floor":45,"key":"Centennial Puzzle"},{"floor":47,"key":"Letter Opener"},{"floor":49,"key":"Mummified Hand"}],"event_choices":[{"event_name":"Accursed Blacksmith","player_choice":"Rummage","floor":4,"damage_taken":0},{"event_name":"Living Wall","player_choice":"Forget","floor":5,"damage_taken":0},{"event_name":"Masked Bandits","player_choice":"Fought over 458 gold","floor":19,"damage_taken":0},{"event_name":"Back to Basics","player_choice":"Simplicity","floor":20,"damage_taken":0},{"event_name":"Forgotten Altar","player_choice":"Shed Blood","floor":22,"damage_taken":0},{"event_name":"MindBloom","player_choice":"Fight","floor":36,"damage_taken":0},{"event_name":"Tomb of Lord Red Mask","player_choice":"Wore Mask","floor":38,"damage_taken":0}],"is_beta":false,"boss_relics":[{"not_picked":["Cursed Key","Black Star"],"picked":"WristBlade"},{"not_picked":["Calling Bell","Sozu"],"picked":"Coffee Dripper"}],"items_purged_floors":[30],"is_endless":false,"potions_floor_spawned":[11,13,16,18,21,27,36,44,48],"ascension_level":4}