{"gold_per_floor":[114,129,54,69,149,149,179,214,214,214,229,229,229,244,244,369,369,404,4,4,44,84,12,12,47,47,47,62,77,77,92,92,192,242,257,237,87,102,117,117,157,32,32,47,47,47,62,62,62,62],"floor_reached":50,"playtime":2443,"items_purged":["Wraith Form v2","Grand Finale","Shame"],"score":473,"play_id":"f239285b-63d7-4bab-8ec8-5456a3c90808","local_time":"20190202003829","daily_mods":["Shiny","Colorless Cards","Lethality"],"is_ascension_mode":false,"campfire_choices":[{"data":"After Image","floor":6,"key":"SMITH"},{"floor":10,"key":"REST"},{"data":"Adrenaline","floor":12,"key":"SMITH"},{"floor":15,"key":"REST"},{"floor":24,"key":"REST"},{"floor":27,"key":"REST"},{"floor":32,"key":"REST"},{"data":"A Thousand Cuts","floor":40,"key":"SMITH"},{"floor":45,"key":"REST"},{"data":"Blind","floor":49,"key":"SMITH"}],"neow_cost":"","seed_source_timestamp":1392808405782370,"circlet_count":0,"master_deck":["Venomology","Corpse Explosion+1","Malaise","Phantasmal Killer","Die Die Die","Adrenaline+1","Envenom","Doppelganger","Burst","Tools of the Trade","Night Terror","Unload","After Image+1","Bullet Time","Storm of Steel","Glass Knife","A Thousand Cuts+1","Thinking Ahead+1","Metamorphosis","Master of Strategy","Magnetism","Chrysalis","Transmutation","HandOfGreed","Mayhem","Apotheosis","Secret Weapon","Panache","Violence","Secret Technique","The Bomb","Sadistic Nature","Flash of Steel","Deep Breath+1","Dark Shackles","Blind+1","Deflect","Good Instincts","Flash of Steel+1","Noxious Fumes","Cloak And Dagger","Backstab+1","Adrenaline","Deflect+1","Infinite Blades+1"],"special_seed":17929,"relics":["Ring of the Snake","Turnip","Molten Egg 2","Vajra","Black Star","PreservedInsect","Art of War","Oddly Smooth Stone","Frozen Egg 2","Tiny House","War Paint","Ninja Scroll","Bag of Marbles"],"potions_floor_usage":[7,8,16,18,21,22,28,29,31,33,33,35,36,39,39,44,50,50,50],"damage_taken":[{"damage":7,"enemies":"2 Louse","floor":1,"turns":2},{"damage":0,"enemies":"Cultist","floor":2,"turns":3},{"damage":0,"enemies":"Small Slimes","floor":4,"turns":1},{"damage":18,"enemies":"3 Sentries","floor":7,"turns":3},{"damage":6,"enemies":"Blue Slaver","floor":8,"turns":2},{"damage":0,"enemies":"Lots of Slimes","floor":11,"turns":1},{"damage":0,"enemies":"Exordium Thugs","floor":14,"turns":2},{"damage":5,"enemies":"The Guardian","floor":16,"turns":7},{"damage":8,"enemies":"Chosen","floor":18,"turns":4},{"damage":6,"enemies":"Shell Parasite","floor":21,"turns":3},{"damage":13,"enemies":"Centurion and Healer","floor":22,"turns":4},{"damage":31,"enemies":"Shelled Parasite and Fungi","floor":25,"turns":3},{"damage":0,"enemies":"Cultist and Chosen","floor":28,"turns":3},{"damage":2,"enemies":"Snecko","floor":29,"turns":4},{"damage":3,"enemies":"Centurion and Healer","floor":31,"turns":3},{"damage":28,"enemies":"Champ","floor":33,"turns":9},{"damage":3,"enemies":"Orb Walker","floor":35,"turns":3},{"damage":0,"enemies":"3 Darklings","floor":38,"turns":2},{"damage":0,"enemies":"Jaw Worm Horde","floor":39,"turns":3},{"damage":0,"enemies":"Maw","floor":41,"turns":5},{"damage":14,"enemies":"Spire Growth","floor":44,"turns":4},{"damage":0,"enemies":"Sphere and 2 Shapes","floor":47,"turns":1},{"damage":81,"enemies":"Time Eater","floor":50,"turns":5}],"seed_played":"1821043760548627163","potions_obtained":[{"floor":1,"key":"Dexterity Potion"},{"floor":2,"key":"SpeedPotion"},{"floor":7,"key":"Strength Potion"},{"floor":14,"key":"Regen Potion"},{"floor":25,"key":"LiquidBronze"},{"floor":28,"key":"Fire Potion"},{"floor":31,"key":"Ancient Potion"},{"floor":34,"key":"AttackPotion"},{"floor":36,"key":"Fruit Juice"},{"floor":39,"key":"Explosive Potion"},{"floor":47,"key":"Explosive Potion"}],"is_trial":false,"path_per_floor":["M","M","$","M","?","R","E","M","T","R","M","R","?","M","R","B",null,"M","$","?","M","M","$","R","M","T","R","M","M","?","M","R","B",null,"M","?","$","M","M","R","M","$","T","M","R","T","M","?","R","B"],"character_chosen":"THE_SILENT","items_purchased":["PreservedInsect","Art of War","Noxious Fumes","War Paint"],"campfire_rested":6,"item_purchase_floors":[19,19,23,37],"current_hp_per_floor":[63,63,63,63,63,63,45,39,39,60,60,60,60,60,70,65,70,62,62,62,61,48,48,69,38,38,59,59,57,57,54,70,42,75,72,77,77,77,77,77,77,77,77,63,80,80,80,80,80,0],"gold":62,"neow_bonus":"","is_prod":false,"is_daily":true,"chose_seed":false,"campfire_upgraded":4,"win_rate":0,"timestamp":1549085909,"path_taken":["M","M","$","M","?","R","E","M","T","R","M","R","?","?","R","BOSS","M","?","?","M","M","$","R","M","T","R","M","M","?","M","R","BOSS","M","?","$","M","?","R","M","$","T","M","R","?","M","?","R","BOSS"],"build_version":"2019-01-23","purchased_purges":3,"victory":false,"max_hp_per_floor":[70,70,70,70,70,70,70,70,70,70,70,70,70,70,70,70,70,70,70,70,70,70,70,70,70,70,70,70,70,70,70,70,70,75,75,80,80,80,80,80,80,80,80,80,80,80,80,80,80,80],"card_choices":[{"not_picked":["Outmaneuver","Madness"],"picked":"Flash of Steel","floor":1},{"not_picked":["Well Laid Plans","Blade Dance"],"picked":"Deep Breath","floor":2},{"not_picked":["Outmaneuver","Cloak And Dagger"],"picked":"Dark Shackles","floor":4},{"not_picked":["Crippling Poison","Quick Slash"],"picked":"Blind","floor":7},{"not_picked":["Underhanded Strike","Forethought","Deep Breath"],"picked":"SKIP","floor":8},{"not_picked":["Underhanded Strike+1","Prepared"],"picked":"Deflect","floor":11},{"not_picked":["Quick Slash+1","Underhanded Strike+1"],"picked":"Good Instincts","floor":14},{"not_picked":["Dagger Spray+1","Acrobatics+1","Underhanded Strike+1"],"picked":"SKIP","floor":18},{"not_picked":["Deadly Poison+1","Bouncing Flask+1","Dagger Throw+1"],"picked":"SKIP","floor":21},{"not_picked":["Predator+1","Slice+1","Underhanded Strike+1"],"picked":"SKIP","floor":22},{"not_picked":["Impatience","Poisoned Stab+1","Infinite Blades"],"picked":"SKIP","floor":25},{"not_picked":["Prepared","Deadly Poison","Sucker Punch+1"],"picked":"SKIP","floor":28},{"not_picked":["Flying Knee+1","The Bomb","Outmaneuver"],"picked":"SKIP","floor":29},{"not_picked":["Expertise","Calculated Gamble"],"picked":"Cloak And Dagger","floor":31},{"not_picked":["Blade Dance+1","Slice+1"],"picked":"Backstab+1","floor":34},{"not_picked":["Concentrate","Dagger Spray+1"],"picked":"Adrenaline","floor":35},{"not_picked":["Deadly Poison","Bane+1"],"picked":"Deflect+1","floor":38},{"not_picked":["Dagger Throw+1","Underhanded Strike+1"],"picked":"Infinite Blades+1","floor":39},{"not_picked":["Calculated Gamble+1","Masterful Stab+1","Backflip+1"],"picked":"SKIP","floor":41},{"not_picked":["Bane+1","Sucker Punch+1","Deadly Poison+1"],"picked":"SKIP","floor":44},{"not_picked":["Quick Slash+1","Acrobatics","Dodge and Roll"],"picked":"SKIP","floor":47}],"player_experience":319301,"relics_obtained":[{"floor":7,"key":"Turnip"},{"floor":9,"key":"Molten Egg 2"},{"floor":26,"key":"Oddly Smooth Stone"},{"floor":43,"key":"Ninja Scroll"},{"floor":46,"key":"Bag of Marbles"}],"event_choices":[{"damage_healed":0,"gold_gain":80,"player_choice":"Gained Gold","damage_taken":0,"max_hp_gain":0,"max_hp_loss":0,"event_name":"Golden Wing","floor":5,"gold_loss":0},{"damage_healed":0,"gold_gain":0,"player_choice":"Gave Potion","damage_taken":0,"relics_obtained":["Vajra"],"max_hp_gain":0,"max_hp_loss":0,"event_name":"WeMeetAgain","floor":13,"gold_loss":0},{"damage_healed":0,"gold_gain":0,"player_choice":"Read","damage_taken":0,"max_hp_gain":0,"max_hp_loss":0,"event_name":"The Library","floor":20,"gold_loss":0,"cards_obtained":["Flash of Steel"]},{"damage_healed":0,"gold_gain":0,"player_choice":"Stole Relic","damage_taken":0,"relics_obtained":["Frozen Egg 2"],"max_hp_gain":0,"max_hp_loss":0,"event_name":"Addict","floor":30,"gold_loss":0,"cards_obtained":["Shame"]},{"damage_healed":0,"gold_gain":0,"player_choice":"Bought 1 Potion","damage_taken":0,"max_hp_gain":0,"max_hp_loss":0,"event_name":"The Woman in Blue","floor":36,"gold_loss":0},{"damage_healed":0,"gold_gain":0,"player_choice":"Ignored","damage_taken":0,"max_hp_gain":0,"max_hp_loss":0,"event_name":"Mysterious Sphere","floor":48,"gold_loss":0}],"is_beta":false,"boss_relics":[{"not_picked":["Fusion Hammer","Runic Pyramid"],"picked":"Black Star"},{"not_picked":["Ring of the Serpent","Orrery"],"picked":"Tiny House"}],"items_purged_floors":[3,19,42],"is_endless":false,"potions_floor_spawned":[1,2,7,14,25,28,29,31,39,47],"killed_by":"Time Eater","ascension_level":0}