{"gold_per_floor":[114,114,125,125,300,300,300,320,346,346,361,361],"floor_reached":12,"playtime":770,"items_purged":[],"score":75,"play_id":"0dd0a7c6-1eb3-419d-9b0f-5a9b7f1b2ce2","local_time":"20190107200752","is_ascension_mode":true,"campfire_choices":[{"data":"Go for the Eyes","floor":6,"key":"SMITH"},{"data":"Coolheaded","floor":10,"key":"SMITH"}],"neow_cost":"NONE","seed_source_timestamp":720914220438053,"circlet_count":0,"master_deck":["Strike_B","Strike_B","Strike_B","Strike_B","Defend_B","Defend_B","Defend_B","Defend_B","Zap","Dualcast","Double Energy","Coolheaded+1","Go for the Eyes+1","Doubt","Regret","Rebound"],"relics":["Cracked Core","Juzu Bracelet","Regal Pillow","Ancient Tea Set"],"potions_floor_usage":[],"damage_taken":[{"damage":2,"enemies":"Jaw Worm","floor":1,"turns":3},{"damage":1,"enemies":"Cultist","floor":3,"turns":3},{"damage":6,"enemies":"Small Slimes","floor":8,"turns":4},{"damage":26,"enemies":"3 Louse","floor":11,"turns":4},{"damage":37,"enemies":"Lagavulin","floor":12,"turns":8}],"seed_played":"-3851458087056416292","potions_obtained":[{"floor":11,"key":"Block Potion"}],"is_trial":false,"path_per_floor":["M","?","M","?","?","R","?","M","T","R","M","E"],"character_chosen":"DEFECT","items_purchased":[],"campfire_rested":0,"item_purchase_floors":[],"current_hp_per_floor":[73,73,72,69,69,69,69,63,63,63,37,0],"gold":361,"neow_bonus":"THREE_CARDS","is_prod":false,"is_daily":false,"chose_seed":false,"campfire_upgraded":2,"win_rate":0,"timestamp":1546913272,"path_taken":["M","?","M","?","?","R","?","M","T","R","M","E"],"build_version":"2019-01-03v4","purchased_purges":0,"victory":false,"max_hp_per_floor":[75,75,75,75,75,75,75,75,75,75,75,75],"card_choices":[{"not_picked":["Conserve Battery","Streamline"],"picked":"Double Energy","floor":0},{"not_picked":["Stack","Rebound"],"picked":"Coolheaded","floor":1},{"not_picked":["Double Energy","Leap"],"picked":"Go for the Eyes","floor":3},{"not_picked":["Leap","Double Energy"],"picked":"Rebound","floor":8},{"not_picked":["Rip and Tear","Steam","Multi-Cast"],"picked":"SKIP","floor":11}],"player_experience":54984,"relics_obtained":[{"floor":2,"key":"Juzu Bracelet"}],"event_choices":[{"damage_healed":0,"gold_gain":0,"player_choice":"Relic","damage_taken":0,"max_hp_gain":0,"max_hp_loss":0,"event_name":"Wheel of Change","floor":2,"gold_loss":0},{"damage_healed":0,"gold_gain":0,"player_choice":"Success","damage_taken":3,"relics_obtained":["Regal Pillow"],"max_hp_gain":0,"max_hp_loss":0,"event_name":"Scrap Ooze","floor":4,"gold_loss":0},{"damage_healed":0,"gold_gain":175,"player_choice":"AGREE","damage_taken":0,"max_hp_gain":0,"max_hp_loss":0,"event_name":"Liars Game","floor":5,"gold_loss":0,"cards_obtained":["Doubt"]},{"damage_healed":0,"gold_gain":0,"player_choice":"Box","damage_taken":0,"relics_obtained":["Ancient Tea Set"],"max_hp_gain":0,"max_hp_loss":0,"event_name":"Big Fish","floor":7,"gold_loss":0,"cards_obtained":["Regret"]}],"is_beta":false,"boss_relics":[],"items_purged_floors":[],"is_endless":false,"potions_floor_spawned":[11],"killed_by":"Lagavulin","ascension_level":2}