{"gold_per_floor":[18,18,31,41,41,41,41,41,41,55,55,99,123,164,164,283,283,302,302,217,229,282,282],"floor_reached":23,"playtime":1618,"items_purged":[],"score":311,"play_id":"3dd6b334-b24c-40a0-972e-8d604c110e31","local_time":"20190212141640","is_ascension_mode":true,"campfire_choices":[{"data":"Dualcast","floor":6,"key":"SMITH"},{"data":"Fusion","floor":8,"key":"SMITH"},{"data":"Zap","floor":11,"key":"SMITH"},{"data":"Go for the Eyes","floor":15,"key":"SMITH"}],"neow_cost":"NO_GOLD","seed_source_timestamp":397044999919549,"circlet_count":0,"master_deck":["Strike_B","Strike_B","Strike_B","Strike_B","Defend_B","Defend_B","Defend_B+1","Defend_B","Zap+1","Dualcast+1","Cold Snap","Doubt","Fusion+1","Go for the Eyes+1","Glacier+1","Sunder","Biased Cognition","Defragment+1"],"relics":["FrozenCore","StoneCalendar","Bloody Idol","Juzu Bracelet","Shuriken","War Paint","Ancient Tea Set"],"potions_floor_usage":[12,14,16,18,23,23],"damage_taken":[{"damage":5,"enemies":"Small Slimes","floor":1,"turns":3},{"damage":0,"enemies":"Cultist","floor":3,"turns":2},{"damage":1,"enemies":"2 Louse","floor":4,"turns":3},{"damage":7,"enemies":"Looter","floor":10,"turns":4},{"damage":17,"enemies":"Gremlin Nob","floor":12,"turns":4},{"damage":2,"enemies":"Large Slime","floor":13,"turns":7},{"damage":4,"enemies":"3 Sentries","floor":14,"turns":7},{"damage":0,"enemies":"Slime Boss","floor":16,"turns":7},{"damage":29,"enemies":"3 Byrds","floor":18,"turns":7},{"damage":0,"enemies":"Chosen","floor":21,"turns":6},{"damage":46,"enemies":"Book of Stabbing","floor":23,"turns":8}],"seed_played":"9180127857185657644","potions_obtained":[{"floor":10,"key":"Strength Potion"},{"floor":12,"key":"Dexterity Potion"},{"floor":13,"key":"GamblersBrew"},{"floor":16,"key":"Block Potion"},{"floor":18,"key":"AttackPotion"},{"floor":21,"key":"Explosive Potion"}],"is_trial":false,"path_per_floor":["?","M","?","?","?","?","T"],"character_chosen":"DEFECT","items_purchased":[],"campfire_rested":0,"item_purchase_floors":[],"current_hp_per_floor":[70,70,70,69,69,69,51,51,51,44,44,27,25,21,21,21,62,33,33,33,38,43,0],"gold":282,"neow_bonus":"ONE_RARE_RELIC","is_prod":false,"is_daily":false,"chose_seed":false,"campfire_upgraded":4,"win_rate":0,"timestamp":1549977400,"path_taken":["M","?","M","?","?","R","?","R","T","M","R","E","M","E","R","BOSS","M","?","?","M","?","E"],"build_version":"2019-01-23","purchased_purges":0,"victory":false,"max_hp_per_floor":[75,75,75,75,75,75,75,75,75,75,75,75,75,75,75,75,75,75,75,75,75,75,75],"card_choices":[{"not_picked":["Rebound","Compile Driver"],"picked":"Cold Snap","floor":1},{"not_picked":["Rebound","Lockon"],"picked":"Fusion","floor":3},{"not_picked":["Sweeping Beam","Hello World","Steam"],"picked":"SKIP","floor":4},{"not_picked":["Darkness","Aggregate"],"picked":"Go for the Eyes","floor":10},{"not_picked":["Redo","Scrape"],"picked":"Glacier","floor":12},{"not_picked":["Gash","BootSequence"],"picked":"Sunder","floor":13},{"not_picked":["Hello World","Force Field","Rip and Tear"],"picked":"SKIP","floor":14},{"not_picked":["All For One","Hyperbeam"],"picked":"Biased Cognition","floor":16},{"not_picked":["Redo","Barrage","Streamline"],"picked":"SKIP","floor":18},{"not_picked":["Reinforced Body","Lockon"],"picked":"Defragment+1","floor":21}],"player_experience":144996,"relics_obtained":[{"floor":9,"key":"Juzu Bracelet"},{"floor":12,"key":"Shuriken"},{"floor":14,"key":"War Paint"}],"event_choices":[{"damage_healed":0,"gold_gain":0,"player_choice":"1 cards matched","damage_taken":0,"max_hp_gain":0,"max_hp_loss":0,"event_name":"Match and Keep!","floor":2,"gold_loss":0,"cards_obtained":["Doubt"]},{"damage_healed":0,"gold_gain":0,"player_choice":"Leave","damage_taken":0,"max_hp_gain":0,"max_hp_loss":0,"event_name":"The Cleric","floor":5,"gold_loss":0},{"damage_healed":0,"gold_gain":0,"player_choice":"Take Damage","damage_taken":18,"relics_obtained":["Golden Idol"],"max_hp_gain":0,"max_hp_loss":0,"event_name":"Golden Idol","floor":7,"gold_loss":0},{"damage_healed":0,"gold_gain":0,"player_choice":"Gave Idol","damage_taken":0,"relics_obtained":["Bloody Idol"],"max_hp_gain":0,"max_hp_loss":0,"event_name":"Forgotten Altar","floor":19,"relics_lost":["Golden Idol"],"gold_loss":0},{"damage_healed":0,"gold_gain":0,"player_choice":"Obtained Relic","damage_taken":0,"relics_obtained":["Ancient Tea Set"],"max_hp_gain":0,"max_hp_loss":0,"event_name":"Addict","floor":20,"gold_loss":85}],"is_beta":false,"boss_relics":[{"not_picked":["Runic Dome","White Beast Statue"],"picked":"FrozenCore"}],"items_purged_floors":[],"is_endless":false,"potions_floor_spawned":[10,12,13,16,18,21],"killed_by":"Book of Stabbing","ascension_level":5}