{"gold_per_floor":[115,115,145,145,145,145,145,47,70,70,82,92,122,136,136,231,231,245,256,282,295,312,338,338,169,169,204,216,226,239,268,268,363,363,377,377,252,252,270,298,298,325,325,350,350,350,360,378,378,378],"floor_reached":51,"playtime":4393,"items_purged":["Strike_R","Strike_R","Strike_R"],"score":1288,"play_id":"d9a85901-6202-43c0-a415-0891f521e56f","local_time":"20180724203218","is_ascension_mode":true,"campfire_choices":[{"data":"Shrug It Off","floor":6,"key":"SMITH"},{"data":"Shrug It Off","floor":10,"key":"SMITH"},{"data":"Flame Barrier","floor":15,"key":"SMITH"},{"data":"Juggernaut","floor":24,"key":"SMITH"},{"data":"Juggernaut","floor":32,"key":"SMITH"},{"data":"Ghostly Armor","floor":41,"key":"SMITH"},{"data":"Juggernaut","floor":45,"key":"SMITH"},{"floor":49,"key":"REST"}],"neow_cost":"NONE","seed_source_timestamp":25034746935236,"circlet_count":0,"master_deck":["Strike_R+1","Defend_R+1","Defend_R","Defend_R+1","Defend_R+1","Bash","Shrug It Off+1","Juggernaut+1","Shrug It Off+1","Flame Barrier+1","Juggernaut+1","Battle Trance","Evolve+1","Battle Trance+1","Power Through+1","Disarm+1","Ghostly Armor+1","Warcry+1","Shrug It Off","Juggernaut+1","Madness+1","Madness+1"],"relics":["Runic Dome","Tiny Chest","Pear","War Paint","Omamori","Happy Flower","Sozu","Red Mask","Mercury Hourglass","Ornamental Fan","Orichalcum","Shuriken","Philosopher\u0027s Stone","Gambling Chip","Red Skull","Bottled Lightning","Self Forming Clay","Toxic Egg 2"],"potions_floor_usage":[20,50],"damage_taken":[{"damage":2,"enemies":"Jaw Worm","floor":1,"turns":4},{"damage":0,"enemies":"Cultist","floor":11,"turns":3},{"damage":0,"enemies":"Small Slimes","floor":12,"turns":3},{"damage":0,"enemies":"Lagavulin","floor":13,"turns":8},{"damage":0,"enemies":"2 Fungi Beasts","floor":14,"turns":3},{"damage":43,"enemies":"Slime Boss","floor":16,"turns":14},{"damage":0,"enemies":"3 Byrds","floor":18,"turns":4},{"damage":0,"enemies":"Shell Parasite","floor":19,"turns":4},{"damage":29,"floor":20,"turns":5},{"damage":0,"enemies":"3 Cultists","floor":21,"turns":5},{"damage":10,"enemies":"Sentry and Sphere","floor":22,"turns":5},{"damage":0,"enemies":"Slavers","floor":23,"turns":4},{"damage":2,"enemies":"Book of Stabbing","floor":27,"turns":5},{"damage":0,"enemies":"Centurion and Healer","floor":28,"turns":5},{"damage":0,"enemies":"Snecko","floor":29,"turns":5},{"damage":0,"enemies":"Cultist and Chosen","floor":30,"turns":4},{"damage":0,"enemies":"Slavers","floor":31,"turns":5},{"damage":7,"enemies":"Automaton","floor":33,"turns":9},{"damage":5,"enemies":"3 Darklings","floor":35,"turns":3},{"damage":0,"floor":38,"turns":5},{"damage":0,"enemies":"Orb Walker","floor":39,"turns":3},{"damage":0,"enemies":"Giant Head","floor":40,"turns":7},{"damage":7,"enemies":"2 Orb Walkers","floor":42,"turns":4},{"damage":0,"enemies":"Nemesis","floor":44,"turns":5},{"damage":38,"enemies":"Flame Bruiser 2 Orb","floor":47,"turns":4},{"damage":0,"enemies":"Transient","floor":48,"turns":5},{"damage":26,"enemies":"Time Eater","floor":50,"turns":8}],"seed_played":"8750605179783189803","potions_obtained":[{"floor":11,"key":"PowerPotion"},{"floor":14,"key":"SteroidPotion"}],"is_trial":false,"path_per_floor":["M","?","?","?","T","R","T","$","T","R","M","M","E","M","R","B",null,"M","M","?","M","M","E","R","$","T","E","M","M","M","E","R","B",null,"M","$","$","?","M","E","R","E","T","E","R","?","M","M","R","B"],"character_chosen":"IRONCLAD","items_purchased":["Shrug It Off","Ghostly Armor"],"campfire_rested":1,"item_purchase_floors":[8,25],"current_hp_per_floor":[78,62,55,55,65,65,65,65,65,65,65,65,65,65,65,22,90,90,90,61,61,51,51,51,51,51,49,49,49,49,49,49,42,90,85,85,85,85,85,85,85,78,78,78,78,67,29,29,56,30],"gold":378,"neow_bonus":"BOSS_RELIC","is_prod":false,"is_daily":false,"chose_seed":false,"campfire_upgraded":7,"win_rate":0,"timestamp":1532457138,"path_taken":["M","?","?","?","?","R","?","?","T","R","?","M","E","M","R","BOSS","M","?","?","M","M","E","R","$","T","E","?","M","M","E","R","BOSS","M","?","$","?","M","E","R","E","T","E","R","?","?","M","R","BOSS"],"build_version":"2018-07-19v2","purchased_purges":3,"victory":true,"max_hp_per_floor":[80,80,80,80,90,90,90,90,90,90,90,90,90,90,90,90,90,90,90,90,90,90,90,90,90,90,90,90,90,90,90,90,90,90,90,90,90,90,90,90,90,90,90,90,90,90,90,90,90,90],"card_choices":[{"not_picked":["Sword Boomerang","Armaments"],"picked":"Shrug It Off","floor":1},{"not_picked":["Inflame","Corruption","Blood for Blood"],"picked":"SKIP","floor":11},{"not_picked":["Dropkick","Thunderclap"],"picked":"Flame Barrier","floor":12},{"not_picked":["Twin Strike","Feel No Pain","Thunderclap"],"picked":"SKIP","floor":13},{"not_picked":["Brutality","Hemokinesis","Reckless Charge"],"picked":"SKIP","floor":14},{"not_picked":["Bludgeon","Brutality"],"picked":"Juggernaut","floor":16},{"not_picked":["Fire Breathing+1","Anger"],"picked":"Battle Trance","floor":18},{"not_picked":["Wild Strike","Searing Blow"],"picked":"Evolve+1","floor":19},{"not_picked":["Thunderclap+1","Carnage+1"],"picked":"Battle Trance+1","floor":20},{"not_picked":["Wild Strike","Intimidate"],"picked":"Power Through+1","floor":21},{"not_picked":["True Grit","Sever Soul"],"picked":"Disarm+1","floor":22},{"not_picked":["True Grit+1","Second Wind","Inflame"],"picked":"SKIP","floor":23},{"not_picked":["Iron Wave","Reaper"],"picked":"Warcry+1","floor":27},{"not_picked":["Twin Strike","Searing Blow","Pommel Strike"],"picked":"SKIP","floor":28},{"not_picked":["Twin Strike","Clothesline"],"picked":"Shrug It Off","floor":29},{"not_picked":["Dual Wield","Battle Trance","Iron Wave+1"],"picked":"SKIP","floor":30},{"not_picked":["Anger","Havoc","Double Tap"],"picked":"SKIP","floor":31},{"not_picked":["Immolate","Impervious"],"picked":"Juggernaut","floor":33},{"not_picked":["Armaments","Searing Blow+1","Dual Wield"],"picked":"SKIP","floor":35},{"not_picked":["Twin Strike+1","Perfected Strike+1","Reckless Charge"],"picked":"SKIP","floor":39},{"not_picked":["Wild Strike","Whirlwind","Bludgeon"],"picked":"SKIP","floor":40},{"not_picked":["Armaments+1","Cleave","Limit Break"],"picked":"SKIP","floor":42},{"not_picked":["Burning Pact","Sentinel+1","Body Slam"],"picked":"SKIP","floor":44},{"not_picked":["Thunderclap+1","Reckless Charge+1","Uppercut+1"],"picked":"SKIP","floor":47},{"not_picked":["Searing Blow","Twin Strike+1","Heavy Blade+1"],"picked":"SKIP","floor":48}],"player_experience":184474,"relics_obtained":[{"floor":5,"key":"Pear"},{"floor":7,"key":"War Paint"},{"floor":9,"key":"Omamori"},{"floor":13,"key":"Happy Flower"},{"floor":20,"key":"Red Mask"},{"floor":23,"key":"Mercury Hourglass"},{"floor":26,"key":"Ornamental Fan"},{"floor":27,"key":"Orichalcum"},{"floor":31,"key":"Shuriken"},{"floor":38,"key":"Gambling Chip"},{"floor":40,"key":"Red Skull"},{"floor":42,"key":"Bottled Lightning"},{"floor":43,"key":"Self Forming Clay"},{"floor":44,"key":"Toxic Egg 2"}],"event_choices":[{"event_name":"Shining Light","player_choice":"Entered Light","floor":2,"damage_taken":0},{"event_name":"Scrap Ooze","player_choice":"success","floor":3,"damage_taken":7},{"event_name":"Transmorgrifier","player_choice":"Transform","floor":4,"damage_taken":0},{"event_name":"Masked Bandits","player_choice":"Fought over 256 gold","floor":20,"damage_taken":0},{"event_name":"MindBloom","player_choice":"Fight","floor":38,"damage_taken":0},{"event_name":"Winding Halls","player_choice":"Embrace Madness","floor":46,"damage_taken":0}],"is_beta":false,"boss_relics":[{"not_picked":["Coffee Dripper","Empty Cage"],"picked":"Sozu"},{"not_picked":["Fusion Hammer","Eternal Feather"],"picked":"Philosopher\u0027s Stone"}],"items_purged_floors":[8,25,37],"is_endless":false,"potions_floor_spawned":[11,14,18,19,23,28,33,39,42,48],"ascension_level":3}