{"gold_per_floor":[115,265,265,94,94,125,125,166,166,210,210,228,253,271,271,366,366,387,401,401,52,52,52,52],"floor_reached":24,"playtime":489,"items_purged":["Doubt","Strike_B"],"score":624,"play_id":"fa416725-dd0a-4e63-96eb-c997eceff727","local_time":"20190223223808","is_ascension_mode":true,"campfire_choices":[{"data":"Zap","floor":7,"key":"SMITH"},{"floor":11,"key":"REST"},{"floor":15,"key":"REST"},{"floor":23,"key":"REST"}],"neow_cost":"NONE","seed_source_timestamp":32429966817600,"circlet_count":0,"master_deck":["AscendersBane","Strike_B","Strike_B","Strike_B","Defend_B","Defend_B","Defend_B","Defend_B","Zap+1","Dualcast","Ball Lightning","Genetic Algorithm","Ball Lightning","Electrodynamics","Go for the Eyes+1","Defragment","Seek","BootSequence","Leap","Self Repair"],"relics":["Cracked Core","NeowsBlessing","Golden Idol","Ornamental Fan","Molten Egg 2","Matryoshka","Sozu","Bronze Scales"],"potions_floor_usage":[16,16],"damage_taken":[{"damage":0,"enemies":"2 Louse","floor":1,"turns":1},{"damage":0,"enemies":"Lagavulin","floor":6,"turns":1},{"damage":0,"enemies":"3 Sentries","floor":8,"turns":1},{"damage":27,"enemies":"Gremlin Nob","floor":10,"turns":4},{"damage":10,"enemies":"Small Slimes","floor":12,"turns":3},{"damage":7,"enemies":"Jaw Worm","floor":13,"turns":2},{"damage":8,"enemies":"3 Louse","floor":14,"turns":2},{"damage":0,"enemies":"Slime Boss","floor":16,"turns":4},{"damage":23,"enemies":"2 Thieves","floor":18,"turns":3},{"damage":14,"enemies":"Spheric Guardian","floor":19,"turns":4},{"damage":16,"enemies":"Colosseum Slavers","floor":20,"turns":4},{"damage":33,"enemies":"Book of Stabbing","floor":24,"turns":4}],"seed_played":"3863542197666205310","potions_obtained":[{"floor":1,"key":"SkillPotion"},{"floor":8,"key":"GamblersBrew"},{"floor":10,"key":"FocusPotion"},{"floor":12,"key":"Dexterity Potion"}],"is_trial":false,"path_per_floor":["M","?","?","$","?","E","R","E","T","E","R","M","M","M","R","B",null,"M","M","?","$","?","R","E"],"character_chosen":"DEFECT","items_purchased":["Ball Lightning","Genetic Algorithm","Bronze Scales","Self Repair"],"campfire_rested":3,"item_purchase_floors":[4,4,21,21],"current_hp_per_floor":[64,64,64,64,40,40,40,40,40,13,34,24,17,9,30,30,61,38,24,8,8,8,29,0],"gold":52,"neow_bonus":"THREE_ENEMY_KILL","is_prod":false,"is_daily":false,"chose_seed":false,"campfire_upgraded":1,"win_rate":0,"timestamp":1550954288,"path_taken":["M","?","?","$","?","E","R","E","T","E","R","M","M","M","R","BOSS","M","M","?","$","?","R","E"],"build_version":"2019-01-23","purchased_purges":2,"victory":false,"max_hp_per_floor":[71,71,71,71,71,71,71,71,71,71,71,71,71,71,71,71,71,71,71,71,71,71,71,71],"card_choices":[{"not_picked":["Storm","Steam","Redo"],"picked":"SKIP","floor":1},{"not_picked":["Gash","Chaos"],"picked":"Ball Lightning","floor":6},{"not_picked":["Stack","Heatsinks","Go for the Eyes"],"picked":"SKIP","floor":8},{"not_picked":["Defragment","Stack"],"picked":"Electrodynamics","floor":10},{"not_picked":["Chaos","Storm","Rebound+1"],"picked":"SKIP","floor":12},{"not_picked":["Conserve Battery","Fusion"],"picked":"Go for the Eyes+1","floor":13},{"not_picked":["Cold Snap+1","Hologram"],"picked":"Defragment","floor":14},{"not_picked":["Meteor Strike+1","Reboot"],"picked":"Seek","floor":16},{"not_picked":["Aggregate","Storm"],"picked":"BootSequence","floor":18},{"not_picked":["Turbo","Coolheaded"],"picked":"Leap","floor":19}],"player_experience":933100,"relics_obtained":[{"floor":6,"key":"Ornamental Fan"},{"floor":9,"key":"Molten Egg 2"},{"floor":10,"key":"Matryoshka"}],"event_choices":[{"damage_healed":0,"gold_gain":150,"player_choice":"AGREE","damage_taken":0,"max_hp_gain":0,"max_hp_loss":0,"event_name":"Liars Game","floor":2,"gold_loss":0,"cards_obtained":["Doubt"]},{"damage_healed":0,"gold_gain":0,"player_choice":"Leave","damage_taken":0,"max_hp_gain":0,"max_hp_loss":0,"event_name":"The Cleric","floor":3,"gold_loss":0},{"damage_healed":0,"gold_gain":0,"player_choice":"Take Damage","damage_taken":24,"relics_obtained":["Golden Idol"],"max_hp_gain":0,"max_hp_loss":0,"event_name":"Golden Idol","floor":5,"gold_loss":0},{"damage_healed":0,"gold_gain":0,"player_choice":"Fight","damage_taken":0,"max_hp_gain":0,"max_hp_loss":0,"event_name":"Colosseum","floor":20,"gold_loss":0},{"damage_healed":0,"gold_gain":0,"player_choice":"Fled From Nobs","damage_taken":0,"max_hp_gain":0,"max_hp_loss":0,"event_name":"Colosseum","floor":20,"gold_loss":0},{"damage_healed":0,"gold_gain":0,"player_choice":"Ignored","damage_taken":0,"max_hp_gain":0,"max_hp_loss":0,"event_name":"Beggar","floor":22,"gold_loss":0}],"is_beta":false,"boss_relics":[{"not_picked":["Inserter","Velvet Choker"],"picked":"Sozu"}],"items_purged_floors":[4,21],"is_endless":false,"potions_floor_spawned":[1,8,10,12,14,19],"killed_by":"Book of Stabbing","ascension_level":20}