{"gold_per_floor":[111,111,127,146,146,177,352,352,352,367,442,442,476,487,487,487],"floor_reached":16,"playtime":740,"items_purged":[],"score":160,"play_id":"7eddd7e9-3594-4678-9d5e-6472d8dc42c0","local_time":"20180823212639","is_ascension_mode":true,"campfire_choices":[{"floor":8,"key":"REST"},{"data":"Perfected Strike","floor":12,"key":"SMITH"},{"data":"1","floor":15,"key":"LIFT"}],"neow_cost":"NONE","seed_source_timestamp":13501688754652,"circlet_count":0,"master_deck":["Strike_R","Strike_R","Strike_R","Strike_R","Strike_R","Defend_R+1","Defend_R","Defend_R","Defend_R+1","Bash","Hemokinesis","Normality","Wild Strike","Shockwave","Perfected Strike+1","Doubt","Twin Strike","Pommel Strike","Pommel Strike"],"relics":["Burning Blood","Regal Pillow","Anchor","Blue Candle","Pear","Girya"],"potions_floor_usage":[6,16],"damage_taken":[{"damage":3,"enemies":"Jaw Worm","floor":1,"turns":5},{"damage":12,"enemies":"Cultist","floor":3,"turns":3},{"damage":0,"enemies":"2 Louse","floor":4,"turns":2},{"damage":29,"enemies":"Gremlin Nob","floor":6,"turns":4},{"damage":6,"enemies":"Large Slime","floor":10,"turns":5},{"damage":35,"enemies":"Lagavulin","floor":13,"turns":6},{"damage":3,"enemies":"Looter","floor":14,"turns":1},{"damage":69,"enemies":"The Guardian","floor":16,"turns":9}],"seed_played":"5019669366420097625","potions_obtained":[{"floor":1,"key":"Poison Potion"},{"floor":13,"key":"AttackPotion"},{"floor":14,"key":"Regen Potion"}],"is_trial":false,"path_per_floor":["M","?","M","M","?","E","?","R","T","M","?","R","E","M","R"],"character_chosen":"IRONCLAD","items_purchased":[],"campfire_rested":1,"item_purchase_floors":[],"current_hp_per_floor":[75,75,69,75,59,36,36,75,85,85,74,74,45,48,48,0],"gold":487,"neow_bonus":"RANDOM_COMMON_RELIC","is_prod":false,"is_daily":false,"chose_seed":false,"campfire_upgraded":1,"win_rate":0,"timestamp":1535052399,"path_taken":["M","?","M","?","?","E","?","R","T","?","?","R","E","M","R","BOSS"],"build_version":"2018-08-16","purchased_purges":0,"victory":false,"max_hp_per_floor":[80,80,80,80,80,80,80,80,90,90,90,90,90,90,90,90],"card_choices":[{"not_picked":["Whirlwind","True Grit"],"picked":"Hemokinesis","floor":1},{"not_picked":["True Grit","Iron Wave"],"picked":"Wild Strike","floor":3},{"not_picked":["Thunderclap","Havoc"],"picked":"Shockwave","floor":4},{"not_picked":["Pommel Strike","Impervious"],"picked":"Perfected Strike","floor":6},{"not_picked":["Pummel","Sword Boomerang"],"picked":"Twin Strike","floor":10},{"not_picked":["Dual Wield","Clothesline"],"picked":"Pommel Strike","floor":13},{"not_picked":["Headbutt","Heavy Blade"],"picked":"Pommel Strike","floor":14}],"player_experience":319618,"relics_obtained":[{"floor":6,"key":"Blue Candle"},{"floor":9,"key":"Pear"},{"floor":13,"key":"Girya"}],"event_choices":[{"event_name":"Accursed Blacksmith","player_choice":"Rummage","floor":2,"damage_taken":0},{"event_name":"Shining Light","player_choice":"Entered Light","floor":5,"damage_taken":0},{"event_name":"Liars Game","player_choice":"agreed","floor":7,"damage_taken":0},{"event_name":"World of Goop","player_choice":"Gather Gold","floor":11,"damage_taken":0}],"is_beta":false,"boss_relics":[],"items_purged_floors":[],"is_endless":false,"potions_floor_spawned":[1,13,14],"killed_by":"The Guardian","ascension_level":9}