{"gold_per_floor":[117,97,109,126,136,165,165,192,215,240,260,277,337,302,302,399,399,411,47,47,47,63,63,78,78,129,129,129],"floor_reached":28,"playtime":1797,"items_purged":["Strike_R"],"score":250,"play_id":"616e41fe-9b05-482f-b4a7-200289a3e970","local_time":"20190213212304","is_ascension_mode":true,"campfire_choices":[{"data":"Bash","floor":7,"key":"SMITH"},{"data":"Demon Form","floor":15,"key":"SMITH"},{"floor":23,"key":"DIG"},{"floor":25,"key":"DIG"},{"floor":27,"key":"REST"}],"neow_cost":"NONE","seed_source_timestamp":232002214604,"circlet_count":0,"master_deck":["Strike_R","Strike_R","Strike_R+1","Strike_R","Defend_R","Defend_R","Defend_R","Defend_R","Bash+1","Pommel Strike+1","Pommel Strike","Demon Form+1","Shockwave","Armaments","Offering","Intimidate","Sword Boomerang+1"],"relics":["Burning Blood","Smiling Mask","Whetstone","White Beast Statue","Shovel","Red Skull","Paper Frog","Omamori"],"potions_floor_usage":[6,8,12,18,24,24,24,28],"damage_taken":[{"damage":2,"enemies":"Jaw Worm","floor":1,"turns":4},{"damage":6,"enemies":"Cultist","floor":3,"turns":3},{"damage":4,"enemies":"2 Louse","floor":4,"turns":3},{"damage":7,"enemies":"Exordium Thugs","floor":5,"turns":5},{"damage":32,"enemies":"Gremlin Nob","floor":6,"turns":4},{"damage":26,"enemies":"Lagavulin","floor":8,"turns":6},{"damage":35,"enemies":"3 Sentries","floor":10,"turns":10},{"damage":15,"enemies":"Lots of Slimes","floor":11,"turns":5},{"damage":11,"enemies":"Blue Slaver","floor":12,"turns":5},{"damage":33,"enemies":"Hexaghost","floor":16,"turns":8},{"damage":39,"enemies":"3 Byrds","floor":18,"turns":5},{"damage":26,"enemies":"Spheric Guardian","floor":22,"turns":5},{"damage":21,"enemies":"Shelled Parasite and Fungi","floor":24,"turns":5},{"damage":52,"enemies":"Slavers","floor":28,"turns":4}],"seed_played":"3193602991043873473","potions_obtained":[{"floor":2,"key":"GamblersBrew"},{"floor":4,"key":"BloodPotion"},{"floor":5,"key":"Ancient Potion"},{"floor":11,"key":"Regen Potion"},{"floor":16,"key":"SkillPotion"},{"floor":18,"key":"Energy Potion"},{"floor":22,"key":"Explosive Potion"},{"floor":24,"key":"Poison Potion"}],"is_trial":false,"path_per_floor":["M","?","M","M","M","E","R","E","T","E","M","M","?","?","R","B",null,"M","$","?","$","M","R","M","R","T","R","E"],"character_chosen":"IRONCLAD","items_purchased":["Shovel"],"campfire_rested":1,"item_purchase_floors":[19],"current_hp_per_floor":[88,88,88,88,87,69,69,49,49,20,11,20,20,42,42,15,88,55,55,55,55,35,35,20,20,20,46,0],"gold":129,"neow_bonus":"TEN_PERCENT_HP_BONUS","is_prod":false,"is_daily":false,"chose_seed":false,"campfire_upgraded":2,"win_rate":0,"timestamp":1550089384,"path_taken":["M","?","M","?","M","E","R","E","T","E","M","M","?","?","R","BOSS","M","$","?","$","M","R","?","R","T","R","E"],"build_version":"2019-01-23","purchased_purges":1,"victory":false,"max_hp_per_floor":[88,88,88,88,88,88,88,88,88,88,88,88,88,88,88,88,88,88,88,88,88,88,88,88,88,88,88,88],"card_choices":[{"not_picked":["Heavy Blade","Sword Boomerang","Twin Strike"],"picked":"SKIP","floor":1},{"not_picked":["Armaments","Body Slam"],"picked":"Pommel Strike","floor":3},{"not_picked":["Warcry","Clash"],"picked":"Pommel Strike","floor":4},{"not_picked":["Feel No Pain","Flex","Clash"],"picked":"SKIP","floor":5},{"not_picked":["Armaments","Sword Boomerang","Second Wind"],"picked":"SKIP","floor":6},{"not_picked":["Infernal Blade","Clash","Anger"],"picked":"SKIP","floor":8},{"not_picked":["Reckless Charge","Power Through"],"picked":"Demon Form","floor":10},{"not_picked":["Corruption","Pommel Strike"],"picked":"Shockwave","floor":11},{"not_picked":["Anger","Clash"],"picked":"Armaments","floor":12},{"not_picked":["Double Tap","Exhume"],"picked":"Offering","floor":16},{"not_picked":["Anger+1","Clash+1"],"picked":"Intimidate","floor":18},{"not_picked":["Flex+1","True Grit"],"picked":"Sword Boomerang+1","floor":22},{"not_picked":["Warcry","Anger","Infernal Blade+1"],"picked":"SKIP","floor":24}],"player_experience":186156,"relics_obtained":[{"floor":8,"key":"Smiling Mask"},{"floor":10,"key":"Whetstone"},{"floor":23,"key":"Red Skull"},{"floor":25,"key":"Paper Frog"},{"floor":26,"key":"Omamori"}],"event_choices":[{"damage_healed":0,"gold_gain":0,"player_choice":"Bought 1 Potion","damage_taken":0,"max_hp_gain":0,"max_hp_loss":0,"event_name":"The Woman in Blue","floor":2,"gold_loss":0},{"damage_healed":0,"gold_gain":60,"player_choice":"Gained Gold","damage_taken":0,"max_hp_gain":0,"max_hp_loss":0,"event_name":"Golden Wing","floor":13,"gold_loss":0},{"damage_healed":22,"gold_gain":0,"player_choice":"Healed","damage_taken":0,"max_hp_gain":0,"max_hp_loss":0,"event_name":"The Cleric","floor":14,"gold_loss":35},{"damage_healed":0,"gold_gain":0,"player_choice":"Ignored","damage_taken":0,"max_hp_gain":0,"max_hp_loss":0,"event_name":"NoteForYourself","floor":20,"gold_loss":0}],"is_beta":false,"boss_relics":[{"not_picked":["Calling Bell","Mark of Pain"],"picked":"White Beast Statue"}],"items_purged_floors":[19],"is_endless":false,"potions_floor_spawned":[4,5,11,16,18,22,24],"killed_by":"Slavers","ascension_level":1}