{"gold_per_floor":[118,133,133,133,133,133,146,146,196,209,209,228,228,228,228,305,305,325,250,264,296,296,296,311,323,346,357,357,357,376,391,391,463,463,475,475,475,697,715,740,179,198,198,198,162,179,54,69,69,69],"floor_reached":50,"playtime":2835,"items_purged":["Strike_R","Strike_R","Writhe"],"score":814,"play_id":"e0c8f4fd-f7ae-4515-96f8-5a528d40872b","local_time":"20181104182052","is_ascension_mode":true,"campfire_choices":[{"data":"Twin Strike","floor":6,"key":"SMITH"},{"data":"Anger","floor":8,"key":"SMITH"},{"data":"Defend_R","floor":11,"key":"SMITH"},{"data":"Spot Weakness","floor":15,"key":"SMITH"},{"data":"Flame Barrier","floor":23,"key":"SMITH"},{"data":"Sword Boomerang","floor":28,"key":"SMITH"},{"floor":32,"key":"REST"},{"floor":44,"key":"REST"},{"floor":49,"key":"REST"}],"neow_cost":"NONE","seed_source_timestamp":0,"circlet_count":0,"master_deck":["AscendersBane","Strike_R+1","Defend_R","Defend_R+1","Defend_R","Defend_R+1","Bash","Spot Weakness+1","Twin Strike+1","Anger+1","Limit Break","Sword Boomerang+1","Sword Boomerang","Flame Barrier+1","Metallicize","Ghostly Armor","J.A.X.","Rupture","Brutality","Flex+1","Bandage Up","Master of Strategy","Secret Technique","Power Through+1","Mayhem","Combust","Rupture","Shockwave","Battle Trance"],"special_seed":0,"relics":["Burning Blood","Bag of Preparation","Bottled Lightning","Runic Cube","Red Mask","Centennial Puzzle","Runic Dome","Happy Flower","Brimstone","Sundial"],"potions_floor_usage":[16,18,21,33,33,40,50],"damage_taken":[{"damage":12.0,"enemies":"Jaw Worm","floor":1.0,"turns":2.0},{"damage":7.0,"enemies":"Small Slimes","floor":2.0,"turns":3.0},{"damage":0,"enemies":"2 Louse","floor":7,"turns":2},{"damage":10,"enemies":"Gremlin Gang","floor":10,"turns":3},{"damage":6,"enemies":"Looter","floor":12,"turns":3},{"damage":9,"enemies":"Hexaghost","floor":16,"turns":7},{"damage":6,"enemies":"Spheric Guardian","floor":18,"turns":4},{"damage":8,"enemies":"Shell Parasite","floor":20,"turns":4},{"damage":22,"enemies":"Masked Bandits","floor":21,"turns":3},{"damage":18,"enemies":"Sentry and Sphere","floor":24,"turns":5},{"damage":0,"enemies":"Chosen and Byrds","floor":25,"turns":5},{"damage":9,"enemies":"Centurion and Healer","floor":27,"turns":5},{"damage":13,"enemies":"Snake Plant","floor":30,"turns":3},{"damage":19,"enemies":"Snecko","floor":31,"turns":6},{"damage":40,"enemies":"Champ","floor":33,"turns":5},{"damage":6,"enemies":"3 Shapes","floor":35,"turns":6},{"damage":35,"enemies":"3 Darklings","floor":39,"turns":4},{"damage":38,"enemies":"Reptomancer","floor":40,"turns":4},{"damage":26,"enemies":"4 Shapes","floor":42,"turns":4},{"damage":18,"enemies":"Transient","floor":46,"turns":5},{"damage":5,"enemies":"Spire Growth","floor":48,"turns":3},{"damage":81,"enemies":"Awakened One","floor":50,"turns":4}],"seed_played":"5998678339104208763","potions_obtained":[{"floor":2,"key":"SpeedPotion"},{"floor":10,"key":"Dexterity Potion"},{"floor":20,"key":"Strength Potion"},{"floor":25,"key":"Regen Potion"},{"floor":30,"key":"PowerPotion"},{"floor":35,"key":"Regen Potion"},{"floor":48,"key":"Regen Potion"}],"is_trial":false,"path_per_floor":["M","M","M","?","?","?","R","M","R","T","M","R","M","?","T","R","B",null,"M","$","M","?","?","R","M","M","T","M","R","?","M","M","R","B",null,"M","?","?","?","M","E","$","M","T","R","$","M","$","M","R","B"],"character_chosen":"IRONCLAD","items_purchased":["Brimstone","Mayhem","Combust","Rupture"],"campfire_rested":3,"item_purchase_floors":[41,41,41,45],"current_hp_per_floor":[69,68,61,61,61,61,67,67,67,63,63,63,47,47,47,44,73,73,73,71,55,55,55,43,49,49,46,46,46,39,26,50,30,69,69,82,72,72,47,31,31,15,15,39,39,31,31,32,56,0],"gold":69,"neow_bonus":"TEN_PERCENT_HP_BONUS","is_prod":false,"is_daily":false,"chose_seed":false,"campfire_upgraded":6,"win_rate":0,"timestamp":1541352052,"path_taken":["M","M","?","?","?","R","M","R","T","M","R","?","?","?","R","BOSS","M","$","M","?","?","R","M","?","T","M","R","?","M","M","R","BOSS","M","?","?","?","M","E","$","M","T","R","?","M","$","?","R","BOSS"],"build_version":"2018-11-01","purchased_purges":3,"victory":false,"max_hp_per_floor":[82,82,82,82,82,82,82,82,82,82,82,82,82,82,82,82,82,82,82,82,82,82,82,82,82,82,82,82,82,82,82,82,82,82,82,82,82,82,82,82,82,82,82,82,82,82,82,82,82,82],"card_choices":[{"not_picked":["Iron Wave","Fire Breathing"],"picked":"Spot Weakness","floor":1.0},{"not_picked":["Wild Strike","Intimidate"],"picked":"Twin Strike","floor":2},{"not_picked":["Pommel Strike","Clothesline"],"picked":"Anger","floor":7},{"not_picked":["Armaments","Clash","Pommel Strike"],"picked":"SKIP","floor":10},{"not_picked":["Sentinel","Body Slam","Iron Wave"],"picked":"SKIP","floor":12},{"not_picked":["Exhume","Double Tap"],"picked":"Limit Break","floor":16},{"not_picked":["Metallicize","Twin Strike"],"picked":"Sword Boomerang","floor":18},{"not_picked":["Infernal Blade","Clash"],"picked":"Sword Boomerang","floor":20},{"not_picked":["Anger","Cleave"],"picked":"Flame Barrier","floor":21},{"not_picked":["Clash","Perfected Strike","Sword Boomerang"],"picked":"SKIP","floor":24},{"not_picked":["Carnage","Clothesline"],"picked":"Metallicize","floor":25},{"not_picked":["Cleave","True Grit"],"picked":"Ghostly Armor","floor":27},{"not_picked":["Pommel Strike+1","Juggernaut","Twin Strike"],"picked":"SKIP","floor":30},{"not_picked":["Cleave","Clash"],"picked":"Rupture","floor":31},{"not_picked":["Demon Form","Impervious"],"picked":"Brutality","floor":33},{"not_picked":["Clash","Thunderclap"],"picked":"Flex+1","floor":35},{"not_picked":["Forethought","Good Instincts"],"picked":"Bandage Up","floor":37},{"not_picked":["Discovery","Sadistic Nature"],"picked":"Master of Strategy","floor":37},{"not_picked":["Violence","Deep Breath"],"picked":"Secret Technique","floor":37},{"not_picked":["Clothesline+1","Anger","Cleave+1"],"picked":"SKIP","floor":39},{"not_picked":["Spot Weakness+1","Sentinel+1"],"picked":"Power Through+1","floor":40},{"not_picked":["Anger+1","True Grit","Demon Form"],"picked":"SKIP","floor":42},{"not_picked":["Dual Wield","Havoc"],"picked":"Shockwave","floor":46},{"not_picked":["Metallicize","Headbutt"],"picked":"Battle Trance","floor":48}],"player_experience":512529,"relics_obtained":[{"floor":9,"key":"Bag of Preparation"},{"floor":14,"key":"Bottled Lightning"},{"floor":21,"key":"Red Mask"},{"floor":26,"key":"Centennial Puzzle"},{"floor":40,"key":"Happy Flower"},{"floor":43,"key":"Sundial"}],"event_choices":[{"cards_removed":["Strike_R"],"damage_healed":0,"gold_gain":0,"player_choice":"Card Removal","damage_taken":7,"max_hp_gain":0,"max_hp_loss":0,"event_name":"Golden Wing","floor":3,"gold_loss":0},{"damage_healed":0,"gold_gain":0,"player_choice":"Ignored","damage_taken":0,"max_hp_gain":0,"max_hp_loss":0,"event_name":"Liars Game","floor":4,"gold_loss":0},{"cards_removed":["Strike_R"],"damage_healed":0,"gold_gain":0,"player_choice":"Card Removal","damage_taken":0,"max_hp_gain":0,"max_hp_loss":0,"event_name":"Wheel of Change","floor":5,"gold_loss":0},{"damage_healed":0,"gold_gain":0,"player_choice":"Entered Light","damage_taken":16,"max_hp_gain":0,"max_hp_loss":0,"event_name":"Shining Light","floor":13,"gold_loss":0,"cards_upgraded":["Defend_R","Strike_R"]},{"damage_healed":0,"gold_gain":0,"player_choice":"Fought Bandits","damage_taken":0,"max_hp_gain":0,"max_hp_loss":0,"event_name":"Masked Bandits","floor":21,"gold_loss":0},{"damage_healed":0,"gold_gain":0,"player_choice":"Ignored","damage_taken":0,"max_hp_gain":0,"max_hp_loss":0,"event_name":"N\u0027loth","floor":22,"gold_loss":0},{"damage_healed":0,"gold_gain":0,"player_choice":"Obtain J.A.X.","damage_taken":0,"max_hp_gain":0,"max_hp_loss":0,"event_name":"Drug Dealer","floor":29,"gold_loss":0,"cards_obtained":["J.A.X."]},{"damage_healed":21,"gold_gain":0,"player_choice":"Writhe","damage_taken":0,"max_hp_gain":0,"max_hp_loss":0,"event_name":"Winding Halls","floor":36,"gold_loss":0,"cards_obtained":["Writhe"]},{"damage_healed":0,"gold_gain":0,"player_choice":"Memory 3","damage_taken":10,"max_hp_gain":0,"max_hp_loss":0,"event_name":"SensoryStone","floor":37,"gold_loss":0},{"damage_healed":0,"gold_gain":222,"player_choice":"Wore Mask","damage_taken":0,"max_hp_gain":0,"max_hp_loss":0,"event_name":"Tomb of Lord Red Mask","floor":38,"gold_loss":0}],"is_beta":false,"boss_relics":[{"not_picked":["Black Blood","Eternal Feather"],"picked":"Runic Cube"},{"not_picked":["Pandora\u0027s Box","Coffee Dripper"],"picked":"Runic Dome"}],"items_purged_floors":[19,41,47],"is_endless":false,"potions_floor_spawned":[2,10,20,25,30,31,35,48],"killed_by":"Awakened One","ascension_level":14}