{"gold_per_floor":[20,95,113,131,56,56,68,68,68,68,96,96,89,104,104,104],"floor_reached":16,"playtime":510,"items_purged":[],"score":158,"play_id":"8f1989fa-b41b-4c2e-ae0a-3ec00c1bbd4a","local_time":"20190213142525","is_ascension_mode":true,"campfire_choices":[{"data":"Zap","floor":6,"key":"SMITH"},{"data":"Undo","floor":8,"key":"SMITH"},{"floor":10,"key":"REST"},{"floor":15,"key":"REST"}],"neow_cost":"NO_GOLD","seed_source_timestamp":301075106596762,"circlet_count":0,"master_deck":["AscendersBane","Strike_B","Strike_B","Strike_B","Strike_B","Defend_B","Defend_B","Defend_B","Defend_B","Zap+1","Dualcast","Undo+1","Gash","Capacitor","Coolheaded","Machine Learning","Injury","Turbo","FTL"],"relics":["Cracked Core","Ginger","Ornamental Fan","Letter Opener","Girya","Golden Idol"],"potions_floor_usage":[16,16],"damage_taken":[{"damage":0,"enemies":"2 Louse","floor":1,"turns":3},{"damage":1,"enemies":"Cultist","floor":3,"turns":4},{"damage":0,"enemies":"Small Slimes","floor":4,"turns":3},{"damage":1,"enemies":"3 Louse","floor":7,"turns":3},{"damage":52,"enemies":"Gremlin Nob","floor":11,"turns":5},{"damage":12,"enemies":"Exordium Thugs","floor":13,"turns":4},{"damage":0,"enemies":"Lots of Slimes","floor":14,"turns":3},{"damage":49,"enemies":"Hexaghost","floor":16,"turns":12}],"seed_played":"-3007629826296601117","potions_obtained":[{"floor":11,"key":"EssenceOfSteel"},{"floor":13,"key":"Weak Potion"},{"floor":14,"key":"Regen Potion"}],"is_trial":false,"path_per_floor":["M","?","M","M","?","R","M","R","T","R","E","?","M","M","R","B"],"character_chosen":"DEFECT","items_purchased":[],"campfire_rested":2,"item_purchase_floors":[],"current_hp_per_floor":[68,61,60,60,60,60,59,59,59,75,23,23,11,11,33,0],"gold":104,"neow_bonus":"ONE_RARE_RELIC","is_prod":false,"is_daily":false,"chose_seed":false,"campfire_upgraded":2,"win_rate":0,"timestamp":1550085925,"path_taken":["M","?","M","?","?","R","?","R","T","R","E","?","M","M","R","BOSS"],"build_version":"2019-01-23","purchased_purges":0,"victory":false,"max_hp_per_floor":[75,75,75,75,75,75,75,75,75,75,75,75,75,75,75,75],"card_choices":[{"not_picked":["Streamline","Ball Lightning"],"picked":"Undo","floor":1},{"not_picked":["Rebound","Streamline"],"picked":"Gash","floor":3},{"not_picked":["Tempest","Rebound"],"picked":"Capacitor","floor":4},{"not_picked":["Genetic Algorithm","Go for the Eyes"],"picked":"Coolheaded","floor":7},{"not_picked":["Sunder","Stack"],"picked":"Machine Learning","floor":11},{"not_picked":["Compile Driver","Aggregate"],"picked":"Turbo","floor":13},{"not_picked":["Steam","Static Discharge"],"picked":"FTL","floor":14}],"player_experience":482595,"relics_obtained":[{"floor":9,"key":"Letter Opener"},{"floor":11,"key":"Girya"}],"event_choices":[{"damage_healed":0,"gold_gain":75,"player_choice":"Touch","damage_taken":7,"max_hp_gain":0,"max_hp_loss":0,"event_name":"FaceTrader","floor":2,"gold_loss":0},{"damage_healed":0,"gold_gain":0,"player_choice":"Paid Gold","damage_taken":0,"relics_obtained":["Ornamental Fan"],"max_hp_gain":0,"max_hp_loss":0,"event_name":"WeMeetAgain","floor":5,"gold_loss":75},{"damage_healed":0,"gold_gain":0,"player_choice":"Take Wound","damage_taken":0,"relics_obtained":["Golden Idol"],"max_hp_gain":0,"max_hp_loss":0,"event_name":"Golden Idol","floor":12,"gold_loss":0,"cards_obtained":["Injury"]}],"is_beta":false,"boss_relics":[],"items_purged_floors":[],"is_endless":false,"potions_floor_spawned":[11,13,14],"killed_by":"Hexaghost","ascension_level":11}