{"gold_per_floor":[113,113,162,162,26,26,60,60,60,74,74,74,103,113,113,190,190,207,22,22,22,22,54,54,65,145,156,156,175,15,85,85,160,160,177,188,188,38,38,38,38,51,51,51],"floor_reached":44,"playtime":3251,"items_purged":["Defend_B","Defend_B","Voices","hubris:Disease"],"score":1109,"play_id":"9cd571ac-ff86-4255-bcfa-5bf339a0e821","local_time":"20190203095830","is_ascension_mode":true,"campfire_choices":[{"floor":6,"key":"REST"},{"floor":8,"key":"DIG"},{"floor":11,"key":"DIG"},{"data":"strawberrySpire:AngeryBot","floor":15,"key":"SMITH"},{"floor":24,"key":"DIG"},{"floor":28,"key":"DIG"},{"floor":32,"key":"DIG"},{"floor":40,"key":"DIG"}],"neow_cost":"","seed_source_timestamp":43230486806932,"circlet_count":0,"master_deck":["AscendersBane","Gash","Gash","Gash","Gash","Gash","Coolheaded","Clawfect:Clawter","Self Repair+1","strawberrySpire:NeonFlight+1","Clawfect:ClawLightning","strawberrySpire:AngeryBot","Clawfect:Clawter","Reboot","Pot Of Greed","Pot Of Greed","Leap","Self Repair","strawberrySpire:AngeryBot+1","Clawfect:ClawForOne","Clawfect:ClawForTheEyes","FTL+1","Clawfect:Clawrage","FTL+1","Pot Of Greed","strawberrySpire:AngeryBot","Reboot+1","Hologram","Gash+1","Shame","Clawfect:ClawForOne","Clawfect:ClawCell+1","hubris:Lust"],"relics":["Clawfect:DRClaw","Shovel","Vajra","strawberrySpire:GlyphStone","WingedGreaves","hubris:BallOfYels","ReplayTheSpireMod:TigerMarble","Mirror","Grinning Jar","Potion Belt","strawberrySpire:ShipInABottle","Cursed Key","theJungle:Creamberry","theJungle:PaperFaux","hubris:SphereOfDissonance","Ancient Tea Set","Meat on the Bone","Mercury Hourglass","Question Card","PreservedInsect","Eternal Feather","ReplayTheSpireMod:Ninjato","Kunai"],"potions_floor_usage":[44],"damage_taken":[{"damage":5,"enemies":"Jaw Worm","floor":1,"turns":3},{"damage":0,"enemies":"Gremlin Nob","floor":7,"turns":3},{"damage":4,"enemies":"Small Slimes","floor":10,"turns":2},{"damage":16,"enemies":"3 Sentries","floor":13,"turns":4},{"damage":0,"enemies":"2 Louse","floor":14,"turns":4},{"damage":12,"enemies":"Hexaghost","floor":16,"turns":5},{"damage":0,"enemies":"theJungle:GiantWrat","floor":18,"turns":2},{"damage":6,"enemies":"theJungle:MamaSnecko","floor":23,"turns":4},{"damage":11,"enemies":"theJungle:5_Spyders","floor":25,"turns":3},{"damage":10,"enemies":"theJungle:SlimyTreeVines","floor":27,"turns":4},{"damage":0,"enemies":"theJungle:Lyon","floor":29,"turns":2},{"damage":17,"enemies":"theJungle:FunGuy","floor":33,"turns":4},{"damage":18,"enemies":"Orb Walker","floor":35,"turns":3},{"damage":51,"enemies":"3 Darklings","floor":36,"turns":3},{"damage":25,"enemies":"Writhing Mass","floor":42,"turns":2},{"damage":43,"enemies":"Transient","floor":44,"turns":2}],"seed_played":"7373094076096949294","potions_obtained":[{"floor":1,"key":"Strength Potion"},{"floor":10,"key":"LifebloodPotion"},{"floor":13,"key":"Venom Potion"},{"floor":18,"key":"Reflective Coating"}],"is_trial":false,"path_per_floor":["M","?","T","?","$","R","E","R","T","M","R","?","E","M","R","B",null,"M","?","?","?","?","E","R","M","T","M","R","M","$","T","R","B",null,"M","M","?","$","?","R","$","M","T","M"],"character_chosen":"DEFECT","items_purchased":["Coolheaded","Clawfect:Clawter","Vajra","strawberrySpire:GlyphStone","strawberrySpire:AngeryBot","Clawfect:Clawter","strawberrySpire:AngeryBot"],"campfire_rested":1,"item_purchase_floors":[0,0,0,0,5,5,30],"current_hp_per_floor":[29,22,22,27,27,49,49,49,49,45,45,45,39,49,49,44,68,76,76,76,61,61,62,62,68,68,76,76,76,76,76,76,76,76,58,36,36,36,25,43,43,37,37,0],"gold":51,"neow_bonus":"","is_prod":false,"is_daily":false,"chose_seed":false,"campfire_upgraded":1,"win_rate":0,"timestamp":1549148310,"path_taken":["M","?","?","?","?","R","E","R","T","?","R","?","E","M","R","BOSS","M","?","?","?","?","E","R","?","T","?","R","?","$","?","R","BOSS","M","M","?","?","?","R","$","?","T","M"],"build_version":"2019-01-23","purchased_purges":4,"victory":false,"max_hp_per_floor":[71,71,71,76,76,76,76,76,76,76,76,76,76,76,76,76,76,76,76,76,76,76,76,76,76,76,76,76,76,76,76,76,76,76,76,76,76,76,76,76,76,76,76,76],"card_choices":[{"not_picked":["Redo","Chaos"],"picked":"Clawfect:ClawLightning","floor":1},{"not_picked":["Reinforced Body","Darkness"],"picked":"Reboot","floor":7},{"not_picked":["Lockon","Panic Button"],"picked":"Leap","floor":10},{"not_picked":["Stack","Panic Button"],"picked":"Self Repair","floor":13},{"not_picked":["Clawfect:ClawCell","Crystallizer+1"],"picked":"strawberrySpire:AngeryBot","floor":14},{"not_picked":["Thunder Strike","Buffer+1"],"picked":"Clawfect:ClawForOne","floor":16},{"not_picked":["Double Energy+1","strawberrySpire:BreederCore+1"],"picked":"Clawfect:ClawForTheEyes","floor":18},{"not_picked":["ReplaySolidLightProjector+1","Biased Cognition+1","strawberrySpire:Disconnect+1"],"picked":"SKIP","floor":23},{"not_picked":["Clawfect:ClawpileDriver","Recycle+1"],"picked":"FTL+1","floor":25},{"not_picked":["Clawfect:ClawLightning","Rebound+1"],"picked":"Clawfect:Clawrage","floor":27},{"not_picked":["hubris:Ukulele+1","Sunder+1"],"picked":"FTL+1","floor":29},{"not_picked":["Hyperbeam+1","Thunder Strike+1","ReplayTheSpireMod:Omega Cannon+1"],"picked":"Reboot+1","floor":33},{"not_picked":["ReplaySolidLightProjector+1","Static Discharge+1","ReplayTheSpireMod:GoodbyeWorld+1"],"picked":"Hologram","floor":35},{"not_picked":["Aggregate+1","Blizzard+1","strawberrySpire:BlasterWyrm+1"],"picked":"Gash+1","floor":36},{"not_picked":["Clawfect:ClawLightning+1","Clawfect:ClawingBeam","Stack"],"picked":"Clawfect:ClawCell+1","floor":42}],"player_experience":379175,"relics_obtained":[{"floor":3,"key":"hubris:BallOfYels"},{"floor":7,"key":"ReplayTheSpireMod:TigerMarble"},{"floor":8,"key":"Mirror"},{"floor":9,"key":"Grinning Jar"},{"floor":11,"key":"Potion Belt"},{"floor":13,"key":"strawberrySpire:ShipInABottle"},{"floor":23,"key":"hubris:SphereOfDissonance"},{"floor":24,"key":"Ancient Tea Set"},{"floor":26,"key":"Meat on the Bone"},{"floor":28,"key":"Mercury Hourglass"},{"floor":31,"key":"Question Card"},{"floor":32,"key":"PreservedInsect"},{"floor":40,"key":"ReplayTheSpireMod:Ninjato"},{"floor":43,"key":"Kunai"}],"event_choices":[{"cards_removed":["Defend_B"],"damage_healed":0,"gold_gain":0,"player_choice":"Card Removal","damage_taken":7,"max_hp_gain":0,"max_hp_loss":0,"event_name":"Golden Wing","floor":2,"gold_loss":0},{"damage_healed":0,"gold_gain":0,"player_choice":"Donut","damage_taken":0,"max_hp_gain":5,"max_hp_loss":0,"event_name":"Big Fish","floor":4,"gold_loss":0},{"damage_healed":0,"gold_gain":0,"player_choice":"Leave","damage_taken":0,"max_hp_gain":0,"max_hp_loss":0,"event_name":"The Cleric","floor":12,"gold_loss":0},{"damage_healed":0,"gold_gain":0,"player_choice":"Gold","damage_taken":0,"max_hp_gain":0,"max_hp_loss":0,"event_name":"Wheel of Change","floor":22,"gold_loss":0}],"is_beta":false,"boss_relics":[{"not_picked":["halation:ForbiddenBikini","Philosopher\u0027s Stone"],"picked":"Cursed Key"},{"not_picked":["Kintsugi","Black Star"],"picked":"Eternal Feather"}],"items_purged_floors":[0,0,30,38],"is_endless":false,"potions_floor_spawned":[1,10,13,18,25,27,42],"killed_by":"Transient","ascension_level":15}