{"gold_per_floor":[110,35,35,53,67,100,100,100,126,126,55,87,14,34,34,132,182,198,28,28,28,44,44,58,75,75,94,108,121,220,231,231,333,333,343,343,262,67,81,81,96,111,111,111,111,126,144,160,160,160,160,160,9,9],"floor_reached":54,"playtime":3227,"items_purged":["Writhe","Parasite"],"score":628,"play_id":"aa74f8a0-624f-467d-9481-abc5578b36ed","local_time":"20190202032617","is_ascension_mode":false,"campfire_choices":[{"data":"Zap","floor":8,"key":"SMITH"},{"floor":10,"key":"REST"},{"floor":15,"key":"REST"},{"floor":23,"key":"REST"},{"floor":32,"key":"REST"},{"floor":40,"key":"RECALL"},{"floor":45,"key":"REST"},{"floor":49,"key":"REST"},{"data":"Buffer","floor":52,"key":"SMITH"}],"neow_cost":"CURSE","seed_source_timestamp":1404941854949736,"circlet_count":0,"master_deck":["Strike_B+1","Strike_B+1","Strike_B+1","Defend_B+1","Defend_B+1","Defend_B+1","Zap+1","Dualcast","Loop","Barrage","Sweeping Beam","Coolheaded","Self Repair","Defragment","Echo Form","Defragment","Cold Snap","Seek","Gash","Glacier","Conserve Battery","Defragment","Buffer+1","Undo","Aggregate","Blind","Leap+1","Go for the Eyes","Gash"],"relics":["Cracked Core","Emotion Chip","Bag of Preparation","Sundial","Blue Candle","Tiny House","Vajra","Letter Opener","Busted Crown","OrangePellets","Pear"],"potions_floor_usage":[6,12,16,25,29,31,33,33,46,50,50,50],"damage_taken":[{"damage":0,"enemies":"2 Louse","floor":1,"turns":2},{"damage":6,"enemies":"Jaw Worm","floor":4,"turns":3},{"damage":1,"enemies":"Cultist","floor":5,"turns":3},{"damage":18,"enemies":"Lagavulin","floor":6,"turns":6},{"damage":18,"enemies":"3 Sentries","floor":12,"turns":5},{"damage":11,"enemies":"2 Fungi Beasts","floor":14,"turns":3},{"damage":29,"enemies":"Hexaghost","floor":16,"turns":10},{"damage":8,"enemies":"Shell Parasite","floor":18,"turns":6},{"damage":27,"enemies":"Colosseum Slavers","floor":20,"turns":7},{"damage":18,"enemies":"3 Byrds","floor":22,"turns":4},{"damage":13,"enemies":"3 Cultists","floor":24,"turns":6},{"damage":2,"enemies":"Snake Plant","floor":25,"turns":6},{"damage":23,"enemies":"Shelled Parasite and Fungi","floor":27,"turns":7},{"damage":12,"enemies":"Snecko","floor":28,"turns":6},{"damage":14,"enemies":"Snake Plant","floor":29,"turns":4},{"damage":13,"enemies":"Cultist and Chosen","floor":31,"turns":7},{"damage":19,"enemies":"Collector","floor":33,"turns":15},{"damage":7,"enemies":"3 Shapes","floor":35,"turns":8},{"damage":5,"enemies":"Orb Walker","floor":39,"turns":7},{"damage":0,"enemies":"Spire Growth","floor":41,"turns":7},{"damage":13,"enemies":"4 Shapes","floor":42,"turns":7},{"damage":0,"enemies":"Writhing Mass","floor":46,"turns":12},{"damage":10,"enemies":"Spire Growth","floor":47,"turns":7},{"damage":13,"enemies":"Sphere and 2 Shapes","floor":48,"turns":10},{"damage":63,"enemies":"Awakened One","floor":50,"turns":23},{"damage":91,"enemies":"Shield and Spear","floor":54,"turns":14}],"seed_played":"-3225510763750040740","potions_obtained":[{"floor":4,"key":"Strength Potion"},{"floor":5,"key":"LiquidBronze"},{"floor":12,"key":"Dexterity Potion"},{"floor":17,"key":"EssenceOfSteel"},{"floor":18,"key":"LiquidBronze"},{"floor":24,"key":"Energy Potion"},{"floor":27,"key":"Energy Potion"},{"floor":29,"key":"SkillPotion"},{"floor":33,"key":"Weak Potion"},{"floor":41,"key":"Poison Potion"},{"floor":42,"key":"Fire Potion"},{"floor":44,"key":"Dexterity Potion"},{"floor":44,"key":"Ancient Potion"},{"floor":48,"key":"Fire Potion"}],"is_trial":false,"path_per_floor":["M","$","?","M","M","E","?","R","T","R","$","E","$","M","R","B",null,"M","$","?","?","M","R","M","M","T","M","M","M","?","M","R","B",null,"M","?","$","$","M","R","M","M","T","?","R","M","M","M","R","B",null,"R","$","E"],"character_chosen":"DEFECT","items_purchased":["Defragment","Defragment","Vajra","Conserve Battery","Blind","OrangePellets","FearPotion"],"campfire_rested":6,"item_purchase_floors":[11,13,19,19,37,38,53],"current_hp_per_floor":[75,75,75,69,68,50,50,50,50,72,72,61,61,50,72,50,80,80,80,67,67,49,73,60,72,72,63,58,44,44,31,55,50,80,80,80,80,80,80,80,80,67,77,77,90,90,90,84,90,34,90,90,87,0],"gold":9,"neow_bonus":"ONE_RARE_RELIC","is_prod":false,"is_daily":false,"chose_seed":false,"campfire_upgraded":2,"win_rate":0,"timestamp":1549095977,"path_taken":["M","$","?","M","M","E","?","R","T","R","$","E","$","M","R","BOSS","M","$","?","?","M","R","M","M","T","?","M","M","?","M","R","BOSS","M","?","?","$","M","R","M","M","T","?","R","M","?","M","R","BOSS","R","$","E"],"build_version":"2019-01-23","purchased_purges":2,"victory":false,"max_hp_per_floor":[75,75,75,75,75,75,75,75,75,75,75,75,75,75,75,75,80,80,80,80,80,80,80,80,80,80,80,80,80,80,80,80,80,80,80,80,80,80,80,80,80,80,90,90,90,90,90,90,90,90,90,90,87,87],"card_choices":[{"not_picked":["Consume","Rebound"],"picked":"Loop","floor":1},{"not_picked":["Heatsinks","Aggregate"],"picked":"Sweeping Beam","floor":4},{"not_picked":["Compile Driver","Hologram"],"picked":"Coolheaded","floor":5},{"not_picked":["Beam Cell","Recycle"],"picked":"Self Repair","floor":6},{"not_picked":["Cold Snap","Gash"],"picked":"Echo Form","floor":12},{"not_picked":["Steam Power","Barrage"],"picked":"Cold Snap","floor":14},{"not_picked":["Fission","Core Surge"],"picked":"Seek","floor":16},{"not_picked":["Lockon","Reinforced Body"],"picked":"Gash","floor":17},{"not_picked":["Heatsinks+1","Reprogram"],"picked":"Glacier","floor":18},{"not_picked":["Heatsinks","Fusion","Genetic Algorithm"],"picked":"SKIP","floor":22},{"not_picked":["Barrage","Steam"],"picked":"Defragment","floor":24},{"not_picked":["Leap","Sweeping Beam","Beam Cell"],"picked":"SKIP","floor":25},{"not_picked":["Auto Shields","Reprogram","Recycle"],"picked":"SKIP","floor":27},{"not_picked":["Genetic Algorithm+1","Rebound","Rip and Tear"],"picked":"SKIP","floor":28},{"not_picked":["Consume","Redo","Coolheaded"],"picked":"SKIP","floor":29},{"not_picked":["Streamline+1","Rebound","Compile Driver"],"picked":"SKIP","floor":31},{"not_picked":["All For One","Seek"],"picked":"Buffer","floor":33},{"not_picked":[],"picked":"Undo","floor":35},{"not_picked":[],"picked":"Leap+1","floor":39},{"not_picked":["Sweeping Beam"],"picked":"SKIP","floor":41},{"not_picked":[],"picked":"Go for the Eyes","floor":42},{"not_picked":["Turbo"],"picked":"SKIP","floor":46},{"not_picked":["Compile Driver"],"picked":"SKIP","floor":47},{"not_picked":[],"picked":"Gash","floor":48}],"player_experience":327385,"relics_obtained":[{"floor":6,"key":"Bag of Preparation"},{"floor":12,"key":"Blue Candle"},{"floor":26,"key":"Letter Opener"},{"floor":43,"key":"Pear"}],"event_choices":[{"damage_healed":0,"gold_gain":0,"cards_transformed":["Defend_B"],"player_choice":"Change","damage_taken":0,"max_hp_gain":0,"max_hp_loss":0,"event_name":"Living Wall","floor":3,"gold_loss":0,"cards_obtained":["Barrage"]},{"damage_healed":0,"gold_gain":0,"player_choice":"Searched \u00271\u0027 times","damage_taken":0,"relics_obtained":["Sundial"],"max_hp_gain":0,"max_hp_loss":0,"event_name":"Dead Adventurer","floor":7,"gold_loss":0},{"damage_healed":0,"gold_gain":0,"player_choice":"Fight","damage_taken":0,"max_hp_gain":0,"max_hp_loss":0,"event_name":"Colosseum","floor":20,"gold_loss":0},{"damage_healed":0,"gold_gain":0,"player_choice":"Fled From Nobs","damage_taken":0,"max_hp_gain":0,"max_hp_loss":0,"event_name":"Colosseum","floor":20,"gold_loss":0},{"damage_healed":0,"gold_gain":0,"player_choice":"Simplicity","damage_taken":0,"max_hp_gain":0,"max_hp_loss":0,"event_name":"Back to Basics","floor":21,"gold_loss":0,"cards_upgraded":["Strike_B","Strike_B","Strike_B","Defend_B","Defend_B","Defend_B"]},{"damage_healed":0,"gold_gain":99,"player_choice":"Stole From Cult","damage_taken":0,"max_hp_gain":0,"max_hp_loss":0,"event_name":"Nest","floor":30,"gold_loss":0},{"damage_healed":0,"gold_gain":0,"cards_transformed":["Strike_B"],"player_choice":"Transformed","damage_taken":0,"max_hp_gain":0,"max_hp_loss":0,"event_name":"Transmorgrifier","floor":36,"gold_loss":0,"cards_obtained":["Aggregate"]},{"damage_healed":0,"gold_gain":0,"player_choice":"Got Potions","damage_taken":0,"max_hp_gain":0,"max_hp_loss":0,"event_name":"Lab","floor":44,"gold_loss":0}],"is_beta":false,"boss_relics":[{"not_picked":["Coffee Dripper","Calling Bell"],"picked":"Tiny House"},{"not_picked":["Velvet Choker","Orrery"],"picked":"Busted Crown"}],"items_purged_floors":[2,53],"is_endless":false,"potions_floor_spawned":[4,5,12,18,24,27,28,29,33,41,42,48],"killed_by":"Shield and Spear","ascension_level":0}