{"gold_per_floor":[118,130,141,141,160,160,193,193,220,247,247,247,263,288,288,384,384,402,416,271,271,290,290,300,315,315,315,315],"floor_reached":28,"playtime":2225,"items_purged":["Strike_G"],"score":288,"play_id":"87a7abc9-74dd-4f70-9ca6-0505156408db","local_time":"20190205173919","is_ascension_mode":true,"campfire_choices":[{"data":"Neutralize","floor":6,"key":"SMITH"},{"data":"All Out Attack","floor":8,"key":"SMITH"},{"data":"Masterful Stab","floor":11,"key":"SMITH"},{"data":"Blur","floor":15,"key":"SMITH"},{"data":"Eviscerate","floor":23,"key":"SMITH"},{"data":"Well Laid Plans","floor":27,"key":"SMITH"}],"neow_cost":"NONE","seed_source_timestamp":537090377598400,"circlet_count":0,"master_deck":["Defend_G","Defend_G","Defend_G","Defend_G","Defend_G","Strike_G+1","Strike_G","Strike_G+1","Strike_G","Survivor","Neutralize+1","Dagger Throw","Masterful Stab+1","Blur+1","All Out Attack+1","Escape Plan","Flying Knee","Malaise","Noxious Fumes","PiercingWail","Eviscerate+1","Underhanded Strike","Well Laid Plans+1"],"relics":["Ring of the Snake","Whetstone","Dream Catcher","Bag of Marbles","Orichalcum","Pen Nib","Bottled Lightning","HoveringKite","Omamori"],"potions_floor_usage":[16,28],"damage_taken":[{"damage":0,"enemies":"Cultist","floor":1,"turns":3},{"damage":0,"enemies":"Small Slimes","floor":2,"turns":3},{"damage":0,"enemies":"Jaw Worm","floor":3,"turns":3},{"damage":4,"enemies":"Blue Slaver","floor":5,"turns":3},{"damage":10,"enemies":"3 Sentries","floor":7,"turns":7},{"damage":7,"enemies":"Gremlin Nob","floor":10,"turns":4},{"damage":0,"enemies":"Gremlin Gang","floor":13,"turns":2},{"damage":1,"enemies":"3 Sentries","floor":14,"turns":5},{"damage":19,"enemies":"The Guardian","floor":16,"turns":8},{"damage":9,"enemies":"3 Byrds","floor":18,"turns":5},{"damage":9,"enemies":"Shell Parasite","floor":19,"turns":8},{"damage":6,"enemies":"Centurion and Healer","floor":22,"turns":9},{"damage":6,"enemies":"Chosen and Byrds","floor":24,"turns":6},{"damage":7,"enemies":"Snecko","floor":25,"turns":3},{"damage":41,"enemies":"Gremlin Leader","floor":28,"turns":4}],"seed_played":"1172030894279239436","potions_obtained":[{"floor":5,"key":"LiquidBronze"},{"floor":7,"key":"Fire Potion"},{"floor":13,"key":"PowerPotion"},{"floor":14,"key":"SpeedPotion"},{"floor":19,"key":"SteroidPotion"},{"floor":22,"key":"GamblersBrew"}],"is_trial":false,"path_per_floor":["M","M","M","$","M","R","E","R","T","E","R","?","M","E","R","B",null,"M","M","$","?","M","R","M","M","T","R","E"],"character_chosen":"THE_SILENT","items_purchased":["Eviscerate"],"campfire_rested":0,"item_purchase_floors":[20],"current_hp_per_floor":[70,70,70,70,66,66,56,56,56,49,49,37,37,36,36,17,70,61,52,52,52,46,46,40,33,33,33,0],"gold":315,"neow_bonus":"RANDOM_COMMON_RELIC","is_prod":false,"is_daily":false,"chose_seed":false,"campfire_upgraded":6,"win_rate":0,"timestamp":1549359559,"path_taken":["M","?","M","$","M","R","E","R","T","E","R","?","M","E","R","BOSS","M","M","$","?","M","R","M","M","T","R","E"],"build_version":"2019-01-23","purchased_purges":1,"victory":false,"max_hp_per_floor":[70,70,70,70,70,70,70,70,70,70,70,70,70,70,70,70,70,70,70,70,70,70,70,70,70,70,70,70],"card_choices":[{"not_picked":["Slice","Cloak And Dagger"],"picked":"Dagger Throw","floor":1},{"not_picked":["Poisoned Stab","Adrenaline"],"picked":"Masterful Stab","floor":2},{"not_picked":["Dagger Throw","Deflect"],"picked":"Blur","floor":3},{"not_picked":["Quick Slash","Expertise"],"picked":"All Out Attack","floor":5},{"not_picked":["Bane","Quick Slash","Expertise"],"picked":"SKIP","floor":7},{"not_picked":["Underhanded Strike","Prepared"],"picked":"Escape Plan","floor":10},{"not_picked":["Envenom","Blade Dance"],"picked":"Flying Knee","floor":13},{"not_picked":["Choke","Bane","Riddle With Holes"],"picked":"SKIP","floor":14},{"not_picked":["Corpse Explosion","After Image"],"picked":"Malaise","floor":16},{"not_picked":["Finisher","Slice"],"picked":"Noxious Fumes","floor":18},{"not_picked":["Dodge and Roll","Poisoned Stab"],"picked":"PiercingWail","floor":19},{"not_picked":["Quick Slash","Riddle With Holes"],"picked":"Underhanded Strike","floor":22},{"not_picked":["Blade Dance","Riddle With Holes","Outmaneuver"],"picked":"SKIP","floor":24},{"not_picked":["Acrobatics","Outmaneuver"],"picked":"Well Laid Plans","floor":25}],"player_experience":313769,"relics_obtained":[{"floor":7,"key":"Dream Catcher"},{"floor":9,"key":"Bag of Marbles"},{"floor":10,"key":"Orichalcum"},{"floor":14,"key":"Bottled Lightning"},{"floor":26,"key":"Omamori"}],"event_choices":[{"damage_healed":0,"gold_gain":0,"player_choice":"Success","damage_taken":12,"relics_obtained":["Pen Nib"],"max_hp_gain":0,"max_hp_loss":0,"event_name":"Scrap Ooze","floor":12,"gold_loss":0},{"damage_healed":0,"gold_gain":0,"player_choice":"Ignored","damage_taken":0,"max_hp_gain":0,"max_hp_loss":0,"event_name":"The Mausoleum","floor":21,"gold_loss":0}],"is_beta":false,"boss_relics":[{"not_picked":["Eternal Feather","Snecko Eye"],"picked":"HoveringKite"}],"items_purged_floors":[20],"is_endless":false,"potions_floor_spawned":[5,7,13,14,19,22,24],"killed_by":"Gremlin Leader","ascension_level":4}