{"gold_per_floor":[114,264,274,290,290,290,317,317,317,205,205,232,248,227,227,227],"floor_reached":16,"playtime":446,"items_purged":["Doubt"],"score":220,"play_id":"a8461b5a-75ef-456e-b8f1-d526954ceab3","local_time":"20190223134840","is_ascension_mode":true,"campfire_choices":[{"floor":6,"key":"REST"},{"floor":8,"key":"REST"},{"floor":11,"key":"REST"},{"floor":15,"key":"REST"}],"neow_cost":"NONE","seed_source_timestamp":706207265000,"circlet_count":0,"master_deck":["AscendersBane","Strike_B","Strike_B","Strike_B","Strike_B+1","Defend_B","Defend_B","Defend_B","Zap","Dualcast","Compile Driver","Leap+1","Cold Snap","Self Repair","Glacier","Cold Snap"],"relics":["Cracked Core","WingedGreaves","Gambling Chip","Mummified Hand"],"potions_floor_usage":[7,13],"damage_taken":[{"damage":0,"enemies":"2 Louse","floor":1,"turns":1},{"damage":9,"enemies":"Small Slimes","floor":3,"turns":4},{"damage":2,"enemies":"Cultist","floor":4,"turns":4},{"damage":46,"enemies":"Gremlin Nob","floor":7,"turns":5},{"damage":30,"enemies":"3 Sentries","floor":12,"turns":10},{"damage":0,"enemies":"Lots of Slimes","floor":13,"turns":1},{"damage":14,"enemies":"Exordium Thugs","floor":14,"turns":7},{"damage":49,"enemies":"Slime Boss","floor":16,"turns":6}],"seed_played":"-1827514057984850838","potions_obtained":[{"floor":3,"key":"GamblersBrew"},{"floor":12,"key":"Explosive Potion"}],"is_trial":false,"path_per_floor":["M","?","M","M","?","R","E","R","T","$","R","E","M","M","R","B"],"character_chosen":"DEFECT","items_purchased":["Self Repair"],"campfire_rested":4,"item_purchase_floors":[10],"current_hp_per_floor":[64,64,55,53,32,53,7,28,28,28,49,26,26,19,40,0],"gold":227,"neow_bonus":"REMOVE_CARD","is_prod":false,"is_daily":false,"chose_seed":false,"campfire_upgraded":0,"win_rate":0,"timestamp":1550922520,"path_taken":["M","?","M","M","?","R","E","R","T","$","R","E","M","M","R","BOSS"],"build_version":"2019-01-23","purchased_purges":1,"victory":false,"max_hp_per_floor":[71,71,71,71,71,71,71,71,71,71,71,71,71,71,71,71],"card_choices":[{"not_picked":["Hologram","Rebound"],"picked":"Compile Driver","floor":1},{"not_picked":["Storm","Tempest"],"picked":"Leap","floor":3},{"not_picked":["Beam Cell","Genetic Algorithm"],"picked":"Cold Snap","floor":4},{"not_picked":["Darkness","Rainbow","Tempest"],"picked":"SKIP","floor":7},{"not_picked":["Hologram","Static Discharge"],"picked":"Glacier","floor":12},{"not_picked":["Double Energy","Compile Driver","Leap"],"picked":"SKIP","floor":13},{"not_picked":["Redo","Steam"],"picked":"Cold Snap","floor":14}],"player_experience":906416,"relics_obtained":[{"floor":7,"key":"WingedGreaves"},{"floor":9,"key":"Gambling Chip"},{"floor":12,"key":"Mummified Hand"}],"event_choices":[{"damage_healed":0,"gold_gain":150,"player_choice":"AGREE","damage_taken":0,"max_hp_gain":0,"max_hp_loss":0,"event_name":"Liars Game","floor":2,"gold_loss":0,"cards_obtained":["Doubt"]},{"damage_healed":0,"gold_gain":0,"player_choice":"Entered Light","damage_taken":21,"max_hp_gain":0,"max_hp_loss":0,"event_name":"Shining Light","floor":5,"gold_loss":0,"cards_upgraded":["Leap","Strike_B"]}],"is_beta":false,"boss_relics":[],"items_purged_floors":[10],"is_endless":false,"potions_floor_spawned":[3,12],"killed_by":"Slime Boss","ascension_level":20}