{"gold_per_floor":[99,99,99,49,49,49,49,49,49,49,49,49,49,49,49,49,49,49,0,0,0,0,0,0,0,0,0,0,0,0,0,0,0,0,0,0,0,0,0,0,0,0,0,0,0,0,0,0,0,0],"floor_reached":50,"playtime":10800,"items_purged":[],"score":540,"play_id":"c68e7220-ed59-4909-bb6d-72b2f3b33b07","local_time":"20190122220355","is_ascension_mode":false,"campfire_choices":[{"data":"Conserve Battery","floor":6,"key":"SMITH"},{"data":"Capacitor","floor":8,"key":"SMITH"},{"data":"Glacier","floor":15,"key":"SMITH"},{"data":"Chaos","floor":23,"key":"SMITH"},{"data":"Darkness","floor":25,"key":"SMITH"},{"data":"Dualcast","floor":29,"key":"SMITH"},{"data":"Rainbow","floor":32,"key":"SMITH"},{"data":"Electrodynamics","floor":41,"key":"SMITH"},{"floor":49,"key":"REST"}],"neow_cost":"NONE","seed_source_timestamp":288248877792877,"circlet_count":0,"master_deck":["Strike_B","Defend_B","Zap","Dualcast+1","Capacitor+1","Conserve Battery+1","Leap","Core Surge","Glacier+1","Conserve Battery","Barrage","Barrage","Darkness+1","Chaos+1","Barrage","Capacitor","Seek","Self Repair","Rainbow+1","Creative AI+1","White Noise+1","Glacier+1","Electrodynamics+1"],"relics":["Ectoplasm","Bag of Marbles","MawBank","PreservedInsect","Darkstone Periapt","Lizard Tail","Oddly Smooth Stone","Smiling Mask","Astrolabe","Bottled Flame","Strawberry","Dodecahedron"],"potions_floor_usage":[12,16,21,24,28,33,35,44,44,45,47],"damage_taken":[{"damage":1,"enemies":"Cultist","floor":1,"turns":3},{"damage":6,"enemies":"Jaw Worm","floor":2,"turns":4},{"damage":19,"enemies":"Lagavulin","floor":7,"turns":8},{"damage":0,"enemies":"2 Louse","floor":11,"turns":3},{"damage":17,"enemies":"3 Sentries","floor":12,"turns":7},{"damage":0,"enemies":"Large Slime","floor":13,"turns":10},{"damage":0,"enemies":"Exordium Wildlife","floor":14,"turns":6},{"damage":21,"enemies":"Slime Boss","floor":16,"turns":12},{"damage":0,"enemies":"Spheric Guardian","floor":18,"turns":8},{"damage":4,"enemies":"2 Thieves","floor":19,"turns":4},{"damage":1,"enemies":"Sentry and Sphere","floor":20,"turns":7},{"damage":9,"enemies":"Snecko","floor":21,"turns":7},{"damage":15,"enemies":"Snake Plant","floor":22,"turns":7},{"damage":14,"enemies":"Slavers","floor":24,"turns":6},{"damage":10,"enemies":"Centurion and Healer","floor":28,"turns":4},{"damage":9,"enemies":"Collector","floor":33,"turns":9},{"damage":12,"enemies":"3 Darklings","floor":35,"turns":5},{"damage":0,"enemies":"3 Shapes","floor":36,"turns":4},{"damage":10,"enemies":"Maw","floor":37,"turns":7},{"damage":11,"enemies":"Transient","floor":39,"turns":5},{"damage":6,"enemies":"Giant Head","floor":40,"turns":8},{"damage":24,"enemies":"3 Darklings","floor":42,"turns":5},{"damage":57,"enemies":"Nemesis","floor":44,"turns":7},{"damage":16,"enemies":"Maw","floor":45,"turns":8},{"damage":38,"enemies":"Jaw Worm Horde","floor":46,"turns":3},{"damage":9,"enemies":"4 Shapes","floor":47,"turns":6},{"damage":9,"enemies":"Transient","floor":48,"turns":5},{"damage":36,"enemies":"Time Eater","floor":50,"turns":3}],"seed_played":"8673014107527819797","potions_obtained":[{"floor":1,"key":"Explosive Potion"},{"floor":7,"key":"AttackPotion"},{"floor":16,"key":"FocusPotion"},{"floor":18,"key":"Fire Potion"},{"floor":20,"key":"Regen Potion"},{"floor":22,"key":"AttackPotion"},{"floor":28,"key":"PowerPotion"},{"floor":37,"key":"Energy Potion"},{"floor":40,"key":"Fire Potion"},{"floor":44,"key":"FearPotion"},{"floor":45,"key":"Dexterity Potion"}],"is_trial":false,"path_per_floor":["M","M","T","?","?","R","E","R","T","?","M","E","M","M","R","B",null,"M","M","M","M","M","R","E","R","T","?","M","R","?","?","R","B",null,"M","M","M","?","M","E","R","M","T","E","M","M","M","M","R","B"],"character_chosen":"DEFECT","items_purchased":[],"campfire_rested":1,"item_purchase_floors":[],"current_hp_per_floor":[74,68,68,68,68,68,49,49,49,54,54,37,37,37,37,16,80,80,76,75,75,60,60,46,46,46,46,36,36,36,36,36,34,80,68,68,65,80,76,77,77,60,67,17,8,19,17,8,34,0],"gold":0,"neow_bonus":"BOSS_RELIC","is_prod":false,"is_daily":false,"chose_seed":false,"campfire_upgraded":8,"win_rate":0.0,"timestamp":1548191035,"path_taken":["M","M","?","?","?","R","E","R","T","?","M","E","?","M","R","BOSS","M","M","M","M","M","R","E","R","T","?","M","R","?","?","R","BOSS","M","M","M","?","M","E","R","M","T","E","M","M","M","M","R","BOSS"],"build_version":"2019-01-17v2","purchased_purges":0,"victory":false,"max_hp_per_floor":[75,75,75,75,75,75,75,75,75,80,80,80,80,80,80,80,80,80,80,80,80,80,80,80,80,80,80,80,80,80,80,80,80,80,80,80,80,80,80,80,80,80,87,87,87,87,87,87,87,87],"card_choices":[{"not_picked":["Lockon","Tempest"],"picked":"Capacitor","floor":1},{"not_picked":["Steam","Stack"],"picked":"Conserve Battery","floor":2},{"not_picked":["Hologram","Rip and Tear"],"picked":"Leap","floor":7},{"not_picked":["Stack","Coolheaded"],"picked":"Core Surge","floor":11},{"not_picked":["Streamline","Seek"],"picked":"Glacier","floor":12},{"not_picked":["Hologram","Recycle"],"picked":"Conserve Battery","floor":13},{"not_picked":["Sunder","Fusion"],"picked":"Barrage","floor":14},{"not_picked":["Sweeping Beam","Gash"],"picked":"Barrage","floor":18},{"not_picked":["Reinforced Body","FTL+1"],"picked":"Darkness","floor":19},{"not_picked":["Leap","Coolheaded","Conserve Battery"],"picked":"SKIP","floor":20},{"not_picked":["Streamline","Stack"],"picked":"Chaos","floor":21},{"not_picked":["Chill","Stack+1"],"picked":"Barrage","floor":22},{"not_picked":["Gash","Go for the Eyes","Doom and Gloom"],"picked":"SKIP","floor":24},{"not_picked":["Storm","Gash+1"],"picked":"Capacitor","floor":28},{"not_picked":["Ball Lightning","Redo","Stack"],"picked":"SKIP","floor":35},{"not_picked":["Leap","Hologram+1"],"picked":"Glacier+1","floor":36},{"not_picked":["Stack+1","Cold Snap+1","Chill"],"picked":"SKIP","floor":37},{"not_picked":["Steam+1","Compile Driver","Go for the Eyes+1"],"picked":"SKIP","floor":39},{"not_picked":["Go for the Eyes","Double Energy+1"],"picked":"Electrodynamics","floor":40},{"not_picked":["Sweeping Beam","Self Repair","Lockon"],"picked":"SKIP","floor":42},{"not_picked":["Coolheaded+1","Sweeping Beam+1","Rebound"],"picked":"SKIP","floor":44},{"not_picked":["Beam Cell+1","Chill+1","Machine Learning"],"picked":"SKIP","floor":45},{"not_picked":["Self Repair+1","Storm","Sweeping Beam"],"picked":"SKIP","floor":46},{"not_picked":["Cold Snap","Lockon+1","Self Repair+1"],"picked":"SKIP","floor":47},{"not_picked":["Lockon","Steam+1","Glacier"],"picked":"SKIP","floor":48}],"player_experience":54056,"relics_obtained":[{"floor":3,"key":"Bag of Marbles"},{"floor":7,"key":"MawBank"},{"floor":9,"key":"PreservedInsect"},{"floor":12,"key":"Darkstone Periapt"},{"floor":24,"key":"Oddly Smooth Stone"},{"floor":26,"key":"Smiling Mask"},{"floor":40,"key":"Bottled Flame"},{"floor":43,"key":"Strawberry"},{"floor":44,"key":"Dodecahedron"}],"event_choices":[{"cards_removed":["Strike_B"],"damage_healed":0,"gold_gain":0,"player_choice":"Card Removal","damage_taken":0,"max_hp_gain":0,"max_hp_loss":0,"event_name":"The Cleric","floor":4,"gold_loss":50},{"damage_healed":0,"gold_gain":0,"player_choice":"Ignored","damage_taken":0,"max_hp_gain":0,"max_hp_loss":0,"event_name":"Golden Idol","floor":5,"gold_loss":0},{"damage_healed":0,"gold_gain":0,"player_choice":"Donut","damage_taken":0,"max_hp_gain":5,"max_hp_loss":0,"event_name":"Big Fish","floor":10,"gold_loss":0},{"damage_healed":0,"gold_gain":0,"cards_transformed":["Strike_B","Strike_B"],"player_choice":"Became Test Subject","damage_taken":0,"max_hp_gain":0,"max_hp_loss":0,"event_name":"Drug Dealer","floor":30,"gold_loss":0,"cards_obtained":["Seek","Self Repair"]},{"damage_healed":0,"gold_gain":0,"player_choice":"Read","damage_taken":0,"max_hp_gain":0,"max_hp_loss":0,"event_name":"The Library","floor":31,"gold_loss":0,"cards_obtained":["Rainbow"]},{"cards_removed":["Storm"],"damage_healed":15,"gold_gain":0,"player_choice":"Offered Uncommon","damage_taken":0,"max_hp_gain":0,"max_hp_loss":0,"event_name":"Bonfire Elementals","floor":38,"gold_loss":0}],"is_beta":false,"boss_relics":[{"not_picked":["Calling Bell","Tiny House"],"picked":"Lizard Tail"},{"not_picked":["Cursed Key","Busted Crown"],"picked":"Astrolabe"}],"items_purged_floors":[],"is_endless":false,"potions_floor_spawned":[1,7,16,18,20,22,28,37,40,44,45],"killed_by":"Time Eater","ascension_level":0}