{"path_per_floor":["M","M","?","M","?","E","R","M","T","M","M","$","M","M","R"],"character_chosen":"DEFECT","items_purchased":["Capacitor"],"gold_per_floor":[115,126,126,136,136,168,168,185,185,202,222,173,190,200,200,200],"floor_reached":16,"campfire_rested":1,"playtime":1215,"current_hp_per_floor":[74,72,60,59,59,52,52,38,38,32,22,22,11,4,29,0],"items_purged":[],"gold":200,"score":106,"play_id":"ed679771-7612-42f3-9f73-8fbc80c1aabb","local_time":"20180430184538","is_prod":false,"is_daily":false,"chose_seed":false,"is_ascension_mode":false,"campfire_upgraded":1,"timestamp":1525077938,"path_taken":["M","M","?","?","?","E","R","M","T","?","M","$","?","M","R","BOSS"],"build_version":"2018-04-27v3","seed_source_timestamp":189632052473574,"purchased_purges":0,"victory":false,"master_deck":["Strike_B","Strike_B","Strike_B","Strike_B","Defend_B","Defend_B","Defend_B","Defend_B","Zap","Dualcast","Injury","Force Field","White Noise","Heatsinks","Capacitor+1","Capacitor","Streamline","Capacitor","Creative AI"],"max_hp_per_floor":[75,75,75,75,75,85,85,85,85,85,85,85,85,85,85,85],"relics":["Cracked Core","Gambling Chip","Happy Flower","Pear","Bag of Preparation"],"card_choices":[{"not_picked":["Go for the Eyes","Leap"],"picked":"Force Field","floor":1},{"not_picked":["Stack","Go for the Eyes"],"picked":"White Noise","floor":2},{"not_picked":["Cold Snap","Go for the Eyes"],"picked":"Heatsinks","floor":4},{"not_picked":["Fission","Sunder"],"picked":"Capacitor","floor":6},{"not_picked":["Leap","Coolheaded"],"picked":"Capacitor","floor":8},{"not_picked":["Steam Power","Skim"],"picked":"Streamline","floor":10},{"not_picked":["Glacier","Buffer"],"picked":"Creative AI","floor":13}],"player_experience":18254,"potions_floor_usage":[6,8,16,16],"damage_taken":[{"damage":1,"enemies":"Jaw Worm","floor":1,"turns":4},{"damage":2,"enemies":"2 Louse","floor":2,"turns":3},{"damage":1,"enemies":"Cultist","floor":4,"turns":3},{"damage":17,"enemies":"Gremlin Nob","floor":6,"turns":4},{"damage":14,"enemies":"Lots of Slimes","floor":8,"turns":4},{"damage":6,"enemies":"Blue Slaver","floor":10,"turns":5},{"damage":10,"enemies":"Looter","floor":11,"turns":3},{"damage":11,"enemies":"3 Louse","floor":13,"turns":3},{"damage":7,"enemies":"Blue Slaver","floor":14,"turns":5},{"damage":43,"enemies":"The Guardian","floor":16,"turns":4}],"event_choices":[{"event_name":"Scrap Ooze","player_choice":"success","floor":3,"damage_taken":12},{"event_name":"Golden Wing","player_choice":"Ignored","floor":5,"damage_taken":0}],"boss_relics":[],"potions_floor_spawned":[1,6,11,13],"seed_played":"7600319709495097633","killed_by":"The Guardian","ascension_level":0,"is_trial":false}