{"gold_per_floor":[118,136,211,225,240,240,190,190,190,207,226,238,248,259,259,355,355,370,387,302,320,338,369,369,11,36,36,68,82,100,113,113,211,211,231,249,249,266,320,354,354,354,379,410,0,33,33,65,65,65],"floor_reached":51,"playtime":4552,"items_purged":["Strike_B"],"score":1262,"play_id":"bbb00f3d-d9df-4f17-b15e-7fa637772559","local_time":"20180831233143","is_ascension_mode":true,"campfire_choices":[{"data":"Steam","floor":6.0,"key":"SMITH"},{"floor":8.0,"key":"REST"},{"data":"Zap","floor":15,"key":"SMITH"},{"floor":24,"key":"REST"},{"data":"Dualcast","floor":32,"key":"SMITH"},{"data":"Panache","floor":42,"key":"SMITH"},{"data":"Defend_B","floor":49,"key":"SMITH"}],"neow_cost":"NONE","seed_source_timestamp":0,"circlet_count":0,"master_deck":["Strike_B","Strike_B","Defend_B","Defend_B","Defend_B","Defend_B+1","Zap+1","Dualcast+1","AscendersBane","All For One","Scrape+1","Steam+1","Gash","Genetic Algorithm","White Noise+1","Go for the Eyes","Fission+1","Gash+1","Chill+1","Gash+1","BootSequence+1","All For One","Self Repair","Skim+1","Gash+1","Steam+1","Reboot+1","Skim+1","Beam Cell+1","All For One","Gash","Conserve Battery+1","Leap+1","Panacea+1","Jack Of All Trades+1","Panache+1","Hologram+1","Hologram+1","Gash+1","Panacea+1","Gash","Compile Driver","Compile Driver+1"],"special_seed":0,"relics":["Cracked Core","Toxic Egg 2","White Beast Statue","Gremlin Horn","Blue Candle","Centennial Puzzle","Bag of Preparation","Red Mask","Orrery","Ice Cream","Juzu Bracelet","StoneCalendar","Anchor","Omamori","HandDrill","Bottled Tornado","Strawberry"],"potions_floor_usage":[11,12,16,21,23,23,23,31,33,33,39,40,44,50,50,50],"damage_taken":[{"damage":1.0,"enemies":"Cultist","floor":1.0,"turns":3.0},{"damage":15.0,"enemies":"Small Slimes","floor":2.0,"turns":3.0},{"damage":0.0,"enemies":"2 Louse","floor":4.0,"turns":1.0},{"damage":0.0,"enemies":"2 Fungi Beasts","floor":5.0,"turns":3.0},{"damage":7.0,"enemies":"Large Slime","floor":10.0,"turns":5.0},{"damage":13,"enemies":"Red Slaver","floor":11,"turns":2},{"damage":0,"enemies":"Exordium Wildlife","floor":12,"turns":4},{"damage":0,"enemies":"Large Slime","floor":13,"turns":4},{"damage":4,"enemies":"2 Fungi Beasts","floor":14,"turns":3},{"damage":16,"enemies":"Hexaghost","floor":16,"turns":7},{"damage":0,"enemies":"Shell Parasite","floor":18,"turns":4},{"damage":0,"enemies":"3 Byrds","floor":19,"turns":6},{"damage":5,"enemies":"Shelled Parasite and Fungi","floor":21,"turns":5},{"damage":16,"enemies":"Snake Plant","floor":22,"turns":4},{"damage":32,"enemies":"Book of Stabbing","floor":23,"turns":5},{"damage":0,"enemies":"Masked Bandits","floor":28,"turns":4},{"damage":6,"enemies":"Centurion and Healer","floor":29,"turns":6},{"damage":0,"enemies":"Snecko","floor":30,"turns":2},{"damage":0,"enemies":"3 Cultists","floor":31,"turns":3},{"damage":6,"enemies":"Champ","floor":33,"turns":7},{"damage":0,"enemies":"3 Shapes","floor":35,"turns":2},{"damage":0,"enemies":"Orb Walker","floor":36,"turns":3},{"damage":0,"enemies":"4 Shapes","floor":38,"turns":1},{"damage":19,"enemies":"Mysterious Sphere","floor":39,"turns":5},{"damage":1,"enemies":"Giant Head","floor":40,"turns":5},{"damage":0,"enemies":"Mind Bloom Boss Battle","floor":41,"turns":3},{"damage":13,"enemies":"Nemesis","floor":44,"turns":3},{"damage":0,"enemies":"Giant Head","floor":46,"turns":3},{"damage":1,"enemies":"2 Orb Walkers","floor":48,"turns":2},{"damage":52,"enemies":"Awakened One","floor":50,"turns":7}],"seed_played":"-4869937943798927131","potions_obtained":[{"floor":1.0,"key":"SpeedPotion"},{"floor":5.0,"key":"PowerPotion"},{"floor":10,"key":"Poison Potion"},{"floor":11,"key":"PowerPotion"},{"floor":12,"key":"GamblersBrew"},{"floor":13,"key":"Strength Potion"},{"floor":18,"key":"SneckoOil"},{"floor":19,"key":"Explosive Potion"},{"floor":21,"key":"FearPotion"},{"floor":23,"key":"EssenceOfSteel"},{"floor":28,"key":"SpeedPotion"},{"floor":29,"key":"Explosive Potion"},{"floor":30,"key":"Swift Potion"},{"floor":31,"key":"SpeedPotion"},{"floor":33,"key":"PowerPotion"},{"floor":35,"key":"Fire Potion"},{"floor":36,"key":"Regen Potion"},{"floor":38,"key":"PowerPotion"},{"floor":39,"key":"Dexterity Potion"},{"floor":40,"key":"SpeedPotion"},{"floor":44,"key":"FocusPotion"}],"is_trial":false,"path_per_floor":["M","M","?","M","M","R","?","R","T","M","M","M","M","M","R","B",null,"M","M","?","M","M","E","R","$","T","$","?","M","M","M","R","B",null,"M","M","?","M","?","E","?","R","T","E","$","E","?","E","R","B"],"character_chosen":"DEFECT","items_purchased":["All For One","Self Repair","Centennial Puzzle","Panacea+1","Gash","HandDrill"],"campfire_rested":2,"item_purchase_floors":[25,25,25,45,45,45],"current_hp_per_floor":[67,52,41,41,41,41,41,63,63,56,43,43,43,39,39,23,62,62,62,62,57,41,9,31,31,31,31,38,46,53,60,60,61,72,72,75,65,65,53,68,68,68,68,62,62,62,62,75,75,30],"gold":65,"neow_bonus":"ONE_RANDOM_RARE_CARD","is_prod":false,"is_daily":false,"chose_seed":false,"campfire_upgraded":5,"win_rate":0,"timestamp":1535751103,"path_taken":["M","?","?","M","M","R","?","R","T","M","?","M","M","M","R","BOSS","M","M","?","?","M","E","R","$","T","?","?","M","M","?","R","BOSS","M","M","?","?","?","E","?","R","T","E","$","E","?","E","R","BOSS"],"build_version":"2018-08-30","purchased_purges":1,"victory":true,"max_hp_per_floor":[75,75,75,75,75,75,75,75,75,75,75,75,75,75,75,75,75,75,75,75,75,75,75,75,75,75,75,75,75,75,75,75,75,75,75,75,75,75,75,75,75,75,75,75,75,75,75,82,82,82],"card_choices":[{"not_picked":["Compile Driver","Sweeping Beam"],"picked":"Scrape","floor":1.0},{"not_picked":["Redo","Tempest"],"picked":"Steam","floor":2.0},{"not_picked":["Beam Cell","Barrage"],"picked":"Gash","floor":4.0},{"not_picked":["Amplify","Turbo"],"picked":"Genetic Algorithm","floor":5.0},{"not_picked":["Capacitor","Loop","Defragment"],"picked":"SKIP","floor":10},{"not_picked":["Compile Driver","Ball Lightning"],"picked":"White Noise+1","floor":11},{"not_picked":["Ball Lightning","Consume+1"],"picked":"Go for the Eyes","floor":12},{"not_picked":["Hello World","Ball Lightning","Sweeping Beam"],"picked":"SKIP","floor":13},{"not_picked":["Streamline","Cold Snap","Buffer"],"picked":"SKIP","floor":14},{"not_picked":["Core Surge","Thunder Strike"],"picked":"Fission+1","floor":16},{"not_picked":["Redo+1","Streamline"],"picked":"Gash+1","floor":18},{"not_picked":["Beam Cell","Rebound+1"],"picked":"Chill+1","floor":19},{"not_picked":["Sweeping Beam","Static Discharge","Stack+1"],"picked":"SKIP","floor":21},{"not_picked":["Static Discharge+1","Hologram+1"],"picked":"Gash+1","floor":22},{"not_picked":["Blizzard","Static Discharge+1"],"picked":"BootSequence+1","floor":23},{"not_picked":["Undo+1","Rebound+1"],"picked":"Skim+1","floor":29},{"not_picked":["Capacitor","Doom and Gloom"],"picked":"Gash+1","floor":30},{"not_picked":["Self Repair","Hologram+1"],"picked":"Steam+1","floor":31},{"not_picked":["Electrodynamics","Creative AI"],"picked":"Reboot+1","floor":33},{"not_picked":["Redo+1","Double Energy+1"],"picked":"Skim+1","floor":34},{"not_picked":["Sweeping Beam","Genetic Algorithm+1"],"picked":"Beam Cell+1","floor":34},{"not_picked":["Cold Snap","Coolheaded+1"],"picked":"All For One","floor":34},{"not_picked":["Conserve Battery+1","Defragment"],"picked":"Gash","floor":34},{"not_picked":["Genetic Algorithm+1","Storm+1"],"picked":"Conserve Battery+1","floor":34},{"not_picked":["Cold Snap","Static Discharge"],"picked":"Leap+1","floor":35},{"not_picked":["Turbo+1","Fusion+1","Doom and Gloom"],"picked":"SKIP","floor":36},{"not_picked":["Secret Weapon+1","Forethought+1"],"picked":"Panacea+1","floor":37},{"not_picked":["Discovery+1","The Bomb+1"],"picked":"Jack Of All Trades+1","floor":37},{"not_picked":["Mind Blast","Blind+1"],"picked":"Panache","floor":37},{"not_picked":["Storm","Redo+1"],"picked":"Hologram+1","floor":38},{"not_picked":["Cold Snap+1","Coolheaded+1"],"picked":"Hologram+1","floor":39},{"not_picked":["Auto Shields+1","Turbo+1"],"picked":"Gash+1","floor":40},{"not_picked":["Fusion+1","Aggregate+1","Loop+1"],"picked":"SKIP","floor":44},{"not_picked":["Sunder+1","Cold Snap+1"],"picked":"Compile Driver","floor":46},{"not_picked":["Capacitor+1","Self Repair"],"picked":"Compile Driver+1","floor":48}],"player_experience":357365,"relics_obtained":[{"floor":9.0,"key":"Toxic Egg 2"},{"floor":23,"key":"Blue Candle"},{"floor":26,"key":"Bag of Preparation"},{"floor":28,"key":"Red Mask"},{"floor":39,"key":"Ice Cream"},{"floor":40,"key":"Juzu Bracelet"},{"floor":41,"key":"StoneCalendar"},{"floor":43,"key":"Anchor"},{"floor":44,"key":"Omamori"},{"floor":46,"key":"Bottled Tornado"},{"floor":48,"key":"Strawberry"}],"event_choices":[{"event_name":"World of Goop","player_choice":"Gather Gold","floor":3.0,"damage_taken":0.0},{"event_name":"The Cleric","player_choice":"Card Removal","floor":7.0,"damage_taken":0.0},{"event_name":"Addict","player_choice":"Obtained Relic","floor":20,"damage_taken":0},{"event_name":"Masked Bandits","player_choice":"Fought Bandits","floor":28,"damage_taken":0},{"event_name":"SensoryStone","player_choice":"Memory 3","floor":37,"damage_taken":0},{"event_name":"Mysterious Sphere","player_choice":"Fight","floor":39,"damage_taken":0},{"event_name":"MindBloom","player_choice":"Fight","floor":41,"damage_taken":0},{"event_name":"Upgrade Shrine","player_choice":"Upgraded","floor":47,"damage_taken":0}],"is_beta":false,"boss_relics":[{"not_picked":["Velvet Choker","Philosopher\u0027s Stone"],"picked":"White Beast Statue"},{"not_picked":["Cursed Key","Runic Dome"],"picked":"Orrery"}],"items_purged_floors":[45],"is_endless":false,"potions_floor_spawned":[1,5,10,11,12,13,18,19,21,22,23,28,29,30,31,33,35,36,38,39,40,41,44,46,48],"ascension_level":10}