{"gold_per_floor":[116,65,65,65,78,122,141,175,232,232,232,271,271,4,4,130,130,144,144,144,7,27,27,48,48,48,48,48,84,84],"floor_reached":30,"playtime":771,"items_purged":["Strike_B","Strike_B"],"score":387,"play_id":"039496b0-b02d-4ca4-8bf5-9069cc0bd014","local_time":"20190207041353","is_ascension_mode":true,"campfire_choices":[{"floor":11,"key":"REST"},{"floor":13,"key":"REST"},{"data":"Zap","floor":15,"key":"SMITH"},{"floor":23,"key":"REST"},{"floor":25,"key":"REST"},{"floor":27,"key":"REST"}],"neow_cost":"NONE","seed_source_timestamp":1842282340156597,"circlet_count":0,"master_deck":["Strike_B","Defend_B","Defend_B","Defend_B","Defend_B","Zap+1","Dualcast","Ball Lightning","Gash","Conserve Battery","BootSequence","Steam","Machine Learning","Conserve Battery","Seek","Static Discharge","Hello World","Trip","Self Repair","Cold Snap+1","Go for the Eyes"],"relics":["Cracked Core","NeowsBlessing","Golden Idol","Omamori","PreservedInsect","Tiny Chest","Art of War","Membership Card","Inserter","Nilry\u0027s Codex","Sundial","Bag of Marbles","Bottled Lightning"],"potions_floor_usage":[16,22,22,29],"damage_taken":[{"damage":0,"enemies":"2 Louse","floor":1,"turns":1},{"damage":0,"enemies":"Jaw Worm","floor":5,"turns":1},{"damage":0,"enemies":"Lagavulin","floor":6,"turns":1},{"damage":0,"enemies":"Small Slimes","floor":7,"turns":2},{"damage":37,"enemies":"Gremlin Nob","floor":8,"turns":5},{"damage":7,"enemies":"Lagavulin","floor":12,"turns":5},{"damage":66,"enemies":"Hexaghost","floor":16,"turns":12},{"damage":18,"enemies":"Chosen","floor":18,"turns":6},{"damage":11,"enemies":"3 Byrds","floor":22,"turns":4},{"damage":29,"enemies":"Snake Plant","floor":24,"turns":4},{"damage":35,"enemies":"Book of Stabbing","floor":29,"turns":5},{"damage":58,"enemies":"Masked Bandits","floor":30,"turns":3}],"seed_played":"3147192857756302668","potions_obtained":[{"floor":7,"key":"SpeedPotion"},{"floor":12,"key":"SpeedPotion"},{"floor":16,"key":"AttackPotion"},{"floor":18,"key":"SkillPotion"},{"floor":20,"key":"Regen Potion"},{"floor":20,"key":"LiquidBronze"}],"is_trial":false,"path_per_floor":["M","$","?","?","M","E","M","E","T","?","R","E","R","$","R","B",null,"M","?","?","$","M","R","M","R","T","R","T","E","?"],"character_chosen":"DEFECT","items_purchased":["Gash","Membership Card","Block Potion","Hello World","Trip"],"campfire_rested":5,"item_purchase_floors":[2,14,14,21,21],"current_hp_per_floor":[68,68,50,75,75,75,75,38,38,31,53,46,68,68,68,2,57,39,23,23,23,24,46,24,46,46,68,68,40,0],"gold":84,"neow_bonus":"THREE_ENEMY_KILL","is_prod":false,"is_daily":false,"chose_seed":false,"campfire_upgraded":1,"win_rate":0,"timestamp":1549530833,"path_taken":["M","$","?","?","M","E","M","E","T","?","R","E","R","$","R","BOSS","M","?","?","$","?","R","M","R","T","R","?","E","?"],"build_version":"2019-01-23","purchased_purges":2,"victory":false,"max_hp_per_floor":[75,75,75,75,75,75,75,75,75,75,75,75,75,75,75,75,75,75,75,75,75,75,75,75,75,75,75,75,75,75],"card_choices":[{"not_picked":["Barrage","Go for the Eyes"],"picked":"Ball Lightning","floor":1},{"not_picked":["Hologram","Streamline"],"picked":"Conserve Battery","floor":5},{"not_picked":["Blizzard","Beam Cell"],"picked":"BootSequence","floor":6},{"not_picked":["Turbo","Redo"],"picked":"Steam","floor":7},{"not_picked":["Beam Cell","Core Surge"],"picked":"Machine Learning","floor":8},{"not_picked":["Rebound","Coolheaded"],"picked":"Conserve Battery","floor":12},{"not_picked":["All For One","Machine Learning"],"picked":"Seek","floor":16},{"not_picked":["Capacitor+1","Rebound"],"picked":"Static Discharge","floor":18},{"not_picked":["Streamline","Hologram+1"],"picked":"Self Repair","floor":22},{"not_picked":["Storm","Gash+1"],"picked":"Cold Snap+1","floor":24},{"not_picked":["Blizzard","All For One"],"picked":"Go for the Eyes","floor":29}],"player_experience":403150,"relics_obtained":[{"floor":6,"key":"Omamori"},{"floor":8,"key":"PreservedInsect"},{"floor":9,"key":"Tiny Chest"},{"floor":12,"key":"Art of War"},{"floor":19,"key":"Nilry\u0027s Codex"},{"floor":26,"key":"Sundial"},{"floor":28,"key":"Bag of Marbles"},{"floor":29,"key":"Bottled Lightning"}],"event_choices":[{"damage_healed":0,"gold_gain":0,"player_choice":"Take Damage","damage_taken":18,"relics_obtained":["Golden Idol"],"max_hp_gain":0,"max_hp_loss":0,"event_name":"Golden Idol","floor":3,"gold_loss":0},{"damage_healed":25,"gold_gain":0,"player_choice":"Banana","damage_taken":0,"max_hp_gain":0,"max_hp_loss":0,"event_name":"Big Fish","floor":4,"gold_loss":0},{"cards_removed":["Strike_B"],"damage_healed":0,"gold_gain":0,"player_choice":"Card Removal","damage_taken":7,"max_hp_gain":0,"max_hp_loss":0,"event_name":"Golden Wing","floor":10,"gold_loss":0},{"damage_healed":0,"gold_gain":0,"player_choice":"Obtained Book","damage_taken":16,"max_hp_gain":0,"max_hp_loss":0,"event_name":"Cursed Tome","floor":19,"gold_loss":0},{"damage_healed":0,"gold_gain":0,"player_choice":"Got Potions","damage_taken":0,"max_hp_gain":0,"max_hp_loss":0,"event_name":"Lab","floor":20,"gold_loss":0},{"damage_healed":0,"gold_gain":0,"player_choice":"Fought Bandits","damage_taken":0,"max_hp_gain":0,"max_hp_loss":0,"event_name":"Masked Bandits","floor":30,"gold_loss":0}],"is_beta":false,"boss_relics":[{"not_picked":["Pandora\u0027s Box","White Beast Statue"],"picked":"Inserter"}],"items_purged_floors":[14,21],"is_endless":false,"potions_floor_spawned":[7,12,16,18],"killed_by":"Masked Bandits","ascension_level":7}