{"gold_per_floor":[115,190,365,3,17,17,31,107,107,120,120,28,28,41,41,137,137,155,155,155,56,56,56,75,75,75,375,391,405,474,490,490,490],"floor_reached":33,"playtime":1622,"items_purged":["Doubt"],"score":260,"play_id":"1c8c3487-d0b2-44e4-94f8-b47480cf854a","local_time":"20190115041630","is_ascension_mode":false,"campfire_choices":[{"floor":6,"key":"DIG"},{"floor":11,"key":"REST"},{"floor":13,"key":"DIG"},{"floor":15,"key":"DIG"},{"floor":23,"key":"DIG"},{"floor":25,"key":"DIG"},{"floor":27,"key":"DIG"},{"floor":32,"key":"DIG"}],"neow_cost":"NONE","seed_source_timestamp":1754740230151320,"circlet_count":0,"master_deck":["Defend_G","Defend_G","Defend_G","Defend_G","Strike_G","Strike_G","Strike_G+1","Strike_G+1","Strike_G","Survivor","Neutralize","Corpse Explosion","All Out Attack","Poisoned Stab","Distraction","Underhanded Strike","Flash of Steel","Acrobatics","After Image","Prepared+1","Outmaneuver","Necronomicurse","Eviscerate","Slice","Writhe","Deflect","Bane","Masterful Stab","Endless Agony"],"relics":["Ring of the Snake","Shovel","Blood Vial","Whetstone","Gremlin Horn","Letter Opener","Coffee Dripper","Necronomicon","Snake Skull","Dodecahedron","Tough Bandages","FossilizedHelix","Old Coin","Meat on the Bone","Bird Faced Urn"],"potions_floor_usage":[16,28,33,33],"damage_taken":[{"damage":8,"enemies":"Small Slimes","floor":1,"turns":3},{"damage":7,"enemies":"Jaw Worm","floor":5,"turns":4},{"damage":0,"enemies":"Cultist","floor":7,"turns":3},{"damage":9,"enemies":"Red Slaver","floor":10,"turns":5},{"damage":0,"enemies":"Lots of Slimes","floor":14,"turns":1},{"damage":55,"enemies":"The Guardian","floor":16,"turns":11},{"damage":15,"enemies":"2 Thieves","floor":18,"turns":3},{"damage":0,"enemies":"Chosen","floor":24,"turns":4},{"damage":9,"enemies":"Shelled Parasite and Fungi","floor":28,"turns":3},{"damage":8,"enemies":"Centurion and Healer","floor":29,"turns":3},{"damage":17,"enemies":"Sentry and Sphere","floor":31,"turns":6},{"damage":42,"enemies":"Champ","floor":33,"turns":8}],"seed_played":"4058073895107062435","potions_obtained":[{"floor":14,"key":"SkillPotion"},{"floor":16,"key":"AttackPotion"},{"floor":18,"key":"SteroidPotion"},{"floor":29,"key":"Energy Potion"},{"floor":31,"key":"Weak Potion"}],"is_trial":false,"path_per_floor":["M","?","?","$","M","R","M","?","T","M","R","$","R","M","R","B",null,"M","?","?","$","?","R","M","R","T","R","M","M","T","M","R","B"],"character_chosen":"THE_SILENT","items_purchased":["Shovel","Flash of Steel","Eviscerate","Slice"],"campfire_rested":1,"item_purchase_floors":[4,12,21,21],"current_hp_per_floor":[62,51,51,51,44,44,46,46,46,39,60,60,60,62,62,9,70,55,55,39,39,39,39,41,41,41,41,34,28,28,25,25,0],"gold":490,"neow_bonus":"TRANSFORM_CARD","is_prod":false,"is_daily":false,"chose_seed":false,"campfire_upgraded":0,"win_rate":0.0,"timestamp":1547543790,"path_taken":["M","?","?","$","M","R","M","?","T","M","R","$","R","M","R","BOSS","M","?","?","?","?","R","?","R","T","R","M","M","?","M","R","BOSS"],"build_version":"2019-01-10","purchased_purges":1,"victory":false,"max_hp_per_floor":[70,70,70,70,70,70,70,70,70,70,70,70,70,70,70,70,70,70,70,70,70,70,70,70,70,70,70,70,70,70,70,70,70],"card_choices":[{"not_picked":["Deadly Poison","Dagger Spray"],"picked":"All Out Attack","floor":1},{"not_picked":["Sucker Punch","Quick Slash"],"picked":"Poisoned Stab","floor":5},{"not_picked":["Backflip","Dodge and Roll"],"picked":"Distraction","floor":7},{"not_picked":["Dodge and Roll","Calculated Gamble"],"picked":"Underhanded Strike","floor":10},{"not_picked":["Leg Sweep","Footwork"],"picked":"Acrobatics","floor":14},{"not_picked":["A Thousand Cuts","Burst"],"picked":"After Image","floor":16},{"not_picked":["Deflect","Blade Dance"],"picked":"Prepared+1","floor":18},{"not_picked":["Blade Dance","Catalyst"],"picked":"Deflect","floor":24},{"not_picked":["Acrobatics+1","Prepared"],"picked":"Bane","floor":28},{"not_picked":["Acrobatics","Malaise"],"picked":"Masterful Stab","floor":29},{"not_picked":["Acrobatics","Outmaneuver"],"picked":"Endless Agony","floor":31}],"player_experience":22907,"relics_obtained":[{"floor":6,"key":"Blood Vial"},{"floor":9,"key":"Whetstone"},{"floor":13,"key":"Gremlin Horn"},{"floor":15,"key":"Letter Opener"},{"floor":20,"key":"Necronomicon"},{"floor":23,"key":"Dodecahedron"},{"floor":25,"key":"Tough Bandages"},{"floor":26,"key":"FossilizedHelix"},{"floor":27,"key":"Old Coin"},{"floor":30,"key":"Meat on the Bone"},{"floor":32,"key":"Bird Faced Urn"}],"event_choices":[{"damage_healed":0,"gold_gain":75,"player_choice":"Gather Gold","damage_taken":11,"max_hp_gain":0,"max_hp_loss":0,"event_name":"World of Goop","floor":2,"gold_loss":0},{"damage_healed":0,"gold_gain":175,"player_choice":"AGREE","damage_taken":0,"max_hp_gain":0,"max_hp_loss":0,"event_name":"Liars Game","floor":3,"gold_loss":0,"cards_obtained":["Doubt"]},{"damage_healed":0,"gold_gain":76,"player_choice":"Gained Gold","damage_taken":0,"max_hp_gain":0,"max_hp_loss":0,"event_name":"Golden Wing","floor":8,"gold_loss":0},{"damage_healed":0,"gold_gain":0,"player_choice":"Read","damage_taken":0,"max_hp_gain":0,"max_hp_loss":0,"event_name":"The Library","floor":19,"gold_loss":0,"cards_obtained":["Outmaneuver"]},{"damage_healed":0,"gold_gain":0,"player_choice":"Obtained Book","damage_taken":16,"max_hp_gain":0,"max_hp_loss":0,"event_name":"Cursed Tome","floor":20,"gold_loss":0},{"damage_healed":0,"gold_gain":0,"player_choice":"Opened","damage_taken":0,"relics_obtained":["Snake Skull"],"max_hp_gain":0,"max_hp_loss":0,"event_name":"The Mausoleum","floor":22,"gold_loss":0,"cards_obtained":["Writhe"]}],"is_beta":false,"boss_relics":[{"not_picked":["Philosopher\u0027s Stone","Astrolabe"],"picked":"Coffee Dripper"}],"items_purged_floors":[4],"is_endless":false,"potions_floor_spawned":[14,16,18,29,31],"killed_by":"Champ","ascension_level":0}