{"gold_per_floor":[144,94,169,169,169,169,218,218,293,293,342,42,91,140,140,465,465,514,563,563,563,563,563,563,612,612,673,685,197,246,46,46,371,371,420,170,219,219,268,268,317,317,317,317,366,415,415],"floor_reached":47,"playtime":2122,"items_purged":[],"score":617,"play_id":"e656cbae-efe8-4550-911a-5f103e64a47d","local_time":"20190201000452","daily_mods":["Insanity","Hoarder","Midas"],"is_ascension_mode":false,"campfire_choices":[{"floor":6,"key":"REST"},{"floor":8,"key":"REST"},{"floor":15,"key":"REST"},{"floor":23,"key":"REST"},{"floor":32,"key":"REST"},{"floor":40,"key":"REST"}],"neow_cost":"","seed_source_timestamp":0,"circlet_count":0,"master_deck":["Dagger Spray","Outmaneuver","Poisoned Stab","Flying Knee","Crippling Poison","Underhanded Strike","Distraction","Underhanded Strike","Prepared","Flying Knee","Dodge and Roll","Deadly Poison","Dodge and Roll","Accuracy","Bouncing Flask","Dagger Spray","Underhanded Strike","Poisoned Stab","Sucker Punch","Flying Knee","Outmaneuver","Terror","Crippling Poison","Slice","Deflect","Dodge and Roll","Underhanded Strike","Deadly Poison","Prepared","Slice","Flying Knee","Acrobatics","Underhanded Strike","Quick Slash","Blade Dance","Endless Agony","Escape Plan","Bane","Cloak And Dagger","Accuracy","Acrobatics","Dodge and Roll","Backflip","Prepared","Endless Agony","Sucker Punch","Leg Sweep","Leg Sweep","Leg Sweep","Catalyst","Catalyst","Catalyst","Footwork","Footwork","Footwork","Malaise","Malaise","Malaise","The Bomb","The Bomb","The Bomb","Glacier+1","Glacier+1","Glacier+1","Skewer+1","Skewer+1","Skewer+1","Parasite","Parasite","Parasite"],"special_seed":17928,"relics":["Ring of the Snake","Golden Idol","Paper Crane","Bird Faced Urn","The Specimen","Empty Cage","Dodecahedron","MawBank","Boot","ClockworkSouvenir","WingedGreaves","PrismaticShard","Fusion Hammer","Bottled Flame","Shovel","Toxic Egg 2"],"potions_floor_usage":[14,33,33,37,41],"damage_taken":[{"damage":2,"enemies":"2 Louse","floor":1,"turns":2},{"damage":1,"enemies":"Small Slimes","floor":7,"turns":2},{"damage":0,"enemies":"Cultist","floor":11,"turns":2},{"damage":12,"enemies":"2 Fungi Beasts","floor":13,"turns":3},{"damage":6,"enemies":"Large Slime","floor":14,"turns":4},{"damage":11,"enemies":"The Guardian","floor":16,"turns":8},{"damage":4,"enemies":"3 Byrds","floor":18,"turns":5},{"damage":9,"enemies":"Spheric Guardian","floor":19,"turns":6},{"damage":32,"enemies":"Colosseum Slavers","floor":21,"turns":5},{"damage":9,"enemies":"3 Cultists","floor":25,"turns":6},{"damage":3,"enemies":"Snake Plant","floor":27,"turns":7},{"damage":4,"enemies":"Snecko","floor":30,"turns":8},{"damage":8,"enemies":"Champ","floor":33,"turns":10},{"damage":13,"enemies":"Orb Walker","floor":35,"turns":4},{"damage":10,"enemies":"3 Shapes","floor":37,"turns":4},{"damage":16,"enemies":"Sphere and 2 Shapes","floor":39,"turns":3},{"damage":9,"enemies":"Spire Growth","floor":41,"turns":4},{"damage":15,"enemies":"Maw","floor":45,"turns":8},{"damage":4,"enemies":"Writhing Mass","floor":46,"turns":8},{"damage":45,"enemies":"3 Darklings","floor":47,"turns":3}],"seed_played":"4077721088213470918","potions_obtained":[{"floor":7,"key":"LiquidBronze"},{"floor":11,"key":"EssenceOfSteel"},{"floor":13,"key":"Explosive Potion"},{"floor":25,"key":"LiquidBronze"},{"floor":35,"key":"FearPotion"},{"floor":37,"key":"Energy Potion"},{"floor":39,"key":"Ancient Potion"},{"floor":41,"key":"Strength Potion"}],"is_trial":false,"path_per_floor":["M","?","?","?","?","R","M","R","T","T","M","$","M","M","R","B",null,"M","M","?","?","?","R","?","M","T","M","T","$","M","$","R","B",null,"M","$","M","?","M","R","M","?","T","T","M","M","M"],"character_chosen":"THE_SILENT","items_purchased":["The Specimen","ClockworkSouvenir","WingedGreaves","PrismaticShard","Bottled Flame"],"campfire_rested":6,"item_purchase_floors":[12,29,29,31,36],"current_hp_per_floor":[68,68,57,40,63,70,69,70,70,70,70,70,60,54,70,65,70,66,57,57,27,50,70,70,61,61,60,60,60,62,62,70,66,70,59,59,51,56,40,61,54,54,54,54,43,43,0],"gold":415,"neow_bonus":"","is_prod":false,"is_daily":true,"chose_seed":false,"campfire_upgraded":0,"win_rate":0,"timestamp":1548997492,"path_taken":["M","?","?","?","?","R","M","R","T","?","M","$","?","M","R","BOSS","M","M","?","?","?","R","?","M","T","M","?","$","?","$","R","BOSS","M","$","?","?","M","R","?","?","T","?","M","?","M"],"build_version":"2019-01-23","purchased_purges":0,"victory":false,"max_hp_per_floor":[70,70,70,70,70,70,70,70,70,70,70,70,70,70,70,70,70,70,70,70,70,70,70,70,70,70,70,70,70,70,70,70,70,70,70,70,70,70,70,70,70,70,70,70,70,70,70],"card_choices":[{"not_picked":["Backflip","Sucker Punch"],"picked":"Leg Sweep","floor":1},{"not_picked":["Blade Dance","Riddle With Holes","Flying Knee"],"picked":"SKIP","floor":7},{"not_picked":["Deflect","Bane"],"picked":"Catalyst","floor":11},{"not_picked":["Predator","Dagger Spray"],"picked":"Footwork","floor":13},{"not_picked":["Deflect","Poisoned Stab","Eviscerate"],"picked":"SKIP","floor":14},{"not_picked":["Glass Knife","Grand Finale"],"picked":"Malaise","floor":16},{"not_picked":["Cloak And Dagger+1","Slice+1","PiercingWail"],"picked":"SKIP","floor":18},{"not_picked":["Dagger Throw","Prepared","Predator"],"picked":"SKIP","floor":19},{"not_picked":["Calculated Gamble","Dagger Throw","Bane"],"picked":"SKIP","floor":25},{"not_picked":["Backflip+1","Predator","Dagger Spray"],"picked":"SKIP","floor":27},{"not_picked":["Blade Dance","Sucker Punch","Terror"],"picked":"SKIP","floor":30},{"not_picked":["Electrodynamics","Wraith Form v2"],"picked":"The Bomb","floor":33},{"not_picked":["Barrage+1","Sever Soul","Clothesline"],"picked":"SKIP","floor":35},{"not_picked":["Inflame","Catalyst+1","Darkness"],"picked":"SKIP","floor":37},{"not_picked":["Clash+1","Turbo","Hemokinesis+1"],"picked":"SKIP","floor":39},{"not_picked":["Sword Boomerang","Dodge and Roll"],"picked":"Glacier+1","floor":41},{"not_picked":["Sucker Punch","Well Laid Plans+1"],"picked":"Skewer+1","floor":45},{"not_picked":["Flying Knee+1","Go for the Eyes+1","Sweeping Beam+1"],"picked":"SKIP","floor":46}],"player_experience":297145,"relics_obtained":[{"floor":9,"key":"Paper Crane"},{"floor":10,"key":"Bird Faced Urn"},{"floor":26,"key":"MawBank"},{"floor":28,"key":"Boot"},{"floor":43,"key":"Shovel"},{"floor":44,"key":"Toxic Egg 2"}],"event_choices":[{"cards_removed":["Outmaneuver"],"damage_healed":0,"gold_gain":0,"player_choice":"Card Removal","damage_taken":0,"max_hp_gain":0,"max_hp_loss":0,"event_name":"The Cleric","floor":2,"gold_loss":50},{"damage_healed":0,"gold_gain":75,"player_choice":"Gather Gold","damage_taken":11,"max_hp_gain":0,"max_hp_loss":0,"event_name":"World of Goop","floor":3,"gold_loss":0},{"damage_healed":0,"gold_gain":0,"player_choice":"Take Damage","damage_taken":17,"relics_obtained":["Golden Idol"],"max_hp_gain":0,"max_hp_loss":0,"event_name":"Golden Idol","floor":4,"gold_loss":0},{"damage_healed":23,"gold_gain":0,"player_choice":"Banana","damage_taken":0,"max_hp_gain":0,"max_hp_loss":0,"event_name":"Big Fish","floor":5,"gold_loss":0},{"damage_healed":0,"gold_gain":0,"player_choice":"Ignored","damage_taken":0,"max_hp_gain":0,"max_hp_loss":0,"event_name":"Vampires","floor":20,"gold_loss":0},{"damage_healed":0,"gold_gain":0,"player_choice":"Fight","damage_taken":0,"max_hp_gain":0,"max_hp_loss":0,"event_name":"Colosseum","floor":21,"gold_loss":0},{"damage_healed":0,"gold_gain":0,"player_choice":"Fled From Nobs","damage_taken":0,"max_hp_gain":0,"max_hp_loss":0,"event_name":"Colosseum","floor":21,"gold_loss":0},{"damage_healed":23,"gold_gain":0,"player_choice":"Heal","damage_taken":0,"max_hp_gain":0,"max_hp_loss":0,"event_name":"The Library","floor":22,"gold_loss":0},{"damage_healed":0,"gold_gain":0,"player_choice":"Opened","damage_taken":0,"relics_obtained":["Dodecahedron"],"max_hp_gain":0,"max_hp_loss":0,"event_name":"The Mausoleum","floor":24,"gold_loss":0},{"cards_removed":["Outmaneuver"],"damage_healed":5,"gold_gain":0,"player_choice":"Offered Common","damage_taken":0,"max_hp_gain":0,"max_hp_loss":0,"event_name":"Bonfire Elementals","floor":38,"gold_loss":0},{"cards_removed":["Outmaneuver"],"damage_healed":5,"gold_gain":0,"player_choice":"Offered Special","damage_taken":0,"max_hp_gain":0,"max_hp_loss":0,"event_name":"Bonfire Elementals","floor":38,"gold_loss":0},{"damage_healed":0,"gold_gain":0,"player_choice":"Memory 1","damage_taken":0,"max_hp_gain":0,"max_hp_loss":0,"event_name":"SensoryStone","floor":42,"gold_loss":0}],"is_beta":false,"boss_relics":[{"not_picked":["Black Star","Ring of the Serpent"],"picked":"Empty Cage"},{"not_picked":["Velvet Choker","HoveringKite"],"picked":"Fusion Hammer"}],"items_purged_floors":[],"is_endless":false,"potions_floor_spawned":[7,11,13,25,27,35,37,39,41],"killed_by":"3 Darklings","ascension_level":0}