{"gold_per_floor":[113,113,263,263,263,263,294,306,354,372,372,401,413,34,34,108,108,123,123,123,140,153,153,181,181,231,231,23,35,60,75,75,151,151,165,185,185,185,202,202,202,222,273,289,299,318,353,91,91,91],"floor_reached":51,"playtime":2150,"items_purged":["Strike_B","Strike_B","Doubt","Defend_B","Defend_B"],"score":1769,"play_id":"047df362-abe3-4186-80c9-87b96d9ea978","local_time":"20190209205623","is_ascension_mode":true,"campfire_choices":[{"floor":6,"key":"REST"},{"floor":11,"key":"REST"},{"floor":15,"key":"REST"},{"floor":23,"key":"REST"},{"floor":25,"key":"REST"},{"data":"Defragment","floor":27,"key":"SMITH"},{"floor":32,"key":"REST"},{"floor":40,"key":"REST"},{"floor":49,"key":"REST"}],"neow_cost":"","seed_source_timestamp":301378760598329,"circlet_count":0,"master_deck":["AscendersBane","Zap","Dualcast","strawberrySpire:BiBeamBolt","Capacitor","Cold Snap","strawberrySpire:Adapter","Defragment+1","strawberrySpire:Package","Coolheaded","Glacier+1","Ball Lightning","Multi-Cast+1","FTL+1","Defragment+1","Rainbow+1","strawberrySpire:NeonFlight+1","Defragment+1","Blizzard","Barrage+1","Reinforced Body+1","Cold Snap","Storm+1","Buffer+1","White Noise+1","Storm+1","Stack+1","strawberrySpire:Adapter+1","Conserve Battery+1","Capacitor"],"relics":["Cracked Core","Nunchaku","strawberrySpire:ShipInABottle","Pear","halation:Toothbrush","PreservedInsect","strawberrySpire:MawJerky","Runic Capacitor","Astrolabe","strawberrySpire:PoopsieRoll","Anchor","Pen Nib","halation:SmartPhone","Replay:Wax Seal","Pantograph"],"potions_floor_usage":[12,24,24,43,50,50],"damage_taken":[{"damage":12,"enemies":"Small Slimes","floor":1,"turns":3},{"damage":27,"enemies":"3 Sentries","floor":7,"turns":7},{"damage":2,"enemies":"Jaw Worm","floor":8,"turns":3},{"damage":0,"enemies":"Cultist","floor":10,"turns":3},{"damage":2,"enemies":"Gremlin Nob","floor":12,"turns":3},{"damage":14,"enemies":"Exordium Thugs","floor":13,"turns":4},{"damage":2,"enemies":"Hexaghost","floor":16,"turns":9},{"damage":7,"enemies":"Spheric Guardian","floor":18,"turns":4},{"damage":23,"enemies":"3 Byrds","floor":21,"turns":4},{"damage":9,"enemies":"Sentry and Sphere","floor":22,"turns":5},{"damage":32,"enemies":"Slavers","floor":24,"turns":5},{"damage":10,"enemies":"Snake Plant","floor":29,"turns":3},{"damage":9,"enemies":"strawberrySpire:AncientClocktower","floor":30,"turns":4},{"damage":12,"enemies":"3 Cultists","floor":31,"turns":4},{"damage":47,"enemies":"Collector","floor":33,"turns":8},{"damage":0,"enemies":"3 Shapes","floor":35,"turns":3},{"damage":17,"enemies":"3 Darklings","floor":36,"turns":4},{"damage":36,"enemies":"Jaw Worm Horde","floor":39,"turns":4},{"damage":0,"enemies":"Maw","floor":42,"turns":5},{"damage":0,"enemies":"Spire Growth","floor":44,"turns":3},{"damage":0,"enemies":"3 Darklings","floor":45,"turns":2},{"damage":1,"enemies":"4 Shapes","floor":46,"turns":2},{"damage":0,"enemies":"Giant Head","floor":47,"turns":5},{"damage":11,"enemies":"hubris:GrandSnecko","floor":50,"turns":8}],"seed_played":"6743792462379788941","potions_obtained":[{"floor":7,"key":"Block Potion"},{"floor":8,"key":"GamblersBrew"},{"floor":10,"key":"Fire Potion"},{"floor":12,"key":"Flashbang"},{"floor":29,"key":"Fire Potion"},{"floor":30,"key":"Regen Potion"},{"floor":42,"key":"Fruit Juice"},{"floor":46,"key":"FearPotion"}],"is_trial":false,"path_per_floor":["M","?","?","?","$","R","E","M","T","M","R","E","M","$","R","B",null,"M","?","?","M","M","R","E","R","T","R","$","M","E","M","R","B",null,"M","M","?","?","M","R","?","M","T","M","M","M","E","$","R","B",null],"character_chosen":"DEFECT","items_purchased":["strawberrySpire:BiBeamBolt","Ball Lightning","strawberrySpire:ShipInABottle","Capacitor","Cold Snap","Pear","Runic Capacitor","Ball Lightning","Cold Snap","Capacitor"],"campfire_rested":8,"item_purchase_floors":[0,0,0,0,0,5,14,14,28,48],"current_hp_per_floor":[13,13,13,18,12,37,10,8,8,8,33,31,17,20,46,44,87,80,80,80,57,48,77,49,79,79,79,82,72,67,55,87,40,92,92,75,75,78,42,75,59,59,64,64,64,52,56,47,84,98],"gold":91,"neow_bonus":"","is_prod":false,"is_daily":false,"chose_seed":false,"campfire_upgraded":1,"win_rate":0,"timestamp":1549706183,"path_taken":["M","?","?","?","?","R","E","M","T","?","R","E","M","$","R","BOSS","M","?","?","?","M","R","E","R","T","R","$","M","E","M","R","BOSS","M","M","?","?","M","R","?","M","T","M","M","M","E","$","R","BOSS"],"build_version":"2019-01-23","purchased_purges":5,"victory":true,"max_hp_per_floor":[71,71,71,76,86,86,86,86,86,86,86,86,86,89,89,89,98,98,98,98,98,98,98,102,102,102,102,105,105,109,109,109,109,109,109,109,109,112,112,112,112,112,117,117,117,117,121,124,124,124],"card_choices":[{"not_picked":["Skim+1","strawberrySpire:Package"],"picked":"strawberrySpire:Adapter","floor":1},{"not_picked":["strawberrySpire:SearchEngine+1","strawberrySpire:BreederCore"],"picked":"Defragment","floor":7},{"not_picked":["Fusion","Go for the Eyes+1"],"picked":"strawberrySpire:Package","floor":8},{"not_picked":["Gash+1","Beam Cell"],"picked":"Coolheaded","floor":10},{"not_picked":["Rainbow","strawberrySpire:Disconnect"],"picked":"Glacier+1","floor":12},{"not_picked":["Hello World","strawberrySpire:DataDump+1","Melter"],"picked":"SKIP","floor":13},{"not_picked":["All For One","hubris:SpecializedCircuitry"],"picked":"Multi-Cast+1","floor":16},{"not_picked":["Aggregate","Ball Lightning"],"picked":"strawberrySpire:NeonFlight+1","floor":18},{"not_picked":["Blizzard","Undo+1","Leap"],"picked":"SKIP","floor":21},{"not_picked":["Undo+1","Leap"],"picked":"Blizzard","floor":21},{"not_picked":["Double Energy+1","Compile Driver"],"picked":"Barrage+1","floor":22},{"not_picked":["strawberrySpire:AngeryBot","strawberrySpire:SearchEngine"],"picked":"Reinforced Body+1","floor":24},{"not_picked":["ReplaySort","Gash"],"picked":"Storm+1","floor":29},{"not_picked":["strawberrySpire:FocalLaser","Steam","Redo+1"],"picked":"SKIP","floor":30},{"not_picked":["ReplaySolidLightProjector","Fusion+1","Sweeping Beam+1"],"picked":"SKIP","floor":31},{"not_picked":["ReplayTheSpireMod:Omega Cannon","hubris:DoWhile"],"picked":"Buffer+1","floor":33},{"not_picked":["Go for the Eyes","Panic Button+1"],"picked":"White Noise+1","floor":35},{"not_picked":["Turbo","Rip and Tear"],"picked":"Storm+1","floor":36},{"not_picked":["strawberrySpire:ReturnNull","Time Bomb+1","Go for the Eyes"],"picked":"SKIP","floor":39},{"not_picked":["Steam","Genetic Algorithm"],"picked":"Stack+1","floor":42},{"not_picked":["Go for the Eyes+1","Aggregate","BootSequence"],"picked":"SKIP","floor":44},{"not_picked":["Lockon+1","Compile Driver"],"picked":"strawberrySpire:Adapter+1","floor":45},{"not_picked":["Go for the Eyes","Sweeping Beam"],"picked":"Conserve Battery+1","floor":46},{"not_picked":["ReplayTheSpireMod:Omega Cannon+1","Gash","Glacier"],"picked":"SKIP","floor":47}],"player_experience":415287,"relics_obtained":[{"floor":7,"key":"halation:Toothbrush"},{"floor":9,"key":"PreservedInsect"},{"floor":12,"key":"strawberrySpire:MawJerky"},{"floor":24,"key":"strawberrySpire:PoopsieRoll"},{"floor":26,"key":"Anchor"},{"floor":30,"key":"Pen Nib"},{"floor":43,"key":"Replay:Wax Seal"},{"floor":47,"key":"Pantograph"}],"event_choices":[{"cards_removed":["Strike_B"],"damage_healed":0,"gold_gain":0,"player_choice":"Forget","damage_taken":0,"max_hp_gain":0,"max_hp_loss":0,"event_name":"Living Wall","floor":2,"gold_loss":0},{"damage_healed":0,"gold_gain":150,"player_choice":"AGREE","damage_taken":0,"max_hp_gain":0,"max_hp_loss":0,"event_name":"Liars Game","floor":3,"gold_loss":0,"cards_obtained":["Doubt"]},{"damage_healed":0,"gold_gain":0,"player_choice":"Donut","damage_taken":0,"max_hp_gain":5,"max_hp_loss":0,"event_name":"Big Fish","floor":4,"gold_loss":0},{"damage_healed":0,"gold_gain":0,"player_choice":"Ignored","damage_taken":0,"max_hp_gain":0,"max_hp_loss":0,"event_name":"Ghosts","floor":19,"gold_loss":0},{"damage_healed":0,"gold_gain":0,"player_choice":"Copied","damage_taken":0,"max_hp_gain":0,"max_hp_loss":0,"event_name":"Duplicator","floor":20,"gold_loss":0,"cards_obtained":["Defragment"]},{"cards_removed":["Ball Lightning"],"damage_healed":0,"gold_gain":0,"player_choice":"Removed Attack","damage_taken":0,"max_hp_gain":0,"max_hp_loss":0,"event_name":"Falling","floor":38,"gold_loss":0},{"damage_healed":0,"gold_gain":0,"player_choice":"Damaged","damage_taken":16,"max_hp_gain":0,"max_hp_loss":0,"event_name":"Wheel of Change","floor":41,"gold_loss":0}],"is_beta":false,"boss_relics":[{"not_picked":["White Beast Statue","halation:Yufonium"],"picked":"Astrolabe"},{"not_picked":["Runic Pyramid","Replay:Drink Me"],"picked":"halation:SmartPhone"}],"items_purged_floors":[0,0,14,28,48],"is_endless":false,"potions_floor_spawned":[7,8,10,12,13,18,29,30,35,36,42,46,47],"ascension_level":17}