{"gold_per_floor":[366,214,234,184,201,201,233,233,233,233,249,260,274,286,286,390,390,390,390,390,390,390,390,390,390,390,390,390,390,390,390,390,390,390,390,390,99,99,99,99,99,99,99,99,99,99,99,99,99,99],"floor_reached":51,"playtime":4646,"items_purged":["Strike_R","Cleave"],"score":837,"play_id":"8b23e298-f889-47ec-a41f-491496d92db5","local_time":"20190128214136","is_ascension_mode":false,"campfire_choices":[{"data":"Pommel Strike","floor":6,"key":"SMITH"},{"data":"Body Slam","floor":15,"key":"SMITH"},{"data":"Offering","floor":24,"key":"SMITH"},{"data":"Metallicize","floor":28,"key":"SMITH"},{"data":"Pommel Strike","floor":30,"key":"SMITH"},{"data":"Spot Weakness","floor":32,"key":"SMITH"},{"data":"Barricade","floor":40,"key":"SMITH"},{"data":"Uppercut","floor":47,"key":"SMITH"},{"data":"Bash","floor":49,"key":"SMITH"}],"neow_cost":"TEN_PERCENT_HP_LOSS","seed_source_timestamp":0,"circlet_count":0,"master_deck":["Strike_R+1","Strike_R+1","Strike_R+1","Defend_R+1","Defend_R+1","Defend_R+1","Defend_R+1","Bash+1","Pommel Strike+1","Disarm+1","Pommel Strike+1","Flame Barrier+1","Cleave","Feed+1","Body Slam+1","Offering+1","Spot Weakness+1","Metallicize+1","Barricade+1","Shrug It Off+1","Flame Barrier+1","Uppercut+1","Ghostly Armor+1","Metallicize+1","Disarm+1"],"special_seed":0,"relics":["Burning Blood","Mummified Hand","Meat on the Bone","War Paint","Ectoplasm","Bronze Scales","Pocketwatch","Tiny House","DollysMirror","Darkstone Periapt","Sundial","Omamori"],"potions_floor_usage":[7,18,19,27,31,33,33,36,36,45],"damage_taken":[{"damage":6.0,"enemies":"2 Louse","floor":1.0,"turns":3.0},{"damage":0,"enemies":"Jaw Worm","floor":3,"turns":6},{"damage":0,"enemies":"Small Slimes","floor":5,"turns":4},{"damage":40,"enemies":"Lagavulin","floor":7,"turns":7},{"damage":0,"enemies":"Looter","floor":11,"turns":3},{"damage":13,"enemies":"2 Fungi Beasts","floor":12,"turns":3},{"damage":2,"enemies":"Blue Slaver","floor":13,"turns":4},{"damage":7,"enemies":"Exordium Thugs","floor":14,"turns":6},{"damage":14,"enemies":"The Guardian","floor":16,"turns":14},{"damage":8,"enemies":"Spheric Guardian","floor":18,"turns":4},{"damage":0,"enemies":"3 Byrds","floor":19,"turns":2},{"damage":16,"enemies":"Snecko","floor":21,"turns":4},{"damage":7,"enemies":"Centurion and Healer","floor":22,"turns":6},{"damage":20,"enemies":"Sentry and Sphere","floor":23,"turns":6},{"damage":7,"enemies":"Snecko","floor":25,"turns":6},{"damage":6,"enemies":"Gremlin Leader","floor":27,"turns":5},{"damage":12,"enemies":"Centurion and Healer","floor":29,"turns":7},{"damage":0,"enemies":"3 Cultists","floor":31,"turns":6},{"damage":65,"enemies":"Automaton","floor":33,"turns":7},{"damage":10,"enemies":"3 Darklings","floor":35,"turns":3},{"damage":21,"enemies":"2 Orb Walkers","floor":36,"turns":3},{"damage":0,"enemies":"Orb Walker","floor":38,"turns":4},{"damage":6,"enemies":"Writhing Mass","floor":41,"turns":7},{"damage":21,"enemies":"Reptomancer","floor":42,"turns":11},{"damage":31,"enemies":"Transient","floor":44,"turns":5},{"damage":0,"enemies":"Spire Growth","floor":45,"turns":5},{"damage":6,"enemies":"Giant Head","floor":46,"turns":10},{"damage":0,"enemies":"Writhing Mass","floor":48,"turns":6},{"damage":6,"enemies":"Time Eater","floor":50,"turns":6}],"seed_played":"6964975639415831026","potions_obtained":[{"floor":1,"key":"EssenceOfSteel"},{"floor":11,"key":"Explosive Potion"},{"floor":12,"key":"FairyPotion"},{"floor":14,"key":"Block Potion"},{"floor":19,"key":"Strength Potion"},{"floor":23,"key":"EssenceOfSteel"},{"floor":29,"key":"Strength Potion"},{"floor":31,"key":"SpeedPotion"},{"floor":33,"key":"Strength Potion"},{"floor":34,"key":"SmokeBomb"},{"floor":42,"key":"GamblersBrew"},{"floor":44,"key":"BloodPotion"}],"is_trial":false,"path_per_floor":["M","$","M","?","M","R","E","?","T","?","M","M","M","M","R","B",null,"M","M","?","M","M","M","R","M","T","E","R","M","R","M","R","B",null,"M","?","$","M","?","R","M","E","T","M","M","E","R","M","R","B",null],"character_chosen":"IRONCLAD","items_purchased":["Disarm","DollysMirror"],"campfire_rested":0,"item_purchase_floors":[2,37],"current_hp_per_floor":[72,72,72,72,72,72,38,43,43,40,46,51,55,57,57,49,80,78,80,80,70,72,61,61,60,60,60,60,57,57,66,66,19,97,93,78,78,88,88,88,88,77,77,64,84,84,84,90,90,90],"gold":99,"neow_bonus":"TWO_FIFTY_GOLD","is_prod":false,"is_daily":false,"chose_seed":false,"campfire_upgraded":9,"win_rate":0.0,"timestamp":1548708096,"path_taken":["M","$","M","?","M","R","E","?","T","?","M","M","M","M","R","BOSS","M","M","?","M","M","M","R","M","T","E","R","M","R","M","R","BOSS","M","?","$","M","?","R","M","E","T","M","M","E","R","M","R","BOSS"],"build_version":"2019-01-23","purchased_purges":2,"victory":true,"max_hp_per_floor":[72,72,72,72,72,72,72,77,77,77,77,77,77,80,80,80,80,80,80,80,80,83,86,86,86,86,86,86,89,89,92,92,92,97,97,97,97,101,96,96,96,100,100,100,104,104,104,104,104,104],"card_choices":[{"not_picked":["Clothesline","Twin Strike"],"picked":"Pommel Strike","floor":1},{"not_picked":["Iron Wave","Perfected Strike","Feel No Pain"],"picked":"SKIP","floor":3},{"not_picked":["Clothesline","Warcry"],"picked":"Pommel Strike","floor":5},{"not_picked":["Twin Strike","Perfected Strike"],"picked":"Flame Barrier","floor":7},{"not_picked":["Thunderclap","Rage"],"picked":"Cleave","floor":11},{"not_picked":["Clothesline","Perfected Strike"],"picked":"Cleave","floor":12},{"not_picked":["Clothesline","Perfected Strike"],"picked":"Feed","floor":13},{"not_picked":["Sword Boomerang","Sever Soul"],"picked":"Body Slam","floor":14},{"not_picked":["Double Tap","Berserk"],"picked":"Offering","floor":16},{"not_picked":["Headbutt","Clothesline","Twin Strike"],"picked":"SKIP","floor":18},{"not_picked":["Thunderclap","Clothesline"],"picked":"Spot Weakness","floor":19},{"not_picked":["Pommel Strike","Cleave"],"picked":"Metallicize","floor":21},{"not_picked":["Warcry+1","Bludgeon","Flex"],"picked":"SKIP","floor":22},{"not_picked":["Rampage","Dropkick","Ghostly Armor"],"picked":"SKIP","floor":23},{"not_picked":["Wild Strike+1","Cleave","Iron Wave"],"picked":"SKIP","floor":25},{"not_picked":["Juggernaut","Perfected Strike","Spot Weakness+1"],"picked":"SKIP","floor":27},{"not_picked":["Bloodletting","Thunderclap","Seeing Red"],"picked":"SKIP","floor":29},{"not_picked":["Rampage","Armaments","Pommel Strike"],"picked":"SKIP","floor":31},{"not_picked":["Impervious","Offering"],"picked":"Barricade","floor":33},{"not_picked":["Perfected Strike","Pommel Strike"],"picked":"Shrug It Off+1","floor":34},{"not_picked":["Thunderclap+1","Clothesline+1","Cleave+1"],"picked":"SKIP","floor":35},{"not_picked":["Wild Strike+1","Clash"],"picked":"Uppercut","floor":38},{"not_picked":["Dual Wield+1","True Grit+1"],"picked":"Ghostly Armor+1","floor":41},{"not_picked":["Juggernaut","Perfected Strike+1"],"picked":"Metallicize+1","floor":42},{"not_picked":["Sever Soul","Warcry+1","Sword Boomerang+1"],"picked":"SKIP","floor":44},{"not_picked":["Cleave+1","Battle Trance","Armaments"],"picked":"SKIP","floor":45},{"not_picked":["Reaper","Reckless Charge+1"],"picked":"Disarm+1","floor":46},{"not_picked":["Warcry","Searing Blow+1","Battle Trance+1"],"picked":"SKIP","floor":48}],"player_experience":124197,"relics_obtained":[{"floor":7,"key":"Mummified Hand"},{"floor":9,"key":"Meat on the Bone"},{"floor":26,"key":"Bronze Scales"},{"floor":27,"key":"Pocketwatch"},{"floor":42,"key":"Darkstone Periapt"},{"floor":43,"key":"Sundial"},{"floor":46,"key":"Omamori"}],"event_choices":[{"cards_removed":["Strike_R"],"damage_healed":0,"gold_gain":0,"player_choice":"Card Removal","damage_taken":0,"max_hp_gain":0,"max_hp_loss":0,"event_name":"The Cleric","floor":4,"gold_loss":50},{"damage_healed":0,"gold_gain":0,"player_choice":"Donut","damage_taken":0,"max_hp_gain":5,"max_hp_loss":0,"event_name":"Big Fish","floor":8,"gold_loss":0},{"damage_healed":0,"gold_gain":0,"player_choice":"Success","damage_taken":3,"relics_obtained":["War Paint"],"max_hp_gain":0,"max_hp_loss":0,"event_name":"Scrap Ooze","floor":10,"gold_loss":0},{"damage_healed":0,"gold_gain":0,"player_choice":"Simplicity","damage_taken":0,"max_hp_gain":0,"max_hp_loss":0,"event_name":"Back to Basics","floor":20,"gold_loss":0,"cards_upgraded":["Strike_R","Strike_R","Strike_R","Defend_R","Defend_R","Defend_R","Defend_R"]},{"damage_healed":0,"gold_gain":0,"player_choice":"Fight","damage_taken":0,"max_hp_gain":0,"max_hp_loss":0,"event_name":"Mysterious Sphere","floor":36,"gold_loss":0},{"damage_healed":0,"gold_gain":0,"player_choice":"Max HP","damage_taken":0,"max_hp_gain":0,"max_hp_loss":5,"event_name":"Winding Halls","floor":39,"gold_loss":0}],"is_beta":false,"boss_relics":[{"not_picked":["Calling Bell","Snecko Eye"],"picked":"Ectoplasm"},{"not_picked":["Pandora\u0027s Box","Runic Cube"],"picked":"Tiny House"}],"items_purged_floors":[2,37],"is_endless":false,"potions_floor_spawned":[1,11,12,14,16,19,23,29,31,33,36,42,44],"ascension_level":0}