{"gold_per_floor":[119,131,22,22,39,39,57,73,73,84,96,96,116,62,62,163,213,199,124,124,134,153,153,153,153,153,153,61,61,76,90,90,192,192,203,303,303,166,181,181,181,181,208,238,238,252,252,272,272,272],"floor_reached":51,"playtime":25990,"items_purged":["Defend_G","Strike_G"],"score":650,"play_id":"1de36b5b-5f31-4810-93b4-dfbd251102bc","local_time":"20190219202020","is_ascension_mode":true,"campfire_choices":[{"data":"Neutralize","floor":6.0,"key":"SMITH"},{"data":"Prepared","floor":12.0,"key":"SMITH"},{"data":"Acrobatics","floor":15.0,"key":"SMITH"},{"data":"Footwork","floor":23.0,"key":"SMITH"},{"data":"Tools of the Trade","floor":25.0,"key":"SMITH"},{"data":"Underhanded Strike","floor":27.0,"key":"SMITH"},{"data":"Noxious Fumes","floor":29.0,"key":"SMITH"},{"floor":32.0,"key":"REST"},{"data":"Footwork","floor":40.0,"key":"SMITH"},{"data":"Prepared","floor":41.0,"key":"SMITH"},{"data":"Deadly Poison","floor":42.0,"key":"SMITH"},{"data":"Deflect","floor":47,"key":"SMITH"},{"floor":49,"key":"REST"}],"neow_cost":"NONE","seed_source_timestamp":0,"circlet_count":0,"master_deck":["Defend_G","Defend_G","Defend_G","Survivor","Neutralize+1","Deadly Poison+1","Predator+1","Heel Hook+1","Deflect+1","Dagger Throw+1","Underhanded Strike+1","Prepared+1","After Image","Acrobatics+1","Tools of the Trade+1","Footwork+1","Eviscerate+1","Reflex+1","Escape Plan","Noxious Fumes+1","Prepared+1","Backflip+1","Backflip+1","Underhanded Strike+1","Footwork+1","Deadly Poison+1","Acrobatics+1","Parasite"],"special_seed":0,"relics":["Ring of the Snake","Sundial","Tiny House","Shovel","Empty Cage","WingedGreaves","Whetstone","Potion Belt","Bottled Flame"],"potions_floor_usage":[48,50],"damage_taken":[{"damage":6.0,"enemies":"Cultist","floor":1.0,"turns":5.0},{"damage":0.0,"enemies":"2 Louse","floor":2.0,"turns":4.0},{"damage":5.0,"enemies":"Small Slimes","floor":5.0,"turns":3.0},{"damage":0.0,"enemies":"Blue Slaver","floor":7.0,"turns":3.0},{"damage":0.0,"enemies":"3 Louse","floor":8.0,"turns":3.0},{"damage":0.0,"enemies":"Exordium Wildlife","floor":10.0,"turns":2.0},{"damage":0.0,"enemies":"Blue Slaver","floor":11.0,"turns":4.0},{"damage":0.0,"enemies":"Red Slaver","floor":13.0,"turns":2.0},{"damage":28.0,"enemies":"Hexaghost","floor":16.0,"turns":12.0},{"damage":9.0,"enemies":"2 Thieves","floor":18.0,"turns":4.0},{"damage":1.0,"enemies":"Chosen","floor":21.0,"turns":5.0},{"damage":1.0,"enemies":"Snecko","floor":22.0,"turns":3.0},{"damage":5.0,"enemies":"Centurion and Healer","floor":30.0,"turns":7.0},{"damage":15.0,"enemies":"Chosen and Byrds","floor":31.0,"turns":7.0},{"damage":22.0,"enemies":"Champ","floor":33.0,"turns":11.0},{"damage":0.0,"enemies":"3 Darklings","floor":35.0,"turns":4.0},{"damage":0.0,"enemies":"Mind Bloom Boss Battle","floor":36.0,"turns":7.0},{"damage":3.0,"enemies":"Orb Walker","floor":39.0,"turns":5.0},{"damage":1.0,"enemies":"Giant Head","floor":44.0,"turns":7.0},{"damage":0,"enemies":"3 Darklings","floor":46,"turns":6},{"damage":7,"enemies":"Writhing Mass","floor":48,"turns":6},{"damage":24,"enemies":"Time Eater","floor":50,"turns":13}],"seed_played":"-8502389071116252439","potions_obtained":[{"floor":1.0,"key":"Energy Potion"},{"floor":5.0,"key":"Fruit Juice"},{"floor":7.0,"key":"Weak Potion"},{"floor":11.0,"key":"FearPotion"},{"floor":17.0,"key":"LiquidBronze"},{"floor":18.0,"key":"SteroidPotion"},{"floor":33.0,"key":"Dexterity Potion"},{"floor":44.0,"key":"Weak Potion"}],"is_trial":false,"path_per_floor":["M","M","$","?","M","R","M","M","T","M","M","R","M","$","R","B",null,"M","?","?","M","M","R","?","R","T","R","$","R","M","M","R","B",null,"M","?","?","$","M","R","R","R","T","E","T","M","R","M","R","B",null],"character_chosen":"THE_SILENT","items_purchased":["Heel Hook","Acrobatics","Noxious Fumes","Prepared","Footwork"],"campfire_rested":2,"item_purchase_floors":[3,14,28,28,38],"current_hp_per_floor":[64,64,64,64,59,59,64,64,64,64,64,64,64,64,64,36,80,71,71,80,79,78,78,78,78,78,78,78,78,73,58,80,58,80,80,80,80,80,77,77,77,77,77,76,76,76,76,69,80,56],"gold":272,"neow_bonus":"REMOVE_CARD","is_prod":false,"is_daily":false,"chose_seed":false,"campfire_upgraded":11,"win_rate":0,"timestamp":1550625620,"path_taken":["M","?","$","?","M","R","M","M","T","?","M","R","M","$","R","BOSS","M","?","?","M","M","R","?","R","T","R","$","R","M","M","R","BOSS","M","?","?","$","M","R","R","R","T","E","?","M","R","?","R","BOSS"],"build_version":"2019-01-23","purchased_purges":2,"victory":true,"max_hp_per_floor":[70,70,70,70,70,70,75,75,75,75,75,75,75,75,75,75,80,80,80,80,80,80,80,80,80,80,80,80,80,80,80,80,80,80,80,80,80,80,80,80,80,80,80,80,80,80,80,80,80,80],"card_choices":[{"not_picked":["Cloak And Dagger","Dagger Spray"],"picked":"Deadly Poison","floor":1.0},{"not_picked":["Dagger Spray","Dodge and Roll"],"picked":"Predator","floor":2.0},{"not_picked":["Deadly Poison","Dodge and Roll"],"picked":"Deflect","floor":5.0},{"not_picked":["A Thousand Cuts","Flying Knee"],"picked":"Dagger Throw","floor":7.0},{"not_picked":["Dagger Throw","Accuracy"],"picked":"Underhanded Strike","floor":8.0},{"not_picked":["Bane","Deflect"],"picked":"Prepared","floor":10.0},{"not_picked":["Expertise","Deadly Poison","Underhanded Strike"],"picked":"SKIP","floor":11.0},{"not_picked":["Heel Hook","Masterful Stab"],"picked":"After Image","floor":13.0},{"not_picked":["Unload","Burst"],"picked":"Tools of the Trade","floor":16.0},{"not_picked":["Cloak And Dagger","Prepared"],"picked":"Footwork","floor":17.0},{"not_picked":["Poisoned Stab","Flechettes+1"],"picked":"Eviscerate+1","floor":18.0},{"not_picked":["Acrobatics","Slice"],"picked":"Reflex+1","floor":21.0},{"not_picked":["Masterful Stab","Caltrops+1"],"picked":"Escape Plan","floor":22.0},{"not_picked":["Poisoned Stab","Eviscerate"],"picked":"Backflip+1","floor":30.0},{"not_picked":["Flechettes","Skewer+1","Dash"],"picked":"SKIP","floor":31.0},{"not_picked":["Blade Dance+1","Deadly Poison"],"picked":"Backflip+1","floor":35.0},{"not_picked":["Escape Plan","Caltrops+1"],"picked":"Underhanded Strike+1","floor":36.0},{"not_picked":["Dagger Throw","Acrobatics"],"picked":"Deadly Poison+1","floor":39.0},{"not_picked":["Night Terror","Riddle With Holes","Bane"],"picked":"SKIP","floor":44.0},{"not_picked":["Blade Dance","Backstab+1"],"picked":"Acrobatics+1","floor":46},{"not_picked":["Masterful Stab","Prepared+1","Quick Slash+1"],"picked":"SKIP","floor":48}],"player_experience":120774,"relics_obtained":[{"floor":9.0,"key":"Sundial"},{"floor":26.0,"key":"Shovel"},{"floor":36.0,"key":"WingedGreaves"},{"floor":43.0,"key":"Whetstone"},{"floor":44.0,"key":"Potion Belt"},{"floor":45,"key":"Bottled Flame"}],"event_choices":[{"damage_healed":0.0,"max_hp_gain":0.0,"max_hp_loss":0.0,"gold_gain":0.0,"event_name":"FaceTrader","player_choice":"Leave","floor":4.0,"gold_loss":0.0,"damage_taken":0.0},{"cards_removed":["Strike_G"],"damage_healed":0.0,"max_hp_gain":0.0,"max_hp_loss":0.0,"gold_gain":0.0,"event_name":"Beggar","player_choice":"Gave Gold","floor":19.0,"gold_loss":75.0,"damage_taken":0.0},{"damage_healed":26.0,"max_hp_gain":0.0,"max_hp_loss":0.0,"gold_gain":0.0,"event_name":"The Library","player_choice":"Heal","floor":20.0,"gold_loss":0.0,"damage_taken":0.0},{"cards_removed":["Defend_G"],"damage_healed":0.0,"max_hp_gain":0.0,"max_hp_loss":0.0,"gold_gain":0.0,"event_name":"Back to Basics","player_choice":"Elegance","floor":24.0,"gold_loss":0.0,"damage_taken":0.0},{"damage_healed":0.0,"max_hp_gain":0.0,"max_hp_loss":0.0,"gold_gain":0.0,"event_name":"MindBloom","player_choice":"Fight","floor":36.0,"gold_loss":0.0,"damage_taken":0.0},{"damage_healed":0.0,"max_hp_gain":0.0,"max_hp_loss":0.0,"gold_gain":0.0,"event_name":"Mysterious Sphere","player_choice":"Ignored","floor":37.0,"gold_loss":0.0,"damage_taken":0.0}],"is_beta":false,"boss_relics":[{"not_picked":["Astrolabe","Busted Crown"],"picked":"Tiny House"},{"not_picked":["Calling Bell","Runic Dome"],"picked":"Empty Cage"}],"items_purged_floors":[3,38],"is_endless":false,"potions_floor_spawned":[1,5,7,11,18,33,44],"ascension_level":1}