{"path_per_floor":["M","?","?","M","$","R","E","M","T","M","M","M","$","M","R","B",null,"M","?","?","M","M"],"character_chosen":"DEFECT","items_purchased":["Finesse","Ice Cream","Hologram","Dramatic Entrance"],"gold_per_floor":[109,359,434,454,60,60,95,113,137,150,167,187,34,49,49,144,174,188,188,188,199,212,212],"floor_reached":23,"campfire_rested":1,"playtime":1039,"current_hp_per_floor":[74,74,63,52,52,52,18,18,18,11,11,8,8,8,45,57,80,62,62,46,41,16,0],"items_purged":[],"gold":212,"score":195,"play_id":"d1dc1a11-ebe4-48f7-b4a0-0ad25a8642f7","local_time":"20180430082854","is_prod":false,"is_daily":false,"chose_seed":false,"is_ascension_mode":false,"campfire_upgraded":1,"timestamp":1525040934,"path_taken":["M","?","?","?","$","R","E","M","T","M","M","M","?","M","R","BOSS","M","?","?","M","?","E"],"build_version":"2018-04-27v3","seed_source_timestamp":160864651290395,"purchased_purges":0,"victory":false,"master_deck":["Strike_B","Strike_B","Strike_B","Strike_B","Defend_B","Defend_B","Defend_B","Defend_B","Zap","Dualcast+1","Steam Power","Regret","Axe Kick","Finesse","Cold Snap","Axe Kick","Beam Cell","Beam Cell","Leap","Hologram","Dramatic Entrance+1","All For One","Reboot","Gash","Reinforced Body","Writhe","Mind Blast","FTL","Glacier+1"],"max_hp_per_floor":[75,75,75,75,75,75,75,75,75,75,75,75,75,75,75,75,80,80,80,80,80,80,80],"relics":["Cracked Core","Ice Cream","Lantern","Regal Pillow","Tiny House","Question Card"],"card_choices":[{"not_picked":["Turbo","Go for the Eyes"],"picked":"Steam Power","floor":1},{"not_picked":["Capacitor","Coolheaded"],"picked":"Axe Kick","floor":4},{"not_picked":["Turbo","Force Field"],"picked":"Cold Snap","floor":7},{"not_picked":["Force Field","Stack"],"picked":"Axe Kick","floor":8},{"not_picked":["Rebound","Skim"],"picked":"Beam Cell","floor":10},{"not_picked":["Blizzard","Cold Snap"],"picked":"Beam Cell","floor":11},{"not_picked":["Skim","Chaos"],"picked":"Leap","floor":12},{"not_picked":["Go for the Eyes","Double Energy"],"picked":"All For One","floor":14},{"not_picked":["Rainbow","Creative AI"],"picked":"Reboot","floor":16},{"not_picked":["Storm","Blizzard"],"picked":"Gash","floor":17},{"not_picked":["Sweeping Beam","Capacitor"],"picked":"Reinforced Body","floor":18},{"not_picked":["Capacitor","Beam Cell","Go for the Eyes"],"picked":"FTL","floor":21},{"not_picked":["Force Field","Darkness","Reinforced Body"],"picked":"Glacier","floor":22}],"player_experience":13292,"potions_floor_usage":[4,12,16,16,22],"damage_taken":[{"damage":1,"enemies":"Cultist","floor":1,"turns":3},{"damage":11,"enemies":"Jaw Worm","floor":4,"turns":2},{"damage":34,"enemies":"3 Sentries","floor":7,"turns":12},{"damage":0,"enemies":"Small Slimes","floor":8,"turns":3},{"damage":7,"enemies":"2 Fungi Beasts","floor":10,"turns":3},{"damage":0,"enemies":"Blue Slaver","floor":11,"turns":2},{"damage":3,"enemies":"Exordium Thugs","floor":12,"turns":2},{"damage":0,"enemies":"2 Fungi Beasts","floor":14,"turns":2},{"damage":3,"enemies":"Slime Boss","floor":16,"turns":9},{"damage":18,"enemies":"Chosen","floor":18,"turns":3},{"damage":5,"enemies":"Shell Parasite","floor":21,"turns":2},{"damage":25,"enemies":"Snake Plant","floor":22,"turns":3},{"damage":17,"enemies":"Book of Stabbing","floor":23,"turns":5}],"event_choices":[{"event_name":"Golden Shrine","player_choice":"Desecrate","floor":2,"damage_taken":0},{"event_name":"World of Goop","player_choice":"Gather Gold","floor":3,"damage_taken":0},{"event_name":"The Mausoleum","player_choice":"Yes","floor":19,"damage_taken":0},{"event_name":"Knowing Skull","player_choice":"CARD ","floor":20,"damage_taken":0}],"boss_relics":[{"not_picked":["Eternal Feather","Inserter"],"picked":"Tiny House"}],"potions_floor_spawned":[4,8,11,16,22],"seed_played":"5767745564898952008","killed_by":"Book of Stabbing","ascension_level":0,"is_trial":false}