{"gold_per_floor":[117,132,148,114,189,222,222,237,237,237,304,354,366,381,381,480,480,480,480,480,480,85,85,85,85,85,85,85,85,85,85,85,85,85,85,85,85,85,65,65,65,65,65,65,65,65,65,65,65,65],"floor_reached":51,"playtime":2316,"items_purged":[],"score":781,"play_id":"d27ee6ce-251e-47e4-83ea-a3f813d44d19","local_time":"20190120074718","is_ascension_mode":false,"campfire_choices":[{"data":"Defragment","floor":7,"key":"SMITH"},{"floor":15,"key":"REST"},{"floor":28,"key":"REST"},{"floor":32,"key":"REST"},{"data":"Force Field","floor":40,"key":"SMITH"},{"data":"Go for the Eyes","floor":42,"key":"SMITH"},{"data":"Sunder","floor":45,"key":"SMITH"},{"data":"Conserve Battery","floor":47,"key":"SMITH"},{"data":"Zap","floor":49,"key":"SMITH"}],"neow_cost":"NONE","seed_source_timestamp":298265985785436,"circlet_count":0,"master_deck":["Defend_B","Defend_B","Defend_B","Defend_B","Zap+1","Loop","Defragment+1","Steam","Conserve Battery+1","Sunder+1","Rainbow","Go for the Eyes","Conserve Battery","Sweeping Beam","Skim","Amplify","Capacitor+1","Compile Driver","Go for the Eyes+1","Conserve Battery","Hello World","Gash","Bite+1","Bite+1","Bite+1","Bite+1","Bite+1","Leap+1","Force Field+1","Rainbow","Force Field+1","FTL+1","Beam Cell+1","BootSequence+1"],"relics":["Cracked Core","Bronze Scales","Bottled Tornado","SsserpentHead","Ectoplasm","Omamori","Letter Opener","Molten Egg 2","Red Mask","Busted Crown","Bird Faced Urn","Darkstone Periapt"],"potions_floor_usage":[13,16,16,16,24,24,30,41,50,50,50],"damage_taken":[{"damage":1,"enemies":"Cultist","floor":1,"turns":3},{"damage":5,"enemies":"Small Slimes","floor":2,"turns":4},{"damage":0,"enemies":"2 Louse","floor":3,"turns":2},{"damage":23,"enemies":"3 Sentries","floor":6,"turns":7},{"damage":2,"enemies":"Gremlin Gang","floor":8,"turns":5},{"damage":0,"enemies":"2 Fungi Beasts","floor":11,"turns":2},{"damage":11,"enemies":"Exordium Thugs","floor":13,"turns":4},{"damage":2,"enemies":"Red Slaver","floor":14,"turns":4},{"damage":0,"enemies":"The Guardian","floor":16,"turns":9},{"damage":10,"enemies":"Spheric Guardian","floor":18,"turns":4},{"damage":27,"enemies":"3 Byrds","floor":20,"turns":3},{"damage":10,"enemies":"Snecko","floor":21,"turns":5},{"damage":10,"enemies":"3 Cultists","floor":23,"turns":4},{"damage":8,"enemies":"Centurion and Healer","floor":24,"turns":6},{"damage":6,"enemies":"Sentry and Sphere","floor":25,"turns":5},{"damage":15,"enemies":"Masked Bandits","floor":30,"turns":4},{"damage":8,"enemies":"Cultist and Chosen","floor":31,"turns":6},{"damage":41,"enemies":"Automaton","floor":33,"turns":10},{"damage":4,"enemies":"Orb Walker","floor":35,"turns":4},{"damage":5,"enemies":"3 Shapes","floor":36,"turns":5},{"damage":20,"enemies":"3 Darklings","floor":38,"turns":5},{"damage":16,"enemies":"Nemesis","floor":41,"turns":7},{"damage":0,"enemies":"Writhing Mass","floor":48,"turns":5},{"damage":58,"enemies":"Donu and Deca","floor":50,"turns":11}],"seed_played":"-1179674824981770680","potions_obtained":[{"floor":1,"key":"FocusPotion"},{"floor":6,"key":"FocusPotion"},{"floor":11,"key":"Explosive Potion"},{"floor":13,"key":"Strength Potion"},{"floor":16,"key":"SkillPotion"},{"floor":18,"key":"SteroidPotion"},{"floor":21,"key":"Energy Potion"},{"floor":25,"key":"Block Potion"},{"floor":39,"key":"LiquidBronze"},{"floor":41,"key":"Weak Potion"},{"floor":48,"key":"Fire Potion"}],"is_trial":false,"path_per_floor":["M","M","M","$","?","E","R","M","T","?","M","?","M","M","R","B",null,"M","?","M","M","$","M","M","M","T","?","R","?","?","M","R","B",null,"M","M","?","M","?","R","E","R","T","$","R","?","R","M","R","B",null],"character_chosen":"DEFECT","items_purchased":["Sunder","Omamori","Letter Opener"],"campfire_rested":3,"item_purchase_floors":[4,22,22],"current_hp_per_floor":[74,69,69,69,58,35,35,33,33,33,33,33,22,20,42,42,75,65,65,38,28,28,18,10,4,4,4,26,26,17,27,42,32,52,52,50,50,42,42,42,41,41,41,41,41,41,41,52,52,18],"gold":65,"neow_bonus":"TRANSFORM_CARD","is_prod":false,"is_daily":false,"chose_seed":false,"campfire_upgraded":6,"win_rate":0.0,"timestamp":1547988438,"path_taken":["M","?","M","$","?","E","R","M","T","?","?","?","M","M","R","BOSS","M","?","M","?","$","M","M","M","T","?","R","?","?","M","R","BOSS","M","M","?","?","?","R","E","R","T","?","R","?","R","M","R","BOSS"],"build_version":"2019-01-17v2","purchased_purges":0,"victory":true,"max_hp_per_floor":[75,75,75,75,75,75,75,75,75,75,75,75,75,75,75,75,75,75,75,75,75,75,75,75,75,75,75,75,52,52,52,52,52,52,52,52,52,52,52,52,52,52,52,52,52,52,52,52,52,52],"card_choices":[{"not_picked":["Rip and Tear","Static Discharge"],"picked":"Defragment","floor":1},{"not_picked":["Loop","Doom and Gloom"],"picked":"Steam","floor":2},{"not_picked":["Skim","Reinforced Body"],"picked":"Conserve Battery","floor":3},{"not_picked":["Capacitor","Sunder"],"picked":"Rainbow","floor":6},{"not_picked":["Ball Lightning","Coolheaded"],"picked":"Go for the Eyes","floor":8},{"not_picked":["Lockon","Redo"],"picked":"Conserve Battery","floor":11},{"not_picked":["Beam Cell","Genetic Algorithm"],"picked":"Sweeping Beam","floor":13},{"not_picked":["Rebound","Conserve Battery"],"picked":"Skim","floor":14},{"not_picked":["Biased Cognition","All For One"],"picked":"Amplify","floor":16},{"not_picked":["Rip and Tear","Scrape+1"],"picked":"Capacitor+1","floor":18},{"not_picked":["Go for the Eyes","Lockon"],"picked":"Compile Driver","floor":20},{"not_picked":["Loop","Ball Lightning"],"picked":"Go for the Eyes","floor":21},{"not_picked":["Steam","Compile Driver"],"picked":"Conserve Battery","floor":23},{"not_picked":["Sweeping Beam","Conserve Battery"],"picked":"Hello World","floor":24},{"not_picked":["Amplify","Doom and Gloom"],"picked":"Gash","floor":25},{"not_picked":["Gash+1","Steam+1"],"picked":"Leap+1","floor":30},{"not_picked":["Ball Lightning+1","Consume"],"picked":"Force Field+1","floor":31},{"not_picked":["Amplify","Hyperbeam+1"],"picked":"Rainbow","floor":33},{"not_picked":[],"picked":"Force Field","floor":35},{"not_picked":[],"picked":"FTL+1","floor":36},{"not_picked":["Capacitor"],"picked":"SKIP","floor":38},{"not_picked":[],"picked":"Beam Cell+1","floor":41},{"not_picked":[],"picked":"BootSequence+1","floor":48}],"player_experience":142021,"relics_obtained":[{"floor":6,"key":"Bronze Scales"},{"floor":9,"key":"Bottled Tornado"},{"floor":26,"key":"Molten Egg 2"},{"floor":30,"key":"Red Mask"},{"floor":41,"key":"Bird Faced Urn"},{"floor":43,"key":"Darkstone Periapt"}],"event_choices":[{"damage_healed":0,"gold_gain":75,"player_choice":"Gather Gold","damage_taken":11,"max_hp_gain":0,"max_hp_loss":0,"event_name":"World of Goop","floor":5,"gold_loss":0},{"damage_healed":0,"gold_gain":0,"player_choice":"Trade","damage_taken":0,"relics_obtained":["SsserpentHead"],"max_hp_gain":0,"max_hp_loss":0,"event_name":"FaceTrader","floor":10,"gold_loss":0},{"cards_removed":["Strike_B"],"damage_healed":0,"gold_gain":0,"player_choice":"Took Card","damage_taken":0,"max_hp_gain":0,"max_hp_loss":0,"event_name":"NoteForYourself","floor":12,"gold_loss":0,"cards_obtained":["Strike_R"]},{"damage_healed":0,"gold_gain":100,"player_choice":"Pray","damage_taken":0,"max_hp_gain":0,"max_hp_loss":0,"event_name":"Golden Shrine","floor":19,"gold_loss":0},{"damage_healed":0,"gold_gain":0,"player_choice":"Ignored","damage_taken":0,"max_hp_gain":0,"max_hp_loss":0,"event_name":"Beggar","floor":27,"gold_loss":0},{"damage_healed":0,"gold_gain":0,"player_choice":"Became a vampire","damage_taken":0,"max_hp_gain":0,"max_hp_loss":23,"event_name":"Vampires","floor":29,"gold_loss":0,"cards_obtained":["Bite","Bite","Bite","Bite","Bite"]},{"damage_healed":0,"gold_gain":0,"player_choice":"Fought Bandits","damage_taken":0,"max_hp_gain":0,"max_hp_loss":0,"event_name":"Masked Bandits","floor":30,"gold_loss":0},{"damage_healed":0,"gold_gain":0,"player_choice":"Ignored","damage_taken":0,"max_hp_gain":0,"max_hp_loss":0,"event_name":"SecretPortal","floor":37,"gold_loss":0},{"damage_healed":0,"gold_gain":0,"player_choice":"Bought 1 Potion","damage_taken":0,"max_hp_gain":0,"max_hp_loss":0,"event_name":"The Woman in Blue","floor":39,"gold_loss":0},{"cards_removed":["Dualcast"],"damage_healed":0,"gold_gain":0,"player_choice":"Removed Skill","damage_taken":0,"max_hp_gain":0,"max_hp_loss":0,"event_name":"Falling","floor":46,"gold_loss":0}],"is_beta":false,"boss_relics":[{"not_picked":["Runic Pyramid","Philosopher\u0027s Stone"],"picked":"Ectoplasm"},{"not_picked":["White Beast Statue","Snecko Eye"],"picked":"Busted Crown"}],"items_purged_floors":[],"is_endless":false,"potions_floor_spawned":[1,6,11,13,16,18,21,23,25,41,48],"ascension_level":0}