{"gold_per_floor":[109,129,129,74,84,84,1,13,13,23,52,76,121,144,144,220,220,246,156,177,177,177,177,214,214,293,293,300],"floor_reached":28,"playtime":700,"items_purged":[],"score":505,"play_id":"8428ca51-ad83-4dc4-8b10-df904d04d242","local_time":"20190210084416","is_ascension_mode":true,"campfire_choices":[{"data":"Defragment","floor":6,"key":"SMITH"},{"floor":15,"key":"REST"},{"data":"Genetic Algorithm","floor":23,"key":"SMITH"},{"data":"strawberrySpire:Adapter","floor":25,"key":"SMITH"}],"neow_cost":"NONE","seed_source_timestamp":318094002389086,"circlet_count":0,"master_deck":["AscendersBane","Strike_B+1","Strike_B+1","Strike_B+1","Defend_B+1","Defend_B+1","Defend_B+1","Defend_B+1","Zap+1","Dualcast+1","ReplayTheSpireMod:Calculation Training","Defragment+1","Cold Snap","Genetic Algorithm+1","Ball Lightning","Cold Snap","strawberrySpire:Adapter+1","Ball Lightning","Ball Lightning","ReplayTheSpireMod:Calculation Training","Glacier","Echo Form","Conserve Battery","Conserve Battery","Cold Snap"],"relics":["Cracked Core","halation:EternalFortune","Gremlin Horn","halation:Trompette","Bandana","halation:WeightlessCrab","Sozu","theJungle:ParSnip","theJungle:BirthdayCakeSlice","halation:IllGainedPizza","Shuriken","theJungle:WildMango"],"potions_floor_usage":[],"damage_taken":[{"damage":4,"enemies":"2 Louse","floor":1,"turns":2},{"damage":1,"enemies":"Cultist","floor":2,"turns":3},{"damage":2,"enemies":"Jaw Worm","floor":5,"turns":3},{"damage":7,"enemies":"3 Louse","floor":8,"turns":3},{"damage":3,"enemies":"Large Slime","floor":10,"turns":5},{"damage":12,"enemies":"Lagavulin","floor":11,"turns":5},{"damage":23,"enemies":"Gremlin Nob","floor":13,"turns":4},{"damage":9,"enemies":"2 Fungi Beasts","floor":14,"turns":3},{"damage":6,"enemies":"Hexaghost","floor":16,"turns":7},{"damage":21,"enemies":"Shell Parasite","floor":18,"turns":4},{"damage":6,"enemies":"theJungle:GiantWrat","floor":20,"turns":5},{"damage":5,"enemies":"theJungle:2_Phrogs","floor":24,"turns":7},{"damage":52,"enemies":"theJungle:Cassacara","floor":28,"turns":3}],"seed_played":"-7266801339055683102","potions_obtained":[{"floor":1,"key":"SpeedPotion"},{"floor":2,"key":"Reflective Coating"}],"is_trial":false,"path_per_floor":["M","M","?","$","M","R","$","M","T","M","E","T","E","M","R","B",null,"M","?","M","?","?","R","E","R","T","?","E"],"character_chosen":"DEFECT","items_purchased":["Cold Snap","Ball Lightning","Cold Snap"],"campfire_rested":1,"item_purchase_floors":[4,7,7],"current_hp_per_floor":[60,59,62,62,60,60,60,53,53,50,41,41,18,9,32,26,64,43,43,37,22,27,27,22,22,22,36,0],"gold":300,"neow_bonus":"UPGRADE_CARD","is_prod":false,"is_daily":false,"chose_seed":false,"campfire_upgraded":3,"win_rate":0,"timestamp":1549748656,"path_taken":["M","M","?","?","M","R","$","M","T","M","E","?","E","M","R","BOSS","M","?","M","?","?","R","E","R","T","?","E"],"build_version":"2019-01-23","purchased_purges":0,"victory":false,"max_hp_per_floor":[71,71,74,74,74,74,74,74,74,74,77,77,77,77,77,77,77,77,77,77,77,82,82,82,82,82,96,96],"card_choices":[{"not_picked":["Force Field","Heatsinks"],"picked":"ReplayTheSpireMod:Calculation Training","floor":1},{"not_picked":["Hello World","Barrage"],"picked":"Defragment","floor":2},{"not_picked":["Coolheaded","Hologram"],"picked":"Genetic Algorithm","floor":5},{"not_picked":["Hologram","Stack"],"picked":"strawberrySpire:Adapter","floor":8},{"not_picked":["Heatsinks","ReplaySort"],"picked":"Ball Lightning","floor":10},{"not_picked":["Double Energy","Conserve Battery"],"picked":"Ball Lightning","floor":11},{"not_picked":["Steam","BootSequence"],"picked":"ReplayTheSpireMod:Calculation Training","floor":13},{"not_picked":["strawberrySpire:NeonFlight","Conserve Battery"],"picked":"Glacier","floor":14},{"not_picked":["Seek","Rainbow"],"picked":"Echo Form","floor":16},{"not_picked":["BootSequence","Redo"],"picked":"Conserve Battery","floor":18},{"not_picked":["FTL","Compile Driver+1"],"picked":"Conserve Battery","floor":20},{"not_picked":["strawberrySpire:Adapter","Heatsinks"],"picked":"Cold Snap","floor":24}],"player_experience":421340,"relics_obtained":[{"floor":9,"key":"Gremlin Horn"},{"floor":11,"key":"halation:EternalFortune"},{"floor":11,"key":"halation:Trompette"},{"floor":12,"key":"Bandana"},{"floor":13,"key":"halation:WeightlessCrab"},{"floor":24,"key":"halation:IllGainedPizza"},{"floor":26,"key":"Shuriken"}],"event_choices":[],"is_beta":false,"boss_relics":[{"not_picked":["Painkiller Herb","hubris:VirtuousBlindfold"],"picked":"Sozu"}],"items_purged_floors":[],"is_endless":false,"potions_floor_spawned":[1,2,10,13,14,20,24],"killed_by":"theJungle:Cassacara","ascension_level":19}