{"gold_per_floor":[111,123,123,140,140,140,105,126,126,126,31,51,86,166,166,257,257,280,330,330,330,343,343,135,135,135,208,208,231,231,251,251,347,347,365,365,171,171,191,191,2,16,43,43],"floor_reached":44,"playtime":1588,"items_purged":["Shame","Defend_B","Defend_B"],"score":977,"play_id":"541c8f54-12f5-4f5a-864b-07025436b562","local_time":"20190207081315","is_ascension_mode":true,"campfire_choices":[{"floor":6.0,"key":"REST"},{"floor":10.0,"key":"REST"},{"floor":15.0,"key":"REST"},{"floor":23.0,"key":"REST"},{"data":"strawberrySpire:AnotherWinter","floor":25.0,"key":"SMITH"},{"floor":30.0,"key":"REST"},{"floor":32.0,"key":"REST"},{"floor":40,"key":"REST"}],"neow_cost":"","seed_source_timestamp":0,"circlet_count":0,"master_deck":["AscendersBane","Gash","Gash","Gash","Gash","Gash","Defend_B","Defend_B","Defend_B","strawberrySpire:NeonFlight","Clawfect:Clawline","Clawfect:ClawingBeam","Clawfect:ClawForTheEyes","strawberrySpire:GearCrunch","strawberrySpire:SearchEngine","Conserve Battery","Clawfect:ClawForTheEyes","Steam","Clawfect:ClawLightning","Clawfect:ClawForTheEyes","strawberrySpire:AnotherWinter+1","Clawfect:ClawpileDriver","Rebound","Clawfect:Clawter","Finesse","Gash","Undo","Clawfect:Clawline","Clawfect:ClawLightning","Coolheaded","Clawfect:Clawrage+1","strawberrySpire:NeonFlight","Clawfect:ClawingBeam"],"special_seed":0,"relics":["Clawfect:DRClaw","Ornamental Fan","Turnip","Tiny Chest","Golden Idol","Blue Doll","Odd Mushroom","hubris:RGBLights","halation:SmartPhone","Replay:WaspNest","theJungle:SneckoAutograph","halation:Sosunser","Kunai","Bottled Flame","strawberrySpire:ElefentMask","Philosopher\u0027s Stone","Pondfish Scales","Juzu Bracelet"],"potions_floor_usage":[44],"damage_taken":[{"damage":15.0,"enemies":"2 Louse","floor":1.0,"turns":4.0},{"damage":6.0,"enemies":"Jaw Worm","floor":2.0,"turns":4.0},{"damage":2.0,"enemies":"Small Slimes","floor":4.0,"turns":4.0},{"damage":18.0,"enemies":"Blue Slaver","floor":8.0,"turns":4.0},{"damage":0.0,"enemies":"Exordium Wildlife","floor":12.0,"turns":4.0},{"damage":8.0,"enemies":"The Mushroom Lair","floor":13.0,"turns":4.0},{"damage":17.0,"enemies":"Hexaghost","floor":16.0,"turns":6.0},{"damage":31.0,"enemies":"theJungle:MUSHROOMGANG","floor":18.0,"turns":5.0},{"damage":0.0,"enemies":"Shell Parasite","floor":22.0,"turns":4.0},{"damage":13.0,"enemies":"theJungle:2_Flameangoes","floor":29.0,"turns":6.0},{"damage":12.0,"enemies":"Snake Plant","floor":31.0,"turns":5.0},{"damage":22.0,"enemies":"theJungle:TotemBoss","floor":33.0,"turns":8.0},{"damage":25.0,"enemies":"3 Darklings","floor":35.0,"turns":5.0},{"damage":0,"enemies":"Orb Walker","floor":39,"turns":2},{"damage":36,"enemies":"4 Shapes","floor":42,"turns":6},{"damage":16,"enemies":"Sphere and 2 Shapes","floor":44,"turns":3}],"seed_played":"2022214429291632175","potions_obtained":[{"floor":2.0,"key":"Elixir"},{"floor":16.0,"key":"SteroidPotion"},{"floor":31.0,"key":"Fire Potion"}],"is_trial":false,"path_per_floor":["M","M","?","M","?","R","?","M","T","R","$","M","?","T","R","B",null,"M","?","T","?","M","R","$","R","T","T","T","M","R","M","R","B",null,"M","T","$","?","M","R","$","M","T","M"],"character_chosen":"DEFECT","items_purchased":["Ornamental Fan","strawberrySpire:NeonFlight","Clawfect:Clawline","Tiny Chest","Clawfect:ClawingBeam","Clawfect:ClawForTheEyes","Steam","Clawfect:Clawter","Finesse","Clawfect:ClawLightning","Coolheaded","strawberrySpire:NeonFlight","Clawfect:ClawingBeam"],"campfire_rested":7,"item_purchase_floors":[0,0,0,0,0,11,11,24,24,37,37,41,41],"current_hp_per_floor":[15,9,9,7,7,26,42,24,24,43,43,43,35,35,54,37,57,26,14,14,14,12,31,31,31,31,31,31,18,37,25,44,22,54,29,29,29,29,29,48,48,12,12,0],"gold":43,"neow_bonus":"","is_prod":false,"is_daily":false,"chose_seed":false,"campfire_upgraded":1,"win_rate":0,"timestamp":1549487595,"path_taken":["M","M","?","M","?","R","?","M","T","R","?","M","?","?","R","BOSS","M","?","?","?","M","R","$","R","T","?","?","M","R","M","R","BOSS","M","?","$","?","M","R","?","M","T","M"],"build_version":"2019-01-23","purchased_purges":3,"victory":false,"max_hp_per_floor":[71,71,71,71,64,64,64,64,64,64,64,64,64,64,64,64,64,64,64,64,64,64,64,64,64,64,64,64,64,64,64,64,64,64,64,64,64,64,64,64,64,64,64,64],"card_choices":[{"not_picked":["strawberrySpire:Adapter","Clawfect:ClawingBeam"],"picked":"Clawfect:ClawForTheEyes","floor":1.0},{"not_picked":["Darkness","Storm"],"picked":"strawberrySpire:GearCrunch","floor":2.0},{"not_picked":["Clawfect:Clawter","BasicCrystalCard"],"picked":"strawberrySpire:SearchEngine","floor":4.0},{"not_picked":["Time Bomb","ReplayTheSpireMod:Repulse"],"picked":"Conserve Battery","floor":8.0},{"not_picked":["Gash","strawberrySpire:Disconnect"],"picked":"Clawfect:ClawLightning","floor":12.0},{"not_picked":["ReplaySolidLightProjector","Hello World"],"picked":"Clawfect:ClawForTheEyes","floor":13.0},{"not_picked":["Biased Cognition","Rainbow"],"picked":"strawberrySpire:AnotherWinter","floor":16.0},{"not_picked":["strawberrySpire:Package","Rebound"],"picked":"Clawfect:ClawpileDriver","floor":18.0},{"not_picked":["Storm","ReplayTheSpireMod:Repulse"],"picked":"Rebound","floor":22.0},{"not_picked":["strawberrySpire:Disconnect","Clawfect:Clawrage"],"picked":"Gash","floor":29.0},{"not_picked":["Turbo","BasicCrystalCard"],"picked":"Undo","floor":31.0},{"not_picked":["Clawfect:ClawCell+1","Panic Button+1"],"picked":"Clawfect:Clawline","floor":35.0},{"not_picked":["strawberrySpire:Disconnect","Clawfect:ClawAndTear+1"],"picked":"Clawfect:Clawrage+1","floor":39},{"not_picked":["White Noise","strawberrySpire:DataDump","strawberrySpire:BiBeamBolt"],"picked":"SKIP","floor":42}],"player_experience":396833,"relics_obtained":[{"floor":9.0,"key":"Blue Doll"},{"floor":13.0,"key":"Odd Mushroom"},{"floor":14.0,"key":"hubris:RGBLights"},{"floor":20.0,"key":"Replay:WaspNest"},{"floor":26.0,"key":"Kunai"},{"floor":27.0,"key":"Bottled Flame"},{"floor":28.0,"key":"strawberrySpire:ElefentMask"},{"floor":36.0,"key":"Pondfish Scales"},{"floor":43,"key":"Juzu Bracelet"}],"event_choices":[{"damage_healed":0.0,"max_hp_gain":0.0,"max_hp_loss":0.0,"gold_gain":0.0,"event_name":"Golden Wing","player_choice":"Ignored","floor":3.0,"gold_loss":0.0,"damage_taken":0.0},{"damage_healed":0.0,"max_hp_gain":0.0,"max_hp_loss":7.0,"gold_gain":0.0,"event_name":"Golden Idol","player_choice":"Lose Max HP","floor":5.0,"gold_loss":0.0,"damage_taken":0.0,"relics_obtained":["Golden Idol"]},{"damage_healed":16.0,"max_hp_gain":0.0,"max_hp_loss":0.0,"gold_gain":0.0,"event_name":"The Cleric","player_choice":"Healed","floor":7.0,"gold_loss":35.0,"damage_taken":0.0},{"damage_healed":0.0,"max_hp_gain":0.0,"max_hp_loss":0.0,"gold_gain":0.0,"event_name":"Mushrooms","player_choice":"Fought Mushrooms","floor":13.0,"gold_loss":0.0,"damage_taken":0.0},{"damage_healed":0,"gold_gain":0,"player_choice":"Ignored","damage_taken":0,"max_hp_gain":0,"max_hp_loss":0,"event_name":"Mysterious Sphere","floor":38,"gold_loss":0}],"is_beta":false,"boss_relics":[{"not_picked":["Replay:Wanted Poster","Snecko Eye"],"picked":"halation:SmartPhone"},{"not_picked":["hubris:BlackHole","Replay:Drink Me"],"picked":"Philosopher\u0027s Stone"}],"items_purged_floors":[24,37,41],"is_endless":false,"potions_floor_spawned":[2,16,29,31,42],"killed_by":"Sphere and 2 Shapes","ascension_level":15}