{"gold_per_floor":[109,109,120,130,141,141,157,157,157,332,352,372,372,382,382,478,478,489,489],"floor_reached":19,"playtime":1341,"items_purged":[],"score":245,"play_id":"3fce6c4f-ffe3-4aa1-abe9-fcdff662f2b9","local_time":"20180825140654","is_ascension_mode":true,"campfire_choices":[{"data":"Zap","floor":6,"key":"SMITH"},{"floor":8,"key":"REST"},{"data":"Defragment","floor":15,"key":"SMITH"}],"neow_cost":"","seed_source_timestamp":6268250362491,"circlet_count":0,"master_deck":["Strike_B","Strike_B","Strike_B","Defend_B","Defend_B+1","Defend_B","Defend_B","Zap+1","Dualcast+1","AscendersBane","Heatsinks","Defragment+1","Force Field","Leap","Conserve Battery","Doubt","Auto Shields","Leap","Buffer"],"relics":["Cracked Core","Blood Vial","Nuclear Battery"],"potions_floor_usage":[7,14,16,16],"damage_taken":[{"damage":3,"enemies":"Jaw Worm","floor":1,"turns":4},{"damage":6,"enemies":"Cultist","floor":3,"turns":4},{"damage":0,"enemies":"2 Louse","floor":4,"turns":1},{"damage":13,"enemies":"Blue Slaver","floor":5,"turns":4},{"damage":31,"enemies":"Gremlin Gang","floor":7,"turns":7},{"damage":0,"enemies":"Large Slime","floor":11,"turns":7},{"damage":3,"enemies":"3 Louse","floor":12,"turns":6},{"damage":4,"enemies":"Blue Slaver","floor":14,"turns":4},{"damage":22,"enemies":"The Guardian","floor":16,"turns":14},{"damage":57,"enemies":"Chosen","floor":18,"turns":9},{"damage":8,"enemies":"3 Byrds","floor":19,"turns":2}],"seed_played":"-3622259249696702590","potions_obtained":[{"floor":1,"key":"FocusPotion"},{"floor":3,"key":"FearPotion"},{"floor":5,"key":"AttackPotion"},{"floor":11,"key":"EssenceOfSteel"},{"floor":12,"key":"Regen Potion"},{"floor":18,"key":"FearPotion"}],"is_trial":false,"path_per_floor":["M","?","M","M","M","R","M","R","T","?","M","M","?","M","R","B",null,"M"],"character_chosen":"DEFECT","items_purchased":[],"campfire_rested":1,"item_purchase_floors":[],"current_hp_per_floor":[65,65,59,59,46,46,15,37,37,37,39,38,23,21,21,16,60,5,0],"gold":489,"neow_bonus":"","is_prod":false,"is_daily":false,"chose_seed":false,"campfire_upgraded":2,"win_rate":0,"timestamp":1535198814,"path_taken":["M","?","M","M","M","R","M","R","T","?","?","M","?","M","R","BOSS","M","M"],"build_version":"2018-08-23v2","purchased_purges":0,"victory":false,"max_hp_per_floor":[75,75,75,75,75,75,75,75,75,75,75,75,75,75,75,75,75,75,75],"card_choices":[{"not_picked":["Lockon","Aggregate"],"picked":"Heatsinks","floor":1},{"not_picked":["Beam Cell","Aggregate"],"picked":"Force Field","floor":3},{"not_picked":["Turbo","Compile Driver","Scrape"],"picked":"SKIP","floor":4},{"not_picked":["Undo","Sweeping Beam"],"picked":"Leap","floor":5},{"not_picked":["Tempest","Gash"],"picked":"Conserve Battery","floor":7},{"not_picked":["Reprogram","Rip and Tear"],"picked":"Auto Shields","floor":11},{"not_picked":["Go for the Eyes","Hologram","Coolheaded"],"picked":"SKIP","floor":12},{"not_picked":["Cold Snap","Beam Cell"],"picked":"Leap","floor":14},{"not_picked":["Machine Learning","Core Surge"],"picked":"Buffer","floor":16},{"not_picked":["Melter","Turbo","Rebound+1"],"picked":"SKIP","floor":18}],"player_experience":332980,"relics_obtained":[{"floor":9,"key":"Blood Vial"}],"event_choices":[{"event_name":"Living Wall","player_choice":"Change","floor":2,"damage_taken":0},{"event_name":"Liars Game","player_choice":"agreed","floor":10,"damage_taken":0},{"event_name":"Shining Light","player_choice":"Entered Light","floor":13,"damage_taken":0}],"is_beta":false,"boss_relics":[{"not_picked":["Snecko Eye","Empty Cage"],"picked":"Nuclear Battery"}],"items_purged_floors":[],"is_endless":false,"potions_floor_spawned":[1,3,5,11,12,18],"killed_by":"3 Byrds","ascension_level":10}