{"gold_per_floor":[110,120,41,41,41,67,242,274,327,355,183,211,231,231],"floor_reached":14,"playtime":954,"items_purged":[],"score":151,"play_id":"ffe49f71-9729-4ea5-bd11-7c4345f7d0ae","local_time":"20190211170938","is_ascension_mode":true,"campfire_choices":[],"neow_cost":"NONE","seed_source_timestamp":321686286647197,"circlet_count":0,"master_deck":["Strike_B","Strike_B","Strike_B","Defend_B","Defend_B","Defend_B","Defend_B","Zap","Dualcast","Turbo","Turbo","Heatsinks","Consume","Doubt","Coolheaded","Cold Snap","Coolheaded","Go for the Eyes","Sunder"],"relics":["Cracked Core","NeowsBlessing","Vajra","Pear","Tiny Chest","Matryoshka","Centennial Puzzle","Odd Mushroom"],"potions_floor_usage":[8,8],"damage_taken":[{"damage":0,"enemies":"Cultist","floor":1,"turns":1},{"damage":0,"enemies":"Small Slimes","floor":2,"turns":1},{"damage":0,"enemies":"3 Sentries","floor":6,"turns":1},{"damage":41,"enemies":"Gremlin Nob","floor":8,"turns":5},{"damage":23,"enemies":"Lagavulin","floor":10,"turns":10},{"damage":18,"enemies":"The Mushroom Lair","floor":12,"turns":7},{"damage":2,"enemies":"Jaw Worm","floor":13,"turns":2},{"damage":16,"enemies":"Gremlin Gang","floor":14,"turns":3}],"seed_played":"-3363947369712655320","potions_obtained":[{"floor":2,"key":"SneckoOil"},{"floor":6,"key":"Swift Potion"},{"floor":10,"key":"Strength Potion"},{"floor":13,"key":"Weak Potion"}],"is_trial":false,"path_per_floor":["M","?","?","?","?","M"],"character_chosen":"DEFECT","items_purchased":["Heatsinks","Coolheaded","Centennial Puzzle"],"campfire_rested":0,"item_purchase_floors":[3,11,11],"current_hp_per_floor":[75,75,75,75,75,75,75,44,44,21,21,3,1,0],"gold":231,"neow_bonus":"THREE_ENEMY_KILL","is_prod":false,"is_daily":false,"chose_seed":false,"campfire_upgraded":0,"win_rate":0,"timestamp":1549901378,"path_taken":["M","?","$","?","?","E","?","E","T","E","$","?","M","?"],"build_version":"2019-01-23","purchased_purges":0,"victory":false,"max_hp_per_floor":[75,75,75,75,75,75,75,85,85,85,85,85,85,85],"card_choices":[{"not_picked":["Stack","Barrage"],"picked":"Turbo","floor":1},{"not_picked":["Leap","Gash"],"picked":"Turbo","floor":2},{"not_picked":["Reinforced Body","Hyperbeam"],"picked":"Consume","floor":6},{"not_picked":["White Noise","Storm"],"picked":"Coolheaded","floor":8},{"not_picked":["Static Discharge","Leap"],"picked":"Cold Snap","floor":10},{"not_picked":["Rip and Tear","Hologram"],"picked":"Go for the Eyes","floor":12},{"not_picked":["Aggregate","Ball Lightning"],"picked":"Sunder","floor":13}],"player_experience":116826,"relics_obtained":[{"floor":6,"key":"Vajra"},{"floor":8,"key":"Pear"},{"floor":9,"key":"Tiny Chest"},{"floor":10,"key":"Matryoshka"},{"floor":12,"key":"Odd Mushroom"}],"event_choices":[{"cards_removed":["Strike_B"],"damage_healed":0,"gold_gain":0,"player_choice":"Forget","damage_taken":0,"max_hp_gain":0,"max_hp_loss":0,"event_name":"Living Wall","floor":4,"gold_loss":0},{"damage_healed":0,"gold_gain":0,"player_choice":"Leave","damage_taken":0,"max_hp_gain":0,"max_hp_loss":0,"event_name":"The Cleric","floor":5,"gold_loss":0},{"damage_healed":0,"gold_gain":175,"player_choice":"AGREE","damage_taken":0,"max_hp_gain":0,"max_hp_loss":0,"event_name":"Liars Game","floor":7,"gold_loss":0,"cards_obtained":["Doubt"]},{"damage_healed":0,"gold_gain":0,"player_choice":"Fought Mushrooms","damage_taken":0,"max_hp_gain":0,"max_hp_loss":0,"event_name":"Mushrooms","floor":12,"gold_loss":0}],"is_beta":false,"boss_relics":[],"items_purged_floors":[],"is_endless":false,"potions_floor_spawned":[2,6,10,13],"killed_by":"Gremlin Gang","ascension_level":3}