{"gold_per_floor":[117,117,130,143,143,143,153,187,264,264,281,281,307,330,330,425,425,444,178,178,29,64,64,74,25,25,55,55,75,75,89,89,184,184,203,213,35,53,72,72,84,96,96,25,25,25,41,59,59,59],"floor_reached":50,"playtime":2072,"items_purged":["Regret"],"score":494,"play_id":"902f2c59-3bf2-48ce-aeb8-7b81b1b85f56","local_time":"20190124074145","is_ascension_mode":false,"campfire_choices":[{"floor":6,"key":"RECALL"},{"floor":10,"key":"REST"},{"floor":15,"key":"REST"},{"data":"Defragment","floor":23,"key":"SMITH"},{"data":"Zap","floor":28,"key":"SMITH"},{"data":"1","floor":32,"key":"LIFT"},{"data":"2","floor":40,"key":"LIFT"},{"floor":45,"key":"REST"},{"floor":49,"key":"REST"}],"neow_cost":"NONE","seed_source_timestamp":643803161150368,"circlet_count":0,"master_deck":["Strike_B","Strike_B","Defend_B","Defend_B","Defend_B","Defend_B","Zap+1","Sweeping Beam","Steam","Beam Cell","Defragment+1","Conserve Battery","Beam Cell","Conserve Battery","Hyperbeam","Go for the Eyes","Turbo","Conserve Battery+1","Turbo","Beam Cell+1","Steam","Static Discharge","Doom and Gloom+1","Defragment+1","Multi-Cast+1","Double Energy","Go for the Eyes","Panache","Streamline+1","Aggregate","Self Repair","Reprogram+1"],"relics":["Cracked Core","NeowsBlessing","Unceasing Top","Oddly Smooth Stone","Odd Mushroom","Blood Vial","White Beast Statue","Bag of Preparation","Bag of Marbles","Red Mask","Strawberry","Darkstone Periapt","Girya","Astrolabe","Torii"],"potions_floor_usage":[8,16,16,24,27,27,27,27,27,33,33,33,36,46,50,50,50],"damage_taken":[{"damage":0,"enemies":"Small Slimes","floor":1,"turns":1},{"damage":0,"enemies":"Cultist","floor":3,"turns":1},{"damage":0,"enemies":"Jaw Worm","floor":4,"turns":1},{"damage":7,"enemies":"Large Slime","floor":7,"turns":6},{"damage":22,"enemies":"3 Sentries","floor":8,"turns":8},{"damage":3,"enemies":"Looter","floor":11,"turns":3},{"damage":18,"enemies":"The Mushroom Lair","floor":13,"turns":4},{"damage":20,"enemies":"Hexaghost","floor":16,"turns":13},{"damage":20,"enemies":"Spheric Guardian","floor":18,"turns":6},{"damage":0,"enemies":"Masked Bandits","floor":22,"turns":1},{"damage":6,"enemies":"2 Thieves","floor":24,"turns":3},{"damage":4,"enemies":"Book of Stabbing","floor":27,"turns":4},{"damage":1,"enemies":"Centurion and Healer","floor":29,"turns":3},{"damage":7,"enemies":"3 Cultists","floor":31,"turns":5},{"damage":23,"enemies":"Collector","floor":33,"turns":8},{"damage":7,"enemies":"Orb Walker","floor":35,"turns":3},{"damage":8,"enemies":"3 Shapes","floor":36,"turns":2},{"damage":0,"enemies":"Transient","floor":38,"turns":5},{"damage":2,"enemies":"Jaw Worm Horde","floor":39,"turns":4},{"damage":18,"enemies":"Sphere and 2 Shapes","floor":41,"turns":4},{"damage":12,"enemies":"Maw","floor":42,"turns":6},{"damage":40,"enemies":"Nemesis","floor":46,"turns":7},{"damage":1,"enemies":"Writhing Mass","floor":47,"turns":5},{"damage":0,"enemies":"Sphere and 2 Shapes","floor":48,"turns":2},{"damage":84,"enemies":"Time Eater","floor":50,"turns":7}],"seed_played":"328724416314353762","potions_obtained":[{"floor":7,"key":"Block Potion"},{"floor":11,"key":"Dexterity Potion"},{"floor":13,"key":"Energy Potion"},{"floor":16,"key":"EntropicBrew"},{"floor":18,"key":"SteroidPotion"},{"floor":22,"key":"Ancient Potion"},{"floor":24,"key":"Swift Potion"},{"floor":27,"key":"LiquidBronze"},{"floor":29,"key":"SkillPotion"},{"floor":31,"key":"Fire Potion"},{"floor":33,"key":"SneckoOil"},{"floor":35,"key":"Swift Potion"},{"floor":36,"key":"Explosive Potion"},{"floor":38,"key":"SmokeBomb"},{"floor":39,"key":"Fire Potion"},{"floor":47,"key":"Block Potion"},{"floor":48,"key":"Ancient Potion"}],"is_trial":false,"path_per_floor":["M","?","M","M","?","R","M","E","T","R","M","?","?","T","R","B",null,"M","$","?","$","?","R","M","$","T","E","R","M","?","M","R","B",null,"M","M","$","M","M","R","M","M","T","$","R","E","M","M","R","B"],"character_chosen":"DEFECT","items_purchased":["Bag of Preparation","Turbo","Bag of Marbles","Turbo","Panache","Self Repair"],"campfire_rested":4,"item_purchase_floors":[19,19,21,25,37,44],"current_hp_per_floor":[75,75,75,75,75,75,68,46,46,68,65,65,47,47,69,51,75,55,55,55,55,57,57,53,53,60,58,58,59,59,54,54,33,82,75,69,69,71,71,71,55,45,45,45,69,38,46,55,79,0],"gold":59,"neow_bonus":"THREE_ENEMY_KILL","is_prod":false,"is_daily":false,"chose_seed":false,"campfire_upgraded":2,"win_rate":0,"timestamp":1548333705,"path_taken":["M","?","?","M","?","R","M","E","T","R","M","?","?","?","R","BOSS","M","$","?","$","?","R","M","?","T","E","R","M","?","M","R","BOSS","M","?","$","M","M","R","?","M","T","$","R","E","M","M","R","BOSS"],"build_version":"2019-01-23","purchased_purges":1,"victory":false,"max_hp_per_floor":[75,75,75,75,75,75,75,75,75,75,75,75,75,75,75,75,75,75,75,75,75,75,75,75,75,82,82,82,82,82,82,82,82,82,82,82,82,82,82,82,82,82,82,82,82,82,82,82,82,82],"card_choices":[{"not_picked":["Rebound","Steam Power"],"picked":"Sweeping Beam","floor":1},{"not_picked":["Rip and Tear","Compile Driver"],"picked":"Steam","floor":3},{"not_picked":["Redo","Rebound"],"picked":"Beam Cell","floor":4},{"not_picked":["Chill","Streamline"],"picked":"Conserve Battery","floor":7},{"not_picked":["Barrage","Redo"],"picked":"Beam Cell","floor":8},{"not_picked":["Hologram","Rebound"],"picked":"Conserve Battery","floor":11},{"not_picked":["Machine Learning","Reboot"],"picked":"Hyperbeam","floor":16},{"not_picked":["Streamline+1","Turbo"],"picked":"Go for the Eyes","floor":18},{"not_picked":["Stack","Steam"],"picked":"Conserve Battery+1","floor":22},{"not_picked":["Chill","Biased Cognition"],"picked":"Leap","floor":24},{"not_picked":["Aggregate","Genetic Algorithm"],"picked":"Beam Cell+1","floor":27},{"not_picked":["Blizzard","Coolheaded"],"picked":"Steam","floor":29},{"not_picked":["Tempest","Turbo"],"picked":"Static Discharge","floor":31},{"not_picked":["Biased Cognition","Rainbow"],"picked":"Echo Form","floor":33},{"not_picked":["Beam Cell+1","Barrage"],"picked":"Double Energy","floor":35},{"not_picked":["Sweeping Beam+1","Compile Driver+1"],"picked":"Go for the Eyes","floor":36},{"not_picked":["Reinforced Body+1","Hello World"],"picked":"Streamline+1","floor":38},{"not_picked":["Consume+1","Reinforced Body"],"picked":"Aggregate","floor":39},{"not_picked":["Streamline","Chaos","Melter+1"],"picked":"SKIP","floor":41},{"not_picked":["Rebound+1","Cold Snap","Coolheaded"],"picked":"SKIP","floor":42},{"not_picked":["Reinforced Body","Tempest","Turbo"],"picked":"SKIP","floor":47},{"not_picked":["Sweeping Beam","Coolheaded+1"],"picked":"Reprogram+1","floor":48}],"player_experience":202293,"relics_obtained":[{"floor":8,"key":"Unceasing Top"},{"floor":13,"key":"Odd Mushroom"},{"floor":14,"key":"Blood Vial"},{"floor":22,"key":"Red Mask"},{"floor":26,"key":"Strawberry"},{"floor":27,"key":"Darkstone Periapt"},{"floor":43,"key":"Torii"}],"event_choices":[{"cards_removed":["Strike_B"],"damage_healed":0,"gold_gain":0,"player_choice":"Offered Basic","damage_taken":0,"max_hp_gain":0,"max_hp_loss":0,"event_name":"Bonfire Elementals","floor":2,"gold_loss":0},{"damage_healed":0,"gold_gain":0,"cards_transformed":["Strike_B"],"player_choice":"Change","damage_taken":0,"max_hp_gain":0,"max_hp_loss":0,"event_name":"Living Wall","floor":5,"gold_loss":0,"cards_obtained":["Defragment"]},{"damage_healed":0,"gold_gain":0,"player_choice":"Box","damage_taken":0,"relics_obtained":["Oddly Smooth Stone"],"max_hp_gain":0,"max_hp_loss":0,"event_name":"Big Fish","floor":12,"gold_loss":0,"cards_obtained":["Regret"]},{"damage_healed":0,"gold_gain":0,"player_choice":"Fought Mushrooms","damage_taken":0,"max_hp_gain":0,"max_hp_loss":0,"event_name":"Mushrooms","floor":13,"gold_loss":0},{"damage_healed":0,"gold_gain":0,"player_choice":"Ignored","damage_taken":0,"max_hp_gain":0,"max_hp_loss":0,"event_name":"Ghosts","floor":20,"gold_loss":0},{"damage_healed":0,"gold_gain":0,"player_choice":"Fought Bandits","damage_taken":0,"max_hp_gain":0,"max_hp_loss":0,"event_name":"Masked Bandits","floor":22,"gold_loss":0},{"damage_healed":0,"gold_gain":0,"player_choice":"Gave Potion","damage_taken":0,"relics_obtained":["Girya"],"max_hp_gain":0,"max_hp_loss":0,"event_name":"WeMeetAgain","floor":30,"gold_loss":0}],"is_beta":false,"boss_relics":[{"not_picked":["Runic Pyramid","Calling Bell"],"picked":"White Beast Statue"},{"not_picked":["Sozu","Runic Dome"],"picked":"Astrolabe"}],"items_purged_floors":[19],"is_endless":false,"potions_floor_spawned":[7,11,13,16,18,22,24,27,29,31,33,35,36,38,39,41,42,46,47,48],"killed_by":"Time Eater","ascension_level":0}