{"gold_per_floor":[10,85,85,85,103,103,119,153,178,249,249,260,274,274],"floor_reached":14,"playtime":4140,"items_purged":[],"score":162,"play_id":"1e15ab0b-b3ef-49d5-93d2-71fae6a0cf74","local_time":"20181227130125","is_ascension_mode":true,"campfire_choices":[{"data":"Infernal Blade","floor":6.0,"key":"SMITH"},{"data":"Fiend Fire","floor":11,"key":"SMITH"}],"neow_cost":"NO_GOLD","seed_source_timestamp":1818978590590,"circlet_count":0,"master_deck":["AscendersBane","Strike_R","Strike_R","Strike_R","Strike_R","Strike_R","Defend_R","Defend_R","Defend_R","Defend_R","Bash","Fiend Fire+1","Infernal Blade+1","Pummel","Ghostly Armor","Carnage","Spot Weakness"],"special_seed":0,"relics":["Burning Blood","Bronze Scales","Regal Pillow","Blue Candle"],"potions_floor_usage":[8,14,14],"damage_taken":[{"damage":13.0,"enemies":"Jaw Worm","floor":1.0,"turns":5.0},{"damage":0.0,"enemies":"2 Louse","floor":5.0,"turns":2.0},{"damage":0,"enemies":"Small Slimes","floor":7,"turns":2},{"damage":35,"enemies":"3 Sentries","floor":8,"turns":9},{"damage":19,"enemies":"Exordium Wildlife","floor":12,"turns":5},{"damage":23,"enemies":"Exordium Thugs","floor":13,"turns":3},{"damage":10,"enemies":"3 Sentries","floor":14,"turns":2}],"seed_played":"-2678154179129365346","potions_obtained":[{"floor":1.0,"key":"LiquidBronze"},{"floor":8,"key":"PowerPotion"},{"floor":13,"key":"Dexterity Potion"}],"is_trial":false,"path_per_floor":["M","?","?","?","M","R","M","E","T","T","R","M","M","?"],"character_chosen":"IRONCLAD","items_purchased":[],"campfire_rested":0,"item_purchase_floors":[],"current_hp_per_floor":[61,50,55,55,61,61,67,38,38,38,38,25,8,0],"gold":274,"neow_bonus":"THREE_RARE_CARDS","is_prod":false,"is_daily":false,"chose_seed":false,"campfire_upgraded":2,"win_rate":0,"timestamp":1545912085,"path_taken":["M","?","?","?","M","R","?","E","T","?","R","M","?","?"],"build_version":"2018-12-20","purchased_purges":0,"victory":false,"max_hp_per_floor":[75,75,80,80,80,80,80,80,80,80,80,80,80,80],"card_choices":[{"not_picked":["Offering","Brutality"],"picked":"Fiend Fire","floor":0.0},{"not_picked":["Blood for Blood","Warcry"],"picked":"Infernal Blade","floor":1.0},{"not_picked":["Iron Wave","Sword Boomerang"],"picked":"Pummel","floor":5.0},{"not_picked":["Cleave","Havoc"],"picked":"Ghostly Armor","floor":7},{"not_picked":["Combust","Double Tap","Cleave"],"picked":"SKIP","floor":8},{"not_picked":["Wild Strike","Rupture"],"picked":"Carnage","floor":12},{"not_picked":["Carnage","Metallicize"],"picked":"Spot Weakness","floor":13}],"player_experience":684576,"relics_obtained":[{"floor":8,"key":"Bronze Scales"},{"floor":9,"key":"Regal Pillow"},{"floor":10,"key":"Blue Candle"}],"event_choices":[{"damage_healed":0.0,"max_hp_gain":0.0,"max_hp_loss":0.0,"gold_gain":75.0,"event_name":"World of Goop","player_choice":"Gather Gold","floor":2.0,"gold_loss":0.0,"damage_taken":11.0},{"damage_healed":0.0,"max_hp_gain":5.0,"max_hp_loss":0.0,"gold_gain":0.0,"event_name":"Big Fish","player_choice":"Donut","floor":3.0,"gold_loss":0.0,"damage_taken":0.0},{"damage_healed":0.0,"max_hp_gain":0.0,"max_hp_loss":0.0,"gold_gain":0.0,"event_name":"Scrap Ooze","player_choice":"Fled","floor":4.0,"gold_loss":0.0,"damage_taken":0.0},{"damage_healed":0,"gold_gain":0,"player_choice":"Searched \u00271\u0027 times","damage_taken":0,"max_hp_gain":0,"max_hp_loss":0,"event_name":"Dead Adventurer","floor":14,"gold_loss":0}],"is_beta":false,"boss_relics":[],"items_purged_floors":[],"is_endless":false,"potions_floor_spawned":[1,8,13],"killed_by":"3 Sentries","ascension_level":16}