{"gold_per_floor":[118,129,304,154,169,169,198,198,198,198,211,179,194,207,207,309,309,321,421,435,132,132,132,162,182,182,199,211,240,240,260,260,356,356,376,396,271,271,282,282,310,310,310,322,292,292],"floor_reached":46,"playtime":3292,"items_purged":["Doubt","Eviscerate","A Thousand Cuts"],"score":517,"play_id":"e73f0b92-7a4a-4d3e-be4a-a6896011221b","local_time":"20190120104015","is_ascension_mode":false,"campfire_choices":[{"data":"Catalyst","floor":6,"key":"SMITH"},{"data":"Deadly Poison","floor":8,"key":"SMITH"},{"data":"Poisoned Stab","floor":10,"key":"SMITH"},{"data":"Deadly Poison","floor":15,"key":"SMITH"},{"data":"Neutralize","floor":23,"key":"SMITH"},{"data":"Prepared","floor":30,"key":"SMITH"},{"floor":32,"key":"REST"},{"data":"Heel Hook","floor":40,"key":"SMITH"},{"floor":42,"key":"REST"}],"neow_cost":"NONE","seed_source_timestamp":81954818506610,"circlet_count":0,"master_deck":["Survivor","Neutralize+1","Poisoned Stab+1","Deadly Poison+1","Catalyst+1","Bouncing Flask","Deadly Poison+1","Die Die Die","Heel Hook+1","Escape Plan","Prepared+1","Crippling Poison","Die Die Die","Flying Knee","Deadly Poison+1","Heel Hook+1","Bane+1"],"relics":["Ring of the Snake","NeowsBlessing","Paper Crane","Bottled Flame","Pandora\u0027s Box","TwistedFunnel","Bag of Preparation","Molten Egg 2","Dodecahedron","Black Star","Vajra","Shuriken","The Courier"],"potions_floor_usage":[7,13,13,14,16,25,33,33,39,44,46],"damage_taken":[{"damage":0,"enemies":"Small Slimes","floor":1,"turns":1},{"damage":0,"enemies":"2 Louse","floor":2,"turns":1},{"damage":0,"enemies":"Cultist","floor":5,"turns":1},{"damage":22,"enemies":"Gremlin Nob","floor":7,"turns":4},{"damage":0,"enemies":"Looter","floor":11,"turns":3},{"damage":12,"enemies":"Gremlin Gang","floor":13,"turns":4},{"damage":2,"enemies":"Exordium Thugs","floor":14,"turns":3},{"damage":33,"enemies":"Slime Boss","floor":16,"turns":12},{"damage":23,"enemies":"2 Thieves","floor":18,"turns":4},{"damage":11,"enemies":"Spheric Guardian","floor":20,"turns":4},{"damage":9,"enemies":"Gremlin Leader","floor":24,"turns":3},{"damage":20,"enemies":"Centurion and Healer","floor":25,"turns":5},{"damage":3,"enemies":"Cultist and Chosen","floor":27,"turns":3},{"damage":15,"enemies":"Snake Plant","floor":28,"turns":3},{"damage":13,"enemies":"Book of Stabbing","floor":29,"turns":4},{"damage":9,"enemies":"Shelled Parasite and Fungi","floor":31,"turns":3},{"damage":9,"enemies":"Collector","floor":33,"turns":5},{"damage":11,"enemies":"3 Darklings","floor":35,"turns":4},{"damage":7,"enemies":"3 Shapes","floor":36,"turns":4},{"damage":8,"enemies":"3 Darklings","floor":39,"turns":3},{"damage":36,"enemies":"Nemesis","floor":41,"turns":5},{"damage":15,"enemies":"Writhing Mass","floor":44,"turns":3},{"damage":18,"enemies":"Reptomancer","floor":46,"turns":1}],"seed_played":"-5187753006710849379","potions_obtained":[{"floor":5,"key":"Swift Potion"},{"floor":11,"key":"EntropicBrew"},{"floor":13,"key":"SpeedPotion"},{"floor":16,"key":"Regen Potion"},{"floor":20,"key":"SpeedPotion"},{"floor":29,"key":"Strength Potion"},{"floor":31,"key":"Regen Potion"},{"floor":33,"key":"SkillPotion"},{"floor":35,"key":"SpeedPotion"},{"floor":41,"key":"AttackPotion"},{"floor":45,"key":"Poison Potion"}],"is_trial":false,"path_per_floor":["M","M","?","$","M","R","E","R","T","R","M","?","M","M","R","B",null,"M","?","M","$","?","R","E","M","T","M","M","E","R","M","R","B",null,"M","M","$","?","M","R","E","R","T","M","?","E"],"character_chosen":"THE_SILENT","items_purchased":["Regen Potion","TwistedFunnel"],"campfire_rested":2,"item_purchase_floors":[4,21],"current_hp_per_floor":[70,70,70,70,70,70,57,57,57,57,57,57,45,43,43,10,70,47,47,36,36,70,70,61,56,56,53,38,25,25,16,37,42,70,59,52,52,52,44,44,8,29,29,14,14,0],"gold":292,"neow_bonus":"THREE_ENEMY_KILL","is_prod":false,"is_daily":false,"chose_seed":false,"campfire_upgraded":7,"win_rate":0,"timestamp":1547977215,"path_taken":["M","M","?","$","M","R","E","R","T","R","M","?","M","M","R","BOSS","M","?","?","$","?","R","E","?","T","M","M","E","R","M","R","BOSS","M","M","$","?","M","R","E","R","T","M","?","E"],"build_version":"2019-01-17v2","purchased_purges":3,"victory":false,"max_hp_per_floor":[70,70,70,70,70,70,70,70,70,70,70,70,70,70,70,70,70,70,70,70,70,70,70,70,70,70,70,70,70,70,70,70,70,70,70,70,70,70,70,70,70,70,70,70,70,70],"card_choices":[{"not_picked":["Backflip","Underhanded Strike"],"picked":"Poisoned Stab","floor":1},{"not_picked":["Prepared","Accuracy"],"picked":"Deadly Poison","floor":2},{"not_picked":["Dodge and Roll","Flying Knee"],"picked":"Catalyst","floor":5},{"not_picked":["Acrobatics","Cloak And Dagger","Outmaneuver"],"picked":"SKIP","floor":7},{"not_picked":["Unload","Flying Knee"],"picked":"Bouncing Flask","floor":11},{"not_picked":["Acrobatics","Flying Knee"],"picked":"Deadly Poison","floor":13},{"not_picked":["Deadly Poison","Dagger Throw","Caltrops"],"picked":"SKIP","floor":14},{"not_picked":["Tools of the Trade","Corpse Explosion"],"picked":"After Image","floor":16},{"not_picked":["Reflex+1","Outmaneuver"],"picked":"Deadly Poison+1","floor":18},{"not_picked":["Dagger Throw","Eviscerate","Backflip"],"picked":"SKIP","floor":20},{"not_picked":["Flechettes+1","Riddle With Holes","Deadly Poison+1"],"picked":"SKIP","floor":24},{"not_picked":["Flying Knee","Distraction","Leg Sweep"],"picked":"SKIP","floor":25},{"not_picked":["Deflect","Bouncing Flask","Prepared"],"picked":"SKIP","floor":27},{"not_picked":["Dodge and Roll","Dagger Spray+1","Bouncing Flask"],"picked":"SKIP","floor":28},{"not_picked":["Underhanded Strike+1","Dagger Throw+1"],"picked":"Heel Hook+1","floor":29},{"not_picked":["Expertise+1","Deadly Poison","Doppelganger"],"picked":"SKIP","floor":31},{"not_picked":["Endless Agony+1","Quick Slash+1"],"picked":"Bane+1","floor":35},{"not_picked":["Deadly Poison","Backstab+1","Flying Knee+1"],"picked":"SKIP","floor":36},{"not_picked":["Poisoned Stab+1","Dagger Throw+1","Storm of Steel"],"picked":"SKIP","floor":39},{"not_picked":["Backstab+1","Slice+1","Bane+1"],"picked":"SKIP","floor":41},{"not_picked":["Blade Dance+1","Bane+1","Backflip"],"picked":"SKIP","floor":44}],"player_experience":41283,"relics_obtained":[{"floor":7,"key":"Paper Crane"},{"floor":9,"key":"Bottled Flame"},{"floor":24,"key":"Bag of Preparation"},{"floor":26,"key":"Molten Egg 2"},{"floor":29,"key":"Dodecahedron"},{"floor":41,"key":"Vajra"},{"floor":41,"key":"Shuriken"},{"floor":43,"key":"The Courier"}],"event_choices":[{"damage_healed":0,"gold_gain":175,"player_choice":"AGREE","damage_taken":0,"max_hp_gain":0,"max_hp_loss":0,"event_name":"Liars Game","floor":3,"gold_loss":0,"cards_obtained":["Doubt"]},{"damage_healed":0,"gold_gain":0,"player_choice":"Left Gold","damage_taken":0,"max_hp_gain":0,"max_hp_loss":0,"event_name":"World of Goop","floor":12,"gold_loss":32},{"damage_healed":0,"gold_gain":100,"player_choice":"Pray","damage_taken":0,"max_hp_gain":0,"max_hp_loss":0,"event_name":"Golden Shrine","floor":19,"gold_loss":0},{"cards_removed":["Eviscerate"],"damage_healed":34,"gold_gain":0,"player_choice":"Offered Uncommon","damage_taken":0,"max_hp_gain":0,"max_hp_loss":0,"event_name":"Bonfire Elementals","floor":22,"gold_loss":0},{"cards_removed":["After Image"],"damage_healed":0,"gold_gain":0,"player_choice":"Removed Power","damage_taken":0,"max_hp_gain":0,"max_hp_loss":0,"event_name":"Falling","floor":38,"gold_loss":0},{"damage_healed":0,"gold_gain":0,"player_choice":"Bought 2 Potions","damage_taken":0,"max_hp_gain":0,"max_hp_loss":0,"event_name":"The Woman in Blue","floor":45,"gold_loss":0}],"is_beta":false,"boss_relics":[{"not_picked":["White Beast Statue","Calling Bell"],"picked":"Pandora\u0027s Box"},{"not_picked":["Orrery","Snecko Eye"],"picked":"Black Star"}],"items_purged_floors":[4,21,37],"is_endless":false,"potions_floor_spawned":[5,11,13,16,20,29,31,33,35,41],"killed_by":"Reptomancer","ascension_level":0}