{"gold_per_floor":[109,109,124,124,199,199,214,214,295,295,295,66,84,105,105,199,199,212,227,227],"floor_reached":20,"playtime":559,"items_purged":[],"score":279,"play_id":"434fc32f-be58-4661-a15a-571eec1e7ac0","local_time":"20190208160123","is_ascension_mode":true,"campfire_choices":[{"data":"Zap","floor":6.0,"key":"SMITH"},{"data":"Dualcast","floor":8.0,"key":"SMITH"},{"floor":10.0,"key":"REST"},{"data":"Echo Form","floor":15.0,"key":"SMITH"}],"neow_cost":"NONE","seed_source_timestamp":568248069111169,"circlet_count":0,"master_deck":["AscendersBane","Strike_B","Strike_B+1","Strike_B+1","Defend_B","Defend_B","Defend_B","Defend_B","Zap+1","Dualcast+1","Echo Form+1","Cold Snap","Sweeping Beam","Go for the Eyes","Leap","Ball Lightning","Cold Snap","Cold Snap","Machine Learning","Doom and Gloom+1","Coolheaded"],"special_seed":0,"relics":["Cracked Core","Golden Idol","Bottled Flame","Oddly Smooth Stone","Inserter"],"potions_floor_usage":[],"damage_taken":[{"damage":12.0,"enemies":"Jaw Worm","floor":1.0,"turns":3.0},{"damage":8.0,"enemies":"Small Slimes","floor":3.0,"turns":3.0},{"damage":8.0,"enemies":"2 Louse","floor":7.0,"turns":3.0},{"damage":12.0,"enemies":"Exordium Thugs","floor":13.0,"turns":3.0},{"damage":0.0,"enemies":"Looter","floor":14.0,"turns":3.0},{"damage":9,"enemies":"The Guardian","floor":16,"turns":11},{"damage":35,"enemies":"2 Thieves","floor":18,"turns":5},{"damage":3,"enemies":"Chosen","floor":19,"turns":6}],"seed_played":"128130417876396482","potions_obtained":[{"floor":1.0,"key":"Fire Potion"},{"floor":3.0,"key":"SkillPotion"},{"floor":16,"key":"GamblersBrew"},{"floor":19,"key":"Energy Potion"}],"is_trial":false,"path_per_floor":["M","?","M","?","?","R","M","R","T","R","?","$","M","M","R","B",null,"M","M","?"],"character_chosen":"DEFECT","items_purchased":["Oddly Smooth Stone","Leap","Ball Lightning"],"campfire_rested":1,"item_purchase_floors":[12,12,12],"current_hp_per_floor":[52,45,37,37,26,26,18,18,18,37,24,24,12,12,12,3,50,15,12,0],"gold":227,"neow_bonus":"ONE_RANDOM_RARE_CARD","is_prod":false,"is_daily":false,"chose_seed":false,"campfire_upgraded":3,"win_rate":0,"timestamp":1549663283,"path_taken":["M","?","M","?","?","R","M","R","T","R","?","$","M","?","R","BOSS","M","M","?"],"build_version":"2019-01-23","purchased_purges":0,"victory":false,"max_hp_per_floor":[71,71,71,66,66,66,66,66,66,66,66,66,66,66,66,66,66,66,66,66],"card_choices":[{"not_picked":["Melter","Barrage"],"picked":"Cold Snap","floor":1.0},{"not_picked":["Cold Snap","Steam"],"picked":"Sweeping Beam","floor":3.0},{"not_picked":["Melter","Rebound"],"picked":"Go for the Eyes","floor":7.0},{"not_picked":["Compile Driver","Darkness"],"picked":"Cold Snap","floor":13.0},{"not_picked":["Auto Shields","Gash"],"picked":"Cold Snap","floor":14.0},{"not_picked":["Amplify","Reboot"],"picked":"Machine Learning","floor":16},{"not_picked":["Gash","Double Energy"],"picked":"Doom and Gloom+1","floor":18},{"not_picked":["Barrage","FTL"],"picked":"Coolheaded","floor":19}],"player_experience":174383,"relics_obtained":[{"floor":9.0,"key":"Bottled Flame"}],"event_choices":[{"cards_removed":["Strike_B"],"damage_healed":0.0,"max_hp_gain":0.0,"max_hp_loss":0.0,"gold_gain":0.0,"event_name":"Golden Wing","player_choice":"Card Removal","floor":2.0,"gold_loss":0.0,"damage_taken":7.0},{"damage_healed":0.0,"max_hp_gain":0.0,"max_hp_loss":5.0,"gold_gain":0.0,"event_name":"Golden Idol","player_choice":"Lose Max HP","floor":4.0,"gold_loss":0.0,"damage_taken":0.0,"relics_obtained":["Golden Idol"]},{"damage_healed":0.0,"max_hp_gain":0.0,"max_hp_loss":0.0,"gold_gain":75.0,"event_name":"World of Goop","player_choice":"Gather Gold","floor":5.0,"gold_loss":0.0,"damage_taken":11.0},{"damage_healed":0.0,"max_hp_gain":0.0,"max_hp_loss":0.0,"gold_gain":0.0,"event_name":"Shining Light","player_choice":"Entered Light","floor":11.0,"gold_loss":0.0,"damage_taken":13.0,"cards_upgraded":["Strike_B","Strike_B"]}],"is_beta":false,"boss_relics":[{"not_picked":["Snecko Eye","Ectoplasm"],"picked":"Inserter"}],"items_purged_floors":[],"is_endless":false,"potions_floor_spawned":[1,3,16,19],"ascension_level":14}