{"gold_per_floor":[109,59,76,95,20,20,39,39,39,55,107,171,171,184,184,280,280,299,204,215,165,165,165,192,204,204,221,240,46,46],"floor_reached":30,"playtime":1396,"items_purged":["Strike_B","Pain","Regret"],"score":278,"play_id":"1237441b-d9b1-46d3-ad42-3947fcf3c174","local_time":"20190115190458","is_ascension_mode":true,"campfire_choices":[{"data":"Defragment","floor":6.0,"key":"SMITH"},{"data":"Loop","floor":13.0,"key":"SMITH"},{"floor":15.0,"key":"REST"},{"data":"Go for the Eyes","floor":23.0,"key":"SMITH"}],"neow_cost":"PERCENT_DAMAGE","seed_source_timestamp":330795233067622,"circlet_count":0,"master_deck":["Strike_B","Defend_B","Defend_B","Defend_B","Defend_B","Zap","Dualcast","Rebound","Ball Lightning","Leap","Defragment+1","Redo","Leap","Loop+1","White Noise","Turbo","BootSequence","Coolheaded","Capacitor","Conserve Battery","Echo Form","Injury","Ball Lightning","Leap","Cold Snap","Go for the Eyes+1","Conserve Battery","Stack+1","Redo+1","Conserve Battery"],"special_seed":0,"relics":["Cracked Core","Prayer Wheel","Smiling Mask","Meat on the Bone","Calling Bell","Happy Flower","Dodecahedron","Girya","Strawberry","Blue Candle","Bird Faced Urn","Runic Capacitor"],"potions_floor_usage":[],"damage_taken":[{"damage":0.0,"enemies":"2 Louse","floor":1.0,"turns":2.0},{"damage":7.0,"enemies":"Small Slimes","floor":3.0,"turns":2.0},{"damage":3.0,"enemies":"Jaw Worm","floor":4.0,"turns":2.0},{"damage":1.0,"enemies":"Exordium Thugs","floor":7.0,"turns":4.0},{"damage":0.0,"enemies":"Large Slime","floor":10.0,"turns":4.0},{"damage":16.0,"enemies":"Lagavulin Event","floor":12.0,"turns":5.0},{"damage":11.0,"enemies":"Blue Slaver","floor":14.0,"turns":3.0},{"damage":23.0,"enemies":"The Guardian","floor":16.0,"turns":9.0},{"damage":41.0,"enemies":"3 Byrds","floor":18.0,"turns":5.0},{"damage":4.0,"enemies":"Chosen","floor":20.0,"turns":4.0},{"damage":23.0,"enemies":"Book of Stabbing","floor":24.0,"turns":7.0},{"damage":10.0,"enemies":"Shelled Parasite and Fungi","floor":25.0,"turns":7.0},{"damage":8.0,"enemies":"Snecko","floor":27.0,"turns":8.0},{"damage":33.0,"enemies":"Snake Plant","floor":28.0,"turns":4.0},{"damage":51,"enemies":"3 Cultists","floor":30,"turns":4}],"seed_played":"-1535811090339550368","potions_obtained":[{"floor":3.0,"key":"FearPotion"},{"floor":14.0,"key":"Poison Potion"},{"floor":16.0,"key":"GamblersBrew"},{"floor":18.0,"key":"Fire Potion"},{"floor":20.0,"key":"Block Potion"}],"is_trial":false,"path_per_floor":["M","?","M","M","$","R","M","?","T","M","T","?","R","M","R","B",null,"M","$","M","$","?","R","E","M","T","M","M","$","M"],"character_chosen":"DEFECT","items_purchased":["Leap","Runic Capacitor"],"campfire_rested":1,"item_purchase_floors":[19,29],"current_hp_per_floor":[54,54,47,44,44,44,43,36,36,36,36,20,20,21,43,32,75,46,46,42,42,49,49,38,40,40,50,39,39,0],"gold":46,"neow_bonus":"ONE_RARE_RELIC","is_prod":false,"is_daily":false,"chose_seed":false,"campfire_upgraded":3,"win_rate":0,"timestamp":1547600698,"path_taken":["M","?","M","M","$","R","M","?","T","?","?","?","R","M","R","BOSS","M","$","M","$","?","R","E","?","T","M","M","$","M"],"build_version":"2019-01-10","purchased_purges":3,"victory":false,"max_hp_per_floor":[75,75,75,75,75,75,75,75,75,75,75,75,75,75,75,75,75,75,75,75,75,82,82,82,82,82,82,82,82,82],"card_choices":[{"not_picked":["Barrage","Turbo"],"picked":"Rebound","floor":1.0},{"not_picked":["Compile Driver","Turbo"],"picked":"Ball Lightning","floor":1.0},{"not_picked":["Steam Power","Biased Cognition"],"picked":"Leap","floor":3.0},{"not_picked":["Leap","Sweeping Beam"],"picked":"Defragment","floor":3.0},{"not_picked":["Heatsinks","Doom and Gloom"],"picked":"Redo","floor":4.0},{"not_picked":["Fusion","Barrage"],"picked":"Leap","floor":4.0},{"not_picked":["Turbo","Reinforced Body"],"picked":"Loop","floor":7.0},{"not_picked":["Blizzard","Barrage"],"picked":"White Noise","floor":7.0},{"not_picked":["Chill","Static Discharge"],"picked":"Turbo","floor":10.0},{"not_picked":["Turbo","Thunder Strike"],"picked":"BootSequence","floor":10.0},{"not_picked":["Streamline","Barrage"],"picked":"Coolheaded","floor":12.0},{"not_picked":["Ball Lightning","Blizzard"],"picked":"Capacitor","floor":14.0},{"not_picked":["Leap","Sweeping Beam"],"picked":"Conserve Battery","floor":14.0},{"not_picked":["Thunder Strike","Hyperbeam"],"picked":"Echo Form","floor":16.0},{"not_picked":["Recycle","Stack"],"picked":"Ball Lightning","floor":18.0},{"not_picked":["Fusion","Hello World","Beam Cell"],"picked":"SKIP","floor":18.0},{"not_picked":["Rip and Tear","Barrage"],"picked":"Cold Snap","floor":20.0},{"not_picked":["Reprogram","Barrage+1"],"picked":"Go for the Eyes","floor":20.0},{"not_picked":["Compile Driver","Scrape+1","Echo Form"],"picked":"SKIP","floor":24.0},{"not_picked":["Ball Lightning","Streamline"],"picked":"Conserve Battery","floor":25.0},{"not_picked":["Compile Driver","Self Repair"],"picked":"Stack+1","floor":25.0},{"not_picked":["Barrage","Double Energy"],"picked":"Redo+1","floor":27.0},{"not_picked":["Redo","Rip and Tear"],"picked":"Conserve Battery","floor":27.0},{"not_picked":["Cold Snap","Sweeping Beam","Fusion"],"picked":"SKIP","floor":28.0},{"not_picked":["Beam Cell","Gash","Rip and Tear+1"],"picked":"SKIP","floor":28.0}],"player_experience":100641,"relics_obtained":[{"floor":11.0,"key":"Smiling Mask"},{"floor":12.0,"key":"Meat on the Bone"},{"floor":17.0,"key":"Happy Flower"},{"floor":17.0,"key":"Dodecahedron"},{"floor":17.0,"key":"Girya"},{"floor":24.0,"key":"Blue Candle"},{"floor":26.0,"key":"Bird Faced Urn"}],"event_choices":[{"cards_removed":["Strike_B"],"damage_healed":0.0,"max_hp_gain":0.0,"max_hp_loss":0.0,"gold_gain":0.0,"event_name":"The Cleric","player_choice":"Card Removal","floor":2.0,"gold_loss":50.0,"damage_taken":0.0},{"cards_removed":["Strike_B"],"damage_healed":0.0,"max_hp_gain":0.0,"max_hp_loss":0.0,"gold_gain":0.0,"event_name":"Golden Wing","player_choice":"Card Removal","floor":8.0,"gold_loss":0.0,"damage_taken":7.0},{"damage_healed":0.0,"max_hp_gain":0.0,"max_hp_loss":0.0,"gold_gain":0.0,"event_name":"Dead Adventurer","player_choice":"Searched \u00271\u0027 times","floor":12.0,"gold_loss":0.0,"damage_taken":0.0},{"damage_healed":0.0,"max_hp_gain":0.0,"max_hp_loss":0.0,"gold_gain":0.0,"event_name":"WeMeetAgain","player_choice":"Gave Potion","floor":22.0,"gold_loss":0.0,"damage_taken":0.0,"relics_obtained":["Strawberry"]}],"is_beta":false,"boss_relics":[{"not_picked":["Orrery","FrozenCore"],"picked":"Calling Bell"}],"items_purged_floors":[5,19,21],"is_endless":false,"potions_floor_spawned":[3,14,16,18,20],"killed_by":"3 Cultists","ascension_level":3}