{"gold_per_floor":[117,136,286,300,313,313,348,348,401,401],"floor_reached":10,"playtime":297,"items_purged":[],"score":136,"play_id":"551b39dc-b26e-4a8e-b1e1-be8dac81389f","local_time":"20190223200932","is_ascension_mode":true,"campfire_choices":[{"floor":6,"key":"REST"}],"neow_cost":"NONE","seed_source_timestamp":23707130313000,"circlet_count":0,"master_deck":["AscendersBane","Strike_B","Strike_B","Strike_B","Strike_B","Defend_B","Defend_B","Defend_B","Defend_B","Zap","Dualcast","BootSequence","Consume","Doubt","Capacitor","Capacitor"],"relics":["Cracked Core","Blue Candle","Oddly Smooth Stone"],"potions_floor_usage":[7],"damage_taken":[{"damage":2,"enemies":"2 Louse","floor":1,"turns":3},{"damage":12,"enemies":"Jaw Worm","floor":2,"turns":4},{"damage":3,"enemies":"Cultist","floor":4,"turns":5},{"damage":28,"enemies":"Large Slime","floor":5,"turns":7},{"damage":42,"enemies":"Lagavulin","floor":7,"turns":8},{"damage":8,"enemies":"3 Louse","floor":10,"turns":2}],"seed_played":"-194880892790498471","potions_obtained":[{"floor":1,"key":"Poison Potion"},{"floor":4,"key":"LiquidBronze"},{"floor":7,"key":"SteroidPotion"}],"is_trial":false,"path_per_floor":["M","M","?","M","M","R","E","?","T","M"],"character_chosen":"DEFECT","items_purchased":[],"campfire_rested":1,"item_purchase_floors":[],"current_hp_per_floor":[69,57,57,54,26,49,7,7,7,0],"gold":401,"neow_bonus":"TEN_PERCENT_HP_BONUS","is_prod":false,"is_daily":false,"chose_seed":false,"campfire_upgraded":0,"win_rate":0,"timestamp":1550945372,"path_taken":["M","M","?","M","M","R","E","?","T","M"],"build_version":"2019-01-23","purchased_purges":0,"victory":false,"max_hp_per_floor":[78,78,78,78,78,78,78,78,78,78],"card_choices":[{"not_picked":["Streamline","Darkness"],"picked":"BootSequence","floor":1},{"not_picked":["Streamline","Storm"],"picked":"Consume","floor":2},{"not_picked":["Turbo","Force Field"],"picked":"Capacitor","floor":4},{"not_picked":["Chaos","FTL","Double Energy"],"picked":"SKIP","floor":5},{"not_picked":["Turbo","Streamline"],"picked":"Capacitor","floor":7}],"player_experience":925157,"relics_obtained":[{"floor":7,"key":"Blue Candle"},{"floor":9,"key":"Oddly Smooth Stone"}],"event_choices":[{"damage_healed":0,"gold_gain":150,"player_choice":"AGREE","damage_taken":0,"max_hp_gain":0,"max_hp_loss":0,"event_name":"Liars Game","floor":3,"gold_loss":0,"cards_obtained":["Doubt"]},{"damage_healed":0,"gold_gain":0,"player_choice":"Searched \u00270\u0027 times","damage_taken":0,"max_hp_gain":0,"max_hp_loss":0,"event_name":"Dead Adventurer","floor":8,"gold_loss":0}],"is_beta":false,"boss_relics":[],"items_purged_floors":[],"is_endless":false,"potions_floor_spawned":[1,4,7],"killed_by":"3 Louse","ascension_level":20}