{"gold_per_floor":[119,119,119,144,157,157,188,188,233,260,272,24,39,58,58,186,186,199,113,113,133,157,157,173,186,186,186,207,207,223,144,144,144],"floor_reached":33,"playtime":1205,"items_purged":[],"score":389,"play_id":"edb722ce-69b1-4615-829f-2f763c58ec7b","local_time":"20190214114212","is_ascension_mode":true,"campfire_choices":[{"floor":6,"key":"REST"},{"floor":8,"key":"REST"},{"floor":15,"key":"REST"},{"floor":23,"key":"REST"},{"floor":27,"key":"REST"},{"floor":32,"key":"REST"}],"neow_cost":"NONE","seed_source_timestamp":64281347567752,"circlet_count":0,"master_deck":["AscendersBane","Strike_B+1","Strike_B+1","Strike_B+1","Defend_B+1","Defend_B+1","Defend_B+1","Defend_B+1","Zap","Dualcast","Cold Snap","Conserve Battery","FTL","White Noise","Defragment","Leap","Coolheaded","Loop","Capacitor","Glacier","Ball Lightning","Conserve Battery+1","Self Repair","Defragment"],"relics":["Cracked Core","Strawberry","Golden Idol","Lantern","MawBank","Blood Vial","Sozu","Peace Pipe"],"potions_floor_usage":[7,7,16,16,33],"damage_taken":[{"damage":7,"enemies":"Jaw Worm","floor":1,"turns":3},{"damage":5,"enemies":"Small Slimes","floor":4,"turns":4},{"damage":0,"enemies":"2 Louse","floor":5,"turns":2},{"damage":34,"enemies":"Gremlin Nob","floor":7,"turns":4},{"damage":4,"enemies":"Lots of Slimes","floor":10,"turns":5},{"damage":5,"enemies":"Exordium Thugs","floor":13,"turns":5},{"damage":24,"enemies":"Gremlin Gang","floor":14,"turns":5},{"damage":14,"enemies":"Slime Boss","floor":16,"turns":10},{"damage":21,"enemies":"Chosen","floor":18,"turns":6},{"damage":10,"enemies":"Spheric Guardian","floor":21,"turns":4},{"damage":38,"enemies":"Cultist and Chosen","floor":22,"turns":6},{"damage":15,"enemies":"Snake Plant","floor":24,"turns":7},{"damage":3,"enemies":"Centurion and Healer","floor":25,"turns":13},{"damage":32,"enemies":"Shelled Parasite and Fungi","floor":28,"turns":6},{"damage":17,"enemies":"Snecko","floor":30,"turns":9},{"damage":54,"enemies":"Automaton","floor":33,"turns":12}],"seed_played":"601915328359742980","potions_obtained":[{"floor":5,"key":"EntropicBrew"},{"floor":11,"key":"FocusPotion"},{"floor":11,"key":"FocusPotion"},{"floor":16,"key":"Dexterity Potion"}],"is_trial":false,"path_per_floor":["M","?","?","M","M","R","E","R","T","M","?","$","M","M","R","B",null,"M","$","?","M","M","R","M","M","T","R","M","?","M","$","R","B"],"character_chosen":"DEFECT","items_purchased":["Defragment","Blood Vial","Leap","Coolheaded","Loop","Defragment"],"campfire_rested":6,"item_purchase_floors":[12,12,12,19,19,31],"current_hp_per_floor":[68,68,61,56,56,80,46,70,70,66,66,66,63,41,65,53,75,56,56,56,48,12,36,23,22,22,46,16,16,1,1,25,0],"gold":144,"neow_bonus":"RANDOM_COMMON_RELIC","is_prod":false,"is_daily":false,"chose_seed":false,"campfire_upgraded":0,"win_rate":0,"timestamp":1550162532,"path_taken":["M","?","?","M","M","R","E","R","T","?","?","$","?","M","R","BOSS","M","$","?","M","M","R","M","M","T","R","?","?","M","$","R","BOSS"],"build_version":"2019-01-23","purchased_purges":0,"victory":false,"max_hp_per_floor":[82,82,82,82,82,82,82,82,82,82,82,82,82,82,82,82,82,82,82,82,82,82,82,82,82,82,82,82,82,82,82,82,82],"card_choices":[{"not_picked":["Steam Power","Leap"],"picked":"Cold Snap","floor":1},{"not_picked":["Melter","Sweeping Beam"],"picked":"Conserve Battery","floor":4},{"not_picked":["Force Field","Heatsinks","Reprogram"],"picked":"SKIP","floor":5},{"not_picked":["Cold Snap","Stack"],"picked":"FTL","floor":7},{"not_picked":["Conserve Battery","FTL"],"picked":"White Noise","floor":10},{"not_picked":["Conserve Battery","Meteor Strike","Compile Driver"],"picked":"SKIP","floor":13},{"not_picked":["Doom and Gloom","Rebound","Streamline"],"picked":"SKIP","floor":14},{"not_picked":["Rebound+1","Recycle","Aggregate"],"picked":"SKIP","floor":18},{"not_picked":["Loop+1","Darkness"],"picked":"Capacitor","floor":21},{"not_picked":["Gash","Streamline"],"picked":"Glacier","floor":22},{"not_picked":["Leap","Stack"],"picked":"Ball Lightning","floor":24},{"not_picked":["Steam Power","Stack+1","FTL"],"picked":"SKIP","floor":25},{"not_picked":["Steam","Meteor Strike"],"picked":"Conserve Battery+1","floor":28},{"not_picked":["Glacier","Blizzard"],"picked":"Self Repair","floor":30}],"player_experience":492069,"relics_obtained":[{"floor":7,"key":"Lantern"},{"floor":9,"key":"MawBank"},{"floor":26,"key":"Peace Pipe"}],"event_choices":[{"damage_healed":0,"gold_gain":0,"player_choice":"Take Wound","damage_taken":0,"relics_obtained":["Golden Idol"],"max_hp_gain":0,"max_hp_loss":0,"event_name":"Golden Idol","floor":2,"gold_loss":0,"cards_obtained":["Injury"]},{"cards_removed":["Injury"],"damage_healed":0,"gold_gain":0,"player_choice":"Card Removal","damage_taken":7,"max_hp_gain":0,"max_hp_loss":0,"event_name":"Golden Wing","floor":3,"gold_loss":0},{"damage_healed":0,"gold_gain":0,"player_choice":"Got Potions","damage_taken":0,"max_hp_gain":0,"max_hp_loss":0,"event_name":"Lab","floor":11,"gold_loss":0},{"cards_removed":["Strike_B"],"damage_healed":0,"gold_gain":0,"player_choice":"Offered Basic","damage_taken":0,"max_hp_gain":0,"max_hp_loss":0,"event_name":"Bonfire Elementals","floor":20,"gold_loss":0},{"damage_healed":0,"gold_gain":0,"player_choice":"Simplicity","damage_taken":0,"max_hp_gain":0,"max_hp_loss":0,"event_name":"Back to Basics","floor":29,"gold_loss":0,"cards_upgraded":["Strike_B","Strike_B","Strike_B","Defend_B","Defend_B","Defend_B","Defend_B"]}],"is_beta":false,"boss_relics":[{"not_picked":["Empty Cage","Coffee Dripper"],"picked":"Sozu"}],"items_purged_floors":[],"is_endless":false,"potions_floor_spawned":[5,13,16,21,24,30],"killed_by":"Automaton","ascension_level":11}