{"gold_per_floor":[20,35,55,70,86,111,111,111,157,157,157,55,55,70,70,168,168,184,201,221,221,250,250,276,290,317,416,416,416,416,436,436,436],"floor_reached":33,"playtime":2225,"items_purged":["Strike_G"],"score":374,"play_id":"e731e4db-6545-4f2e-b667-ee10ae0f2d71","local_time":"20180812200744","is_ascension_mode":true,"campfire_choices":[{"floor":7,"key":"REST"},{"floor":11,"key":"REST"},{"data":"Cloak And Dagger","floor":13,"key":"SMITH"},{"data":"Terror","floor":15,"key":"SMITH"},{"floor":23,"key":"REST"},{"floor":28,"key":"REST"},{"data":"Cloak And Dagger","floor":30,"key":"SMITH"},{"data":"Adrenaline","floor":32,"key":"SMITH"}],"neow_cost":"NO_GOLD","seed_source_timestamp":0,"circlet_count":0,"master_deck":["Defend_G","Defend_G","Defend_G","Defend_G+1","Defend_G","Strike_G","Strike_G","Survivor","Neutralize","A Thousand Cuts","Glass Knife+1","Terror+1","Riddle With Holes","Calculated Gamble","Deflect","Cloak And Dagger+1","Dagger Spray","Adrenaline+1","Dodge and Roll+1","Cloak And Dagger+1","Writhe","Deflect+1","Infinite Blades+1","Prepared+1","Backstab"],"special_seed":0,"relics":["Ring of the Snake","Shuriken","Ancient Tea Set","Runic Dome","Letter Opener","Red Mask","Juzu Bracelet","Potion Belt"],"potions_floor_usage":[5,14,22,33],"damage_taken":[{"damage":0,"enemies":"Small Slimes","floor":1,"turns":4},{"damage":0,"enemies":"Cultist","floor":2,"turns":3},{"damage":2,"enemies":"Jaw Worm","floor":3,"turns":4},{"damage":1,"enemies":"Exordium Thugs","floor":4,"turns":4},{"damage":10,"enemies":"Gremlin Gang","floor":5,"turns":4},{"damage":35,"enemies":"3 Sentries","floor":6,"turns":11},{"damage":0,"enemies":"3 Louse","floor":14,"turns":1},{"damage":16,"enemies":"Hexaghost","floor":16,"turns":8},{"damage":0,"enemies":"Spheric Guardian","floor":18,"turns":3},{"damage":11,"enemies":"3 Byrds","floor":19,"turns":3},{"damage":27,"enemies":"Sentry and Sphere","floor":20,"turns":6},{"damage":0,"floor":22,"turns":4},{"damage":14,"enemies":"Book of Stabbing","floor":24,"turns":5},{"damage":3,"enemies":"Snake Plant","floor":25,"turns":3},{"damage":5,"enemies":"Centurion and Healer","floor":31,"turns":3},{"damage":68,"enemies":"Collector","floor":33,"turns":7}],"seed_played":"4594318047152462189","potions_obtained":[{"floor":2,"key":"AttackPotion"},{"floor":6,"key":"Explosive Potion"},{"floor":10,"key":"Explosive Potion"},{"floor":10,"key":"SmokeBomb"},{"floor":14,"key":"EssenceOfSteel"},{"floor":18,"key":"SteroidPotion"}],"is_trial":false,"path_per_floor":["M","M","M","M","M","E","R","?","T","?","R","$","R","M","R","B",null,"M","M","M","?","?","R","E","M","T","?","R","?","R","M","R"],"character_chosen":"THE_SILENT","items_purchased":["Cloak And Dagger"],"campfire_rested":4,"item_purchase_floors":[12],"current_hp_per_floor":[63,63,61,60,50,15,36,22,22,22,43,43,43,43,43,27,59,59,48,21,21,21,42,28,25,25,25,46,46,46,41,41,0],"gold":436,"neow_bonus":"TRANSFORM_TWO_CARDS","is_prod":false,"is_daily":false,"chose_seed":false,"campfire_upgraded":4,"win_rate":0,"timestamp":1534097264,"path_taken":["M","M","M","M","M","E","R","?","T","?","R","?","R","?","R","BOSS","M","M","?","?","?","R","E","M","T","?","R","?","R","M","R","BOSS"],"build_version":"2018-08-09","purchased_purges":1,"victory":false,"max_hp_per_floor":[70,70,70,70,70,70,70,70,70,70,70,70,70,70,70,70,70,70,70,70,70,70,70,70,70,70,70,70,70,70,70,70,70],"card_choices":[{"not_picked":["Dodge and Roll","Underhanded Strike"],"picked":"Terror","floor":1},{"not_picked":["Flying Knee","Underhanded Strike"],"picked":"Riddle With Holes","floor":2},{"not_picked":["Bane","Flying Knee","Skewer"],"picked":"SKIP","floor":3},{"not_picked":["Masterful Stab","Poisoned Stab","Sucker Punch"],"picked":"SKIP","floor":4},{"not_picked":["Deflect","Burst"],"picked":"Calculated Gamble","floor":5},{"not_picked":["Prepared","Terror"],"picked":"Deflect","floor":6},{"not_picked":["Masterful Stab","Skewer"],"picked":"Dagger Spray","floor":14},{"not_picked":["Phantasmal Killer","Envenom"],"picked":"Adrenaline","floor":16},{"not_picked":["Masterful Stab","Distraction","Acrobatics"],"picked":"SKIP","floor":18},{"not_picked":["Prepared+1","Deflect"],"picked":"Dodge and Roll+1","floor":19},{"not_picked":["PiercingWail+1","Backstab"],"picked":"Cloak And Dagger","floor":20},{"not_picked":["Dodge and Roll","Dagger Throw"],"picked":"Deflect+1","floor":22},{"not_picked":["Caltrops","Slice+1"],"picked":"Infinite Blades+1","floor":24},{"not_picked":["Concentrate+1","Masterful Stab"],"picked":"Prepared+1","floor":25},{"not_picked":["Heel Hook","Bullet Time"],"picked":"Backstab","floor":31}],"player_experience":292572,"relics_obtained":[{"floor":6,"key":"Shuriken"},{"floor":9,"key":"Ancient Tea Set"},{"floor":22,"key":"Red Mask"},{"floor":24,"key":"Juzu Bracelet"},{"floor":26,"key":"Potion Belt"}],"event_choices":[{"event_name":"Shining Light","player_choice":"Entered Light","floor":8,"damage_taken":0},{"event_name":"The Lab","player_choice":"Got Potions","floor":10,"damage_taken":0},{"event_name":"The Mausoleum","player_choice":"Yes","floor":21,"damage_taken":0},{"event_name":"Masked Bandits","player_choice":"Fought Bandits","floor":22,"damage_taken":0},{"event_name":"Nest","player_choice":"Stole From Cult","floor":27,"damage_taken":0},{"event_name":"Cursed Tome","player_choice":"Ignored","floor":29,"damage_taken":0}],"is_beta":false,"boss_relics":[{"not_picked":["Snecko Eye","Velvet Choker"],"picked":"Runic Dome"}],"items_purged_floors":[12],"is_endless":false,"potions_floor_spawned":[2,6,14,18,19],"killed_by":"Collector","ascension_level":8}