{"gold_per_floor":[117,117,128,148,1,1,15,31,56,56,86,86,104,123,123,226,226,246,266,17,36,50,50,84,84,84,84,84,95,107,107,107,107],"floor_reached":33,"playtime":2429,"items_purged":[],"score":296,"play_id":"da0649a8-01c9-47dc-af39-9892c92dd9d2","local_time":"20190115013043","is_ascension_mode":false,"campfire_choices":[{"data":"Terror","floor":6,"key":"SMITH"},{"floor":10,"key":"REST"},{"floor":12,"key":"REST"},{"data":"Infinite Blades","floor":15,"key":"SMITH"},{"floor":23,"key":"REST"},{"data":"Endless Agony","floor":32,"key":"SMITH"}],"neow_cost":"NONE","seed_source_timestamp":1743988109388905,"circlet_count":0,"master_deck":["Defend_G","Defend_G","Defend_G","Defend_G","Survivor","Neutralize","Sucker Punch","Terror+1","Terror","Crippling Poison","Predator","Endless Agony+1","Infinite Blades+1","Masterful Stab","Dash","Escape Plan","Doppelganger","Reflex+1","Slice+1","Quick Slash","Quick Slash+1","Underhanded Strike","Bouncing Flask","Bite","Bite","Bite","Bite","Bite","Slice","Heel Hook+1","Acrobatics","Expertise","Clumsy"],"relics":["Ring of the Snake","Happy Flower","Dream Catcher","Orichalcum","Whetstone","Runic Pyramid","Mummified Hand","Potion Belt","Kunai","Smiling Mask"],"potions_floor_usage":[16,16,16,22,24,24,33,33],"damage_taken":[{"damage":0,"enemies":"Small Slimes","floor":1,"turns":4},{"damage":0,"enemies":"Cultist","floor":3,"turns":4},{"damage":0,"enemies":"2 Louse","floor":4,"turns":3},{"damage":11,"enemies":"Lots of Slimes","floor":7,"turns":6},{"damage":9,"enemies":"Blue Slaver","floor":8,"turns":3},{"damage":17,"enemies":"3 Sentries","floor":11,"turns":7},{"damage":3,"enemies":"2 Fungi Beasts","floor":13,"turns":3},{"damage":7,"enemies":"Exordium Wildlife","floor":14,"turns":3},{"damage":23,"enemies":"The Guardian","floor":16,"turns":9},{"damage":12,"enemies":"Shell Parasite","floor":18,"turns":5},{"damage":0,"enemies":"Chosen","floor":19,"turns":4},{"damage":0,"enemies":"Snecko","floor":21,"turns":4},{"damage":10,"enemies":"Shelled Parasite and Fungi","floor":22,"turns":6},{"damage":15,"enemies":"Book of Stabbing","floor":24,"turns":5},{"damage":0,"enemies":"Chosen and Byrds","floor":29,"turns":6},{"damage":3,"enemies":"Centurion and Healer","floor":30,"turns":6},{"damage":73,"enemies":"Collector","floor":33,"turns":5}],"seed_played":"-669205541190189045","potions_obtained":[{"floor":1,"key":"Weak Potion"},{"floor":2,"key":"GamblersBrew"},{"floor":2,"key":"SmokeBomb"},{"floor":3,"key":"Swift Potion"},{"floor":7,"key":"SpeedPotion"},{"floor":16,"key":"SkillPotion"},{"floor":21,"key":"Ancient Potion"},{"floor":22,"key":"SkillPotion"},{"floor":29,"key":"PowerPotion"},{"floor":30,"key":"Weak Potion"}],"is_trial":false,"path_per_floor":["M","?","M","M","$","R","M","M","T","R","E","R","M","M","R","B",null,"M","M","$","M","M","R","E","?","T","?","?","M","M","?","R","B"],"character_chosen":"THE_SILENT","items_purchased":["Dream Catcher","Mummified Hand"],"campfire_rested":3,"item_purchase_floors":[5,20],"current_hp_per_floor":[70,70,70,70,70,70,59,50,50,70,53,70,67,60,60,37,70,58,58,58,58,48,69,54,54,54,49,49,49,49,49,49,0],"gold":107,"neow_bonus":"RANDOM_COMMON_RELIC","is_prod":false,"is_daily":false,"chose_seed":false,"campfire_upgraded":3,"win_rate":0.0,"timestamp":1547533843,"path_taken":["M","?","M","?","$","R","M","M","T","R","E","R","M","M","R","BOSS","M","M","$","M","M","R","E","?","T","?","?","?","M","?","R","BOSS"],"build_version":"2019-01-10","purchased_purges":0,"victory":false,"max_hp_per_floor":[70,70,70,70,70,70,70,70,70,70,70,70,70,70,70,70,70,70,70,70,70,70,70,70,70,70,49,49,49,49,49,49,49],"card_choices":[{"not_picked":["Dash","Calculated Gamble"],"picked":"Sucker Punch","floor":1},{"not_picked":["Noxious Fumes","Outmaneuver"],"picked":"Terror","floor":3},{"not_picked":["Tactician","Prepared"],"picked":"Terror","floor":4},{"not_picked":["Backflip","Slice"],"picked":"Crippling Poison","floor":7},{"not_picked":["Outmaneuver","Slice"],"picked":"Predator","floor":8},{"not_picked":["Bane","Deadly Poison"],"picked":"Endless Agony","floor":10},{"not_picked":["Backflip","Heel Hook"],"picked":"Infinite Blades","floor":11},{"not_picked":["Malaise","Deadly Poison"],"picked":"Masterful Stab","floor":12},{"not_picked":["Acrobatics","Predator"],"picked":"Dash","floor":13},{"not_picked":["Quick Slash","After Image"],"picked":"Escape Plan","floor":14},{"not_picked":["Bullet Time","Tools of the Trade"],"picked":"Doppelganger","floor":16},{"not_picked":["Slice","Dagger Spray+1"],"picked":"Reflex+1","floor":18},{"not_picked":["Endless Agony","Distraction+1"],"picked":"Slice+1","floor":19},{"not_picked":["Calculated Gamble","Escape Plan"],"picked":"Quick Slash","floor":21},{"not_picked":["Deadly Poison","PiercingWail+1"],"picked":"Quick Slash+1","floor":22},{"not_picked":["Burst","Deadly Poison"],"picked":"Underhanded Strike","floor":23},{"not_picked":["Bane","Terror"],"picked":"Bouncing Flask","floor":24},{"not_picked":["Finisher+1","Well Laid Plans"],"picked":"Heel Hook+1","floor":29},{"not_picked":["Dagger Spray","Deadly Poison"],"picked":"Acrobatics","floor":30}],"player_experience":13455,"relics_obtained":[{"floor":9,"key":"Orichalcum"},{"floor":11,"key":"Whetstone"},{"floor":24,"key":"Potion Belt"},{"floor":26,"key":"Smiling Mask"}],"event_choices":[{"damage_healed":0,"gold_gain":0,"player_choice":"Got Potions","damage_taken":0,"max_hp_gain":0,"max_hp_loss":0,"event_name":"Lab","floor":2,"gold_loss":0},{"damage_healed":0,"gold_gain":0,"player_choice":"Opened","damage_taken":0,"relics_obtained":["Kunai"],"max_hp_gain":0,"max_hp_loss":0,"event_name":"The Mausoleum","floor":25,"gold_loss":0},{"damage_healed":0,"gold_gain":0,"player_choice":"Became a vampire","damage_taken":0,"max_hp_gain":0,"max_hp_loss":21,"event_name":"Vampires","floor":27,"gold_loss":0,"cards_obtained":["Bite","Bite","Bite","Bite","Bite"]},{"damage_healed":0,"gold_gain":0,"player_choice":"2 cards matched","damage_taken":0,"max_hp_gain":0,"max_hp_loss":0,"event_name":"Match and Keep!","floor":28,"gold_loss":0,"cards_obtained":["Slice","Writhe"]},{"damage_healed":0,"gold_gain":0,"cards_transformed":["Defend_G","Writhe"],"player_choice":"Became Test Subject","damage_taken":0,"max_hp_gain":0,"max_hp_loss":0,"event_name":"Drug Dealer","floor":31,"gold_loss":0,"cards_obtained":["Expertise","Clumsy"]}],"is_beta":false,"boss_relics":[{"not_picked":["Velvet Choker","Calling Bell"],"picked":"Runic Pyramid"}],"items_purged_floors":[],"is_endless":false,"potions_floor_spawned":[1,3,7,14,16,21,22,29,30],"killed_by":"Collector","ascension_level":0}