{"gold_per_floor":[111,111,36,36,48,73,89,120,173,188,188,202,221,235,235,336,336,356,372,386,386,397,397,413,424,424,324,324,338,372,391,391,391],"floor_reached":33,"playtime":3174,"items_purged":["Strike_G","Acrobatics"],"score":326,"play_id":"fd0c23e0-163d-4b9e-b454-55473e7698ba","local_time":"20180716195100","is_ascension_mode":true,"campfire_choices":[{"data":"Dash","floor":11,"key":"SMITH"},{"data":"Noxious Fumes","floor":15,"key":"SMITH"},{"data":"Caltrops","floor":23,"key":"SMITH"},{"floor":32,"key":"REST"}],"neow_cost":"","seed_source_timestamp":0,"circlet_count":0,"master_deck":["Defend_G","Defend_G","Defend_G+1","Defend_G","Defend_G","Strike_G","Strike_G","Strike_G","Strike_G","Survivor","Neutralize","Deadly Poison","Adrenaline+1","Choke","Escape Plan","Deadly Poison","Dash+1","Leg Sweep","Caltrops+1","Escape Plan","Noxious Fumes+1","Bullet Time","Caltrops","Bullet Time","Dash+1","Noxious Fumes","Leg Sweep","Crippling Poison"],"special_seed":0,"relics":["Ring of the Snake","Strawberry","Potion Belt","Tiny Chest","Black Star","Gremlin Horn","Mango","The Specimen"],"potions_floor_usage":[20,20,20,24,28,30,30,33],"damage_taken":[{"damage":0.0,"enemies":"2 Louse","floor":1.0,"turns":4.0},{"damage":0.0,"enemies":"Cultist","floor":5.0,"turns":4.0},{"damage":17.0,"enemies":"Gremlin Nob","floor":6.0,"turns":4.0},{"damage":0.0,"enemies":"Small Slimes","floor":7.0,"turns":4.0},{"damage":11.0,"enemies":"3 Sentries","floor":8.0,"turns":9.0},{"damage":1,"enemies":"Exordium Thugs","floor":10,"turns":5},{"damage":0,"enemies":"Looter","floor":12,"turns":2},{"damage":0,"enemies":"2 Fungi Beasts","floor":13,"turns":2},{"damage":0,"enemies":"Exordium Thugs","floor":14,"turns":4},{"damage":10,"enemies":"Hexaghost","floor":16,"turns":8},{"damage":0,"enemies":"3 Byrds","floor":18,"turns":4},{"damage":0,"enemies":"Shell Parasite","floor":19,"turns":5},{"damage":19,"enemies":"3 Cultists","floor":20,"turns":7},{"damage":14,"enemies":"Sentry and Sphere","floor":22,"turns":7},{"damage":4,"enemies":"Snecko","floor":24,"turns":5},{"damage":14,"enemies":"Centurion and Healer","floor":25,"turns":6},{"damage":0,"enemies":"Snake Plant","floor":28,"turns":1},{"damage":8,"enemies":"Chosen and Byrds","floor":29,"turns":5},{"damage":15,"enemies":"Slavers","floor":30,"turns":5},{"damage":3,"enemies":"Slaver and Parasite","floor":31,"turns":5},{"damage":51,"enemies":"Champ","floor":33,"turns":11}],"seed_played":"-9122741328859319649","potions_obtained":[{"floor":1.0,"key":"Dexterity Potion"},{"floor":5.0,"key":"SkillPotion"},{"floor":12,"key":"Explosive Potion"},{"floor":13,"key":"SpeedPotion"},{"floor":16,"key":"SpeedPotion"},{"floor":19,"key":"SmokeBomb"},{"floor":20,"key":"Swift Potion"},{"floor":22,"key":"PowerPotion"},{"floor":29,"key":"LiquidBronze"},{"floor":31,"key":"PowerPotion"}],"is_trial":false,"path_per_floor":["M","?","$","?","M","E","M","E","T","M","R","M","M","M","R","B",null,"M","M","M","?","M","R","M","M","T","$","M","M","E","M","R"],"character_chosen":"THE_SILENT","items_purchased":[],"campfire_rested":1,"item_purchase_floors":[],"current_hp_per_floor":[70,70,70,56,56,46,46,35,35,34,34,34,34,34,34,24,77,77,77,58,58,44,44,40,26,26,26,26,18,17,14,41,0],"gold":391,"neow_bonus":"","is_prod":false,"is_daily":false,"chose_seed":false,"campfire_upgraded":3,"win_rate":0,"timestamp":1531763460,"path_taken":["M","?","?","?","M","E","M","E","T","M","R","M","M","?","R","BOSS","M","?","?","?","M","R","M","M","T","$","M","?","E","M","R","BOSS"],"build_version":"2018-07-12","purchased_purges":2,"victory":false,"max_hp_per_floor":[70,70,70,70,70,77,77,77,77,77,77,77,77,77,77,77,77,77,77,77,77,77,77,77,77,77,77,77,77,91,91,91,91],"card_choices":[{"not_picked":["Catalyst","Underhanded Strike"],"picked":"Deadly Poison","floor":1.0},{"not_picked":["Well Laid Plans","Heel Hook"],"picked":"Choke","floor":5.0},{"not_picked":["Flying Knee","Slice"],"picked":"Escape Plan","floor":6.0},{"not_picked":["PiercingWail","Outmaneuver"],"picked":"Deadly Poison","floor":7.0},{"not_picked":["Quick Slash","PiercingWail"],"picked":"Dash","floor":8.0},{"not_picked":["Backflip","Reflex"],"picked":"Leg Sweep","floor":10},{"not_picked":["Prepared","Flying Knee"],"picked":"Caltrops","floor":12},{"not_picked":["Bane","Sucker Punch"],"picked":"Escape Plan","floor":13},{"not_picked":["Storm of Steel","Slice"],"picked":"Noxious Fumes","floor":14},{"not_picked":["Phantasmal Killer","Venomology"],"picked":"Bullet Time","floor":16},{"not_picked":["Blade Dance","Deflect","Poisoned Stab"],"picked":"SKIP","floor":18},{"not_picked":["Endless Agony","Underhanded Strike+1"],"picked":"Acrobatics","floor":19},{"not_picked":["Acrobatics","Deadly Poison"],"picked":"Caltrops","floor":20},{"not_picked":["Flying Knee+1","Corpse Explosion"],"picked":"Dash+1","floor":22},{"not_picked":["Bane+1","Prepared+1","Endless Agony"],"picked":"SKIP","floor":24},{"not_picked":["Acrobatics+1","Poisoned Stab"],"picked":"Noxious Fumes","floor":25},{"not_picked":["Terror","Escape Plan"],"picked":"Leg Sweep","floor":29},{"not_picked":["Acrobatics","Slice+1","Sucker Punch"],"picked":"SKIP","floor":30},{"not_picked":["All Out Attack+1","Expertise+1"],"picked":"Crippling Poison","floor":31}],"player_experience":109405,"relics_obtained":[{"floor":6.0,"key":"Strawberry"},{"floor":8.0,"key":"Potion Belt"},{"floor":9,"key":"Tiny Chest"},{"floor":26,"key":"Gremlin Horn"},{"floor":30,"key":"Mango"},{"floor":30,"key":"The Specimen"}],"event_choices":[{"event_name":"Match and Keep!","player_choice":"1 cards matched","floor":2.0,"damage_taken":0.0},{"event_name":"Shining Light","player_choice":"Entered Light","floor":4.0,"damage_taken":0.0},{"event_name":"Duplicator","player_choice":"One dupe","floor":21,"damage_taken":0}],"boss_relics":[{"not_picked":["Orrery","Tiny House"],"picked":"Black Star"}],"items_purged_floors":[3,27],"is_endless":false,"potions_floor_spawned":[1,5,12,13,16,19,20,22,29,31],"killed_by":"Champ","ascension_level":1}