{"gold_per_floor":[118,43,59,59,74,74,74,90,145,220,236,29,39,52,52,126,126,143,157,82,94,94],"floor_reached":22,"playtime":599,"items_purged":["Strike_B","Defend_B"],"score":360,"play_id":"eb8711be-b741-40f1-89ae-8ad68f6fab97","local_time":"20190223161056","is_ascension_mode":true,"campfire_choices":[{"floor":6,"key":"REST"},{"floor":15,"key":"REST"}],"neow_cost":"PERCENT_DAMAGE","seed_source_timestamp":9088199612400,"circlet_count":0,"master_deck":["AscendersBane","Strike_B","Strike_B","Defend_B+1","Defend_B+1","Defend_B","Zap","Dualcast","Compile Driver","Leap","Genetic Algorithm","Conserve Battery","Cold Snap","Cold Snap","Defragment","Ball Lightning","Electrodynamics"],"relics":["Cracked Core","Nunchaku","Lantern","Velvet Choker"],"potions_floor_usage":[11,13,16,22,22],"damage_taken":[{"damage":12,"enemies":"Small Slimes","floor":1,"turns":4},{"damage":6,"enemies":"Jaw Worm","floor":3,"turns":4},{"damage":0,"enemies":"2 Louse","floor":5,"turns":2},{"damage":0,"enemies":"Looter","floor":8,"turns":4},{"damage":4,"enemies":"2 Fungi Beasts","floor":11,"turns":5},{"damage":0,"enemies":"Lots of Slimes","floor":13,"turns":2},{"damage":6,"enemies":"Red Slaver","floor":14,"turns":4},{"damage":15,"enemies":"The Guardian","floor":16,"turns":15},{"damage":8,"enemies":"Chosen","floor":18,"turns":5},{"damage":9,"enemies":"Shell Parasite","floor":19,"turns":6},{"damage":29,"enemies":"Shelled Parasite and Fungi","floor":21,"turns":4},{"damage":18,"enemies":"Snake Plant","floor":22,"turns":2}],"seed_played":"1005384050963325287","potions_obtained":[{"floor":8,"key":"Regen Potion"},{"floor":14,"key":"Block Potion"},{"floor":16,"key":"Swift Potion"},{"floor":18,"key":"Fire Potion"},{"floor":19,"key":"FocusPotion"}],"is_trial":false,"path_per_floor":["M","$","M","?","M","R","?","M","T","?","M","$","M","M","R","B",null,"M","M","?","M","M"],"character_chosen":"DEFECT","items_purchased":["Cold Snap","Explosive Potion"],"campfire_rested":2,"item_purchase_floors":[12,12],"current_hp_per_floor":[34,34,28,7,7,28,28,28,28,17,27,27,27,21,42,27,60,52,43,43,14,0],"gold":94,"neow_bonus":"ONE_RARE_RELIC","is_prod":false,"is_daily":false,"chose_seed":false,"campfire_upgraded":0,"win_rate":0,"timestamp":1550931056,"path_taken":["M","$","M","?","M","R","?","M","T","?","M","$","M","M","R","BOSS","M","M","?","M","M"],"build_version":"2019-01-23","purchased_purges":2,"victory":false,"max_hp_per_floor":[71,71,71,71,71,71,71,71,71,71,71,71,71,71,71,71,71,71,71,71,71,71],"card_choices":[{"not_picked":["Steam","Rebound"],"picked":"Compile Driver","floor":1},{"not_picked":["Rebound","Steam"],"picked":"Leap","floor":3},{"not_picked":["Rebound","Buffer"],"picked":"Genetic Algorithm","floor":5},{"not_picked":["Chill","Compile Driver"],"picked":"Conserve Battery","floor":8},{"not_picked":["Redo","Barrage"],"picked":"Cold Snap","floor":11},{"not_picked":["Consume","Ball Lightning"],"picked":"Defragment","floor":13},{"not_picked":["Leap","Beam Cell"],"picked":"Ball Lightning","floor":14},{"not_picked":["Creative AI","Thunder Strike"],"picked":"Electrodynamics","floor":16},{"not_picked":["Cold Snap","Conserve Battery","Streamline"],"picked":"SKIP","floor":18},{"not_picked":["Rebound","Leap","Melter"],"picked":"SKIP","floor":19},{"not_picked":["Leap","Beam Cell","Hologram"],"picked":"SKIP","floor":21}],"player_experience":914542,"relics_obtained":[{"floor":9,"key":"Lantern"}],"event_choices":[{"damage_healed":0,"gold_gain":0,"player_choice":"Entered Light","damage_taken":21,"max_hp_gain":0,"max_hp_loss":0,"event_name":"Shining Light","floor":4,"gold_loss":0,"cards_upgraded":["Defend_B","Defend_B"]},{"damage_healed":0,"gold_gain":0,"player_choice":"Fled","damage_taken":0,"max_hp_gain":0,"max_hp_loss":0,"event_name":"Scrap Ooze","floor":7,"gold_loss":0},{"damage_healed":0,"gold_gain":75,"player_choice":"Gather Gold","damage_taken":11,"max_hp_gain":0,"max_hp_loss":0,"event_name":"World of Goop","floor":10,"gold_loss":0},{"cards_removed":["Strike_B"],"damage_healed":0,"gold_gain":0,"player_choice":"Gave Gold","damage_taken":0,"max_hp_gain":0,"max_hp_loss":0,"event_name":"Beggar","floor":20,"gold_loss":75}],"is_beta":false,"boss_relics":[{"not_picked":["White Beast Statue","Coffee Dripper"],"picked":"Velvet Choker"}],"items_purged_floors":[2,12],"is_endless":false,"potions_floor_spawned":[8,14,16,18,19],"killed_by":"Snake Plant","ascension_level":20}