{"gold_per_floor":[115,115,115,390,410,444,444,47,47,47,47,63,86,117,117,117],"floor_reached":16,"playtime":450,"items_purged":[],"score":181,"play_id":"a941fa8a-19cb-4cf8-b6de-cb9f6f8f0cc3","local_time":"20190222083343","daily_mods":["Shiny","Heirloom","Time Dilation","Flight"],"is_ascension_mode":false,"campfire_choices":[{"floor":15,"key":"DIG"}],"neow_cost":"","seed_source_timestamp":0,"circlet_count":0,"master_deck":["Demon Form","Wraith Form v2","Echo Form","Echo Form","Wraith Form v2","Demon Form","strawberrySpire:Gammacceleration","Machine Learning","strawberrySpire:Refactor","Buffer","strawberrySpire:BiBeamBolt","strawberrySpire:Ronchyble","Seek","Echo Form","Reboot","Thunder Strike","strawberrySpire:AnotherWinter","Biased Cognition","Electrodynamics","conspire:Rain","Rainbow","Amplify","hubris:SpecializedCircuitry","Creative AI","Clumsy","Regret","hubris:PowerSurge","Reboot","strawberrySpire:NeonFlight"],"relics":["Snecko Eye","Turnip","Prayer Wheel","Replay:WaspNest","hubris:Icosahedron","halation:LettersToHer","strawberrySpire:MawJerky","aspiration:EnhancedActuators","strawberrySpire:Starfruit","Simple Rune","Shovel","Baseball"],"potions_floor_usage":[],"damage_taken":[{"damage":0,"enemies":"2 Louse","floor":1,"turns":3},{"damage":1,"enemies":"Jaw Worm","floor":5,"turns":5},{"damage":6,"enemies":"Gremlin Nob","floor":6,"turns":3},{"damage":0,"enemies":"Cultist","floor":12,"turns":3},{"damage":13,"enemies":"3 Sentries","floor":14,"turns":5},{"damage":0,"enemies":"Slime Boss","floor":16,"turns":1}],"seed_played":"7039414240361924815","potions_obtained":[{"floor":6,"key":"Strength Potion"},{"floor":14,"key":"AttackPotion"}],"is_trial":true,"path_per_floor":["M","$","?","?","M","E","?","$","T","$","R","M","T","E","R","B"],"character_chosen":"DEFECT","items_purchased":["halation:LettersToHer","Fruit Juice","strawberrySpire:MawJerky"],"campfire_rested":0,"item_purchase_floors":[8,8,8],"current_hp_per_floor":[75,75,75,75,74,68,68,68,68,68,80,80,80,73,73,73],"gold":117,"neow_bonus":"","is_prod":false,"is_daily":false,"chose_seed":false,"campfire_upgraded":0,"win_rate":0,"timestamp":1550784823,"path_taken":["M","$","?","?","?","E","?","$","T","?","R","?","?","E","R","BOSS"],"build_version":"2019-01-23","purchased_purges":0,"victory":false,"max_hp_per_floor":[75,75,75,75,75,75,75,75,75,75,87,87,87,93,93,93],"card_choices":[{"not_picked":["Coolheaded","strawberrySpire:Adapter","Compile Driver"],"picked":"SKIP","floor":1},{"not_picked":["Coolheaded","Barrage","strawberrySpire:Adapter"],"picked":"SKIP","floor":1},{"not_picked":["Storm","Redo"],"picked":"hubris:PowerSurge","floor":5},{"not_picked":["Redo","Conserve Battery","Stack"],"picked":"SKIP","floor":5},{"not_picked":["Barrage","Chaos","Ball Lightning"],"picked":"SKIP","floor":6},{"not_picked":["Hologram","strawberrySpire:Adapter"],"picked":"Reboot","floor":12},{"not_picked":["Redo","Cold Snap","Compile Driver"],"picked":"SKIP","floor":12},{"not_picked":["strawberrySpire:NeonFlight","Genetic Algorithm","Loop"],"picked":"SKIP","floor":14},{"not_picked":["Genetic Algorithm","Loop"],"picked":"strawberrySpire:NeonFlight","floor":14}],"player_experience":385756,"relics_obtained":[{"floor":6,"key":"Replay:WaspNest"},{"floor":9,"key":"halation:LettersToHer"},{"floor":9,"key":"aspiration:EnhancedActuators"},{"floor":11,"key":"strawberrySpire:Starfruit"},{"floor":13,"key":"halation:LettersToHer"},{"floor":13,"key":"Simple Rune"},{"floor":14,"key":"Shovel"},{"floor":15,"key":"Baseball"}],"event_choices":[{"damage_healed":0,"gold_gain":275,"player_choice":"Desecrate","damage_taken":0,"max_hp_gain":0,"max_hp_loss":0,"event_name":"Golden Shrine","floor":4,"gold_loss":0,"cards_obtained":["Regret"]}],"is_beta":false,"boss_relics":[],"items_purged_floors":[],"is_endless":true,"potions_floor_spawned":[6,14],"killed_by":"Slime Boss","ascension_level":0}