{"gold_per_floor":[110,110,110,124,138,170,170,186,210,210,210,230,261,278,278,382,382,322,146,146,157,175,175,204,220,301,301,301,301],"floor_reached":29,"playtime":2819,"items_purged":["Strike_G"],"score":253,"play_id":"93272b03-5f32-4db9-affe-c2acb902348b","local_time":"20180702185310","is_ascension_mode":false,"campfire_choices":[{"floor":7.0,"key":"REST"},{"floor":10,"key":"REST"},{"floor":15,"key":"REST"},{"floor":23,"key":"REST"},{"floor":27,"key":"REST"}],"neow_cost":"","seed_source_timestamp":0,"circlet_count":0,"master_deck":["Defend_G","Defend_G","Defend_G","Defend_G","Defend_G","Survivor","Neutralize","Slice","Bouncing Flask","Quick Slash","Footwork","Deadly Poison","All Out Attack","Deadly Poison","Distraction","Venomology","Eviscerate+1","Noxious Fumes+1","Reflex+1","Acrobatics","Dramatic Entrance","Distraction","Distraction+1","Predator+1","Flechettes+1"],"special_seed":0,"relics":["Ring of the Snake","Juzu Bracelet","Strawberry","Bag of Preparation","Letter Opener","Astrolabe","Omamori","Darkstone Periapt"],"potions_floor_usage":[8,18,21,22,22,24,24,29],"damage_taken":[{"damage":3.0,"enemies":"2 Louse","floor":1.0,"turns":5.0},{"damage":0.0,"enemies":"Small Slimes","floor":4.0,"turns":5.0},{"damage":0.0,"enemies":"Cultist","floor":5.0,"turns":3.0},{"damage":41.0,"enemies":"Gremlin Nob","floor":6.0,"turns":5.0},{"damage":6,"enemies":"Lots of Slimes","floor":8,"turns":3},{"damage":10,"enemies":"Looter","floor":12,"turns":4},{"damage":27,"enemies":"Lagavulin","floor":13,"turns":7},{"damage":1,"enemies":"Large Slime","floor":14,"turns":4},{"damage":24,"enemies":"The Guardian","floor":16,"turns":9},{"damage":16,"enemies":"2 Thieves","floor":18,"turns":4},{"damage":10,"enemies":"3 Byrds","floor":21,"turns":5},{"damage":19,"enemies":"Cultist and Chosen","floor":22,"turns":8},{"damage":43,"enemies":"Slavers","floor":24,"turns":4},{"damage":16,"enemies":"Snake Plant","floor":25,"turns":4},{"damage":28,"enemies":"Book of Stabbing","floor":29,"turns":5}],"seed_played":"-5484646950554280804","potions_obtained":[{"floor":1.0,"key":"Explosive Potion"},{"floor":6.0,"key":"Weak Potion"},{"floor":8,"key":"SteroidPotion"},{"floor":11,"key":"Fruit Juice"},{"floor":11,"key":"SpeedPotion"},{"floor":12,"key":"Ancient Potion"},{"floor":21,"key":"SpeedPotion"}],"is_trial":false,"path_per_floor":["M","?","?","M","M","E","R","M","T","R","?","M","E","M","R","B",null,"M","$","?","M","M","R","E","M","T","R","?"],"character_chosen":"THE_SILENT","items_purchased":["Dramatic Entrance"],"campfire_rested":5,"item_purchase_floors":[19],"current_hp_per_floor":[67,67,60,60,60,26,49,43,43,66,66,56,29,28,51,27,77,66,66,66,56,37,61,18,2,2,26,26,0],"gold":301,"neow_bonus":"","is_prod":false,"is_daily":false,"chose_seed":false,"campfire_upgraded":0,"win_rate":0.0,"timestamp":1530550390,"path_taken":["M","?","?","M","M","E","R","M","T","R","?","M","E","M","R","BOSS","M","$","?","M","M","R","E","M","T","R","?","E"],"build_version":"2018-06-28","purchased_purges":1,"victory":false,"max_hp_per_floor":[70,70,70,70,70,77,77,77,77,77,77,77,77,77,77,77,77,82,82,82,82,82,82,82,82,82,82,82,82],"card_choices":[{"not_picked":["Flechettes","Outmaneuver"],"picked":"Slice","floor":1.0},{"not_picked":["Deadly Poison","Escape Plan"],"picked":"Bouncing Flask","floor":4.0},{"not_picked":["Well Laid Plans","Choke"],"picked":"Quick Slash","floor":5.0},{"not_picked":["Quick Slash","Deflect"],"picked":"Footwork","floor":6.0},{"not_picked":["Deflect","Poisoned Stab"],"picked":"Deadly Poison","floor":8},{"not_picked":["Prepared","Dodge and Roll"],"picked":"All Out Attack","floor":12},{"not_picked":["Dagger Throw","Predator"],"picked":"Deadly Poison","floor":13},{"not_picked":["Malaise","Prepared"],"picked":"Distraction","floor":14},{"not_picked":["Phantasmal Killer","Envenom"],"picked":"Venomology","floor":16},{"not_picked":["Flying Knee","Prepared"],"picked":"Acrobatics","floor":18},{"not_picked":["Outmaneuver","Crippling Poison"],"picked":"Distraction","floor":21},{"not_picked":["Poisoned Stab+1","Underhanded Strike"],"picked":"Distraction+1","floor":22},{"not_picked":["Underhanded Strike","Quick Slash+1"],"picked":"Predator+1","floor":24},{"not_picked":["Backflip","Deflect"],"picked":"Flechettes+1","floor":25}],"player_experience":13030,"relics_obtained":[{"floor":6.0,"key":"Strawberry"},{"floor":9,"key":"Bag of Preparation"},{"floor":13,"key":"Letter Opener"},{"floor":24,"key":"Omamori"},{"floor":26,"key":"Darkstone Periapt"}],"event_choices":[{"event_name":"Big Fish","player_choice":"Box","floor":2.0,"damage_taken":0.0},{"event_name":"Golden Wing","player_choice":"Card Removal","floor":3.0,"damage_taken":0.0},{"event_name":"The Lab","player_choice":"Got Potions","floor":11,"damage_taken":0},{"event_name":"Vampires","player_choice":"Ignored","floor":20,"damage_taken":0},{"event_name":"Back to Basics","player_choice":"Elegance","floor":28,"damage_taken":0}],"boss_relics":[{"not_picked":["Black Star","Eternal Feather"],"picked":"Astrolabe"}],"items_purged_floors":[19],"is_endless":false,"potions_floor_spawned":[1,6,8,12,14,21],"killed_by":"Book of Stabbing","ascension_level":0}