{"gold_per_floor":[115,126,25,37,212,212,212,44,44,44,63,63,28,47,47,147,147,157,157,259,286,298],"floor_reached":22,"playtime":1059,"items_purged":["Injury"],"score":174,"play_id":"9e2c565d-a363-464b-87dc-c3460d94fad2","local_time":"20190117044914","is_ascension_mode":false,"campfire_choices":[{"data":"Terror","floor":6,"key":"SMITH"},{"data":"Blade Dance","floor":10,"key":"SMITH"},{"data":"Neutralize","floor":12,"key":"SMITH"},{"data":"Noxious Fumes","floor":15,"key":"SMITH"}],"neow_cost":"CURSE","seed_source_timestamp":29639030230241,"circlet_count":0,"master_deck":["Defend_G","Defend_G","Defend_G","Defend_G","Defend_G","Strike_G","Strike_G","Strike_G","Strike_G","Strike_G","Survivor","Neutralize+1","Finesse","Mind Blast","Flying Knee","Flying Knee","Slice","Terror+1","Blade Dance+1","Deflect","Noxious Fumes+1","Envenom","Skewer","Dramatic Entrance","Panacea","Noxious Fumes"],"relics":["Ring of the Snake","Bag of Preparation","Boot","White Beast Statue","MawBank"],"potions_floor_usage":[16,16,21,22],"damage_taken":[{"damage":0,"enemies":"2 Louse","floor":1,"turns":3},{"damage":0,"enemies":"Small Slimes","floor":2,"turns":3},{"damage":7,"enemies":"Cultist","floor":4,"turns":4},{"damage":10,"enemies":"Exordium Thugs","floor":11,"turns":3},{"damage":0,"enemies":"Looter","floor":14,"turns":2},{"damage":35,"enemies":"Hexaghost","floor":16,"turns":10},{"damage":20,"enemies":"3 Byrds","floor":18,"turns":5},{"damage":3,"enemies":"Shell Parasite","floor":21,"turns":4},{"damage":22,"enemies":"Centurion and Healer","floor":22,"turns":6}],"seed_played":"-4101114969137935181","potions_obtained":[{"floor":1,"key":"FearPotion"},{"floor":2,"key":"SkillPotion"},{"floor":11,"key":"Swift Potion"},{"floor":18,"key":"Ancient Potion"},{"floor":21,"key":"Ancient Potion"}],"is_trial":false,"path_per_floor":["M","M","$","M","?","R","?","$","T","R","M","R","?","M","R","B",null,"M","?","?","M","M"],"character_chosen":"THE_SILENT","items_purchased":["Slice","Bag of Preparation","Blade Dance"],"campfire_rested":0,"item_purchase_floors":[3,8,8],"current_hp_per_floor":[70,70,70,63,63,63,56,56,56,56,46,46,63,63,63,28,70,50,50,22,19,0],"gold":298,"neow_bonus":"RANDOM_COLORLESS_2","is_prod":false,"is_daily":false,"chose_seed":false,"campfire_upgraded":4,"win_rate":0.0,"timestamp":1547718554,"path_taken":["M","M","$","M","?","R","?","$","T","R","M","R","?","M","R","BOSS","M","?","?","?","M"],"build_version":"2019-01-10","purchased_purges":1,"victory":false,"max_hp_per_floor":[70,70,70,70,70,70,70,70,70,70,70,70,70,70,70,70,70,70,70,70,70,70],"card_choices":[{"not_picked":["Sucker Punch","Underhanded Strike"],"picked":"Flying Knee","floor":1},{"not_picked":["PiercingWail","Outmaneuver"],"picked":"Flying Knee","floor":2},{"not_picked":["Dodge and Roll","Blade Dance"],"picked":"Terror","floor":4},{"not_picked":["Dagger Spray","Flying Knee"],"picked":"Deflect","floor":11},{"not_picked":["Backflip","Outmaneuver"],"picked":"Noxious Fumes","floor":14},{"not_picked":["Glass Knife","Phantasmal Killer"],"picked":"Envenom","floor":16},{"not_picked":["Catalyst+1","Dagger Spray"],"picked":"Skewer","floor":18},{"not_picked":["Predator","Catalyst+1"],"picked":"Noxious Fumes","floor":21}],"player_experience":70826,"relics_obtained":[{"floor":9,"key":"Boot"}],"event_choices":[{"damage_healed":0,"gold_gain":175,"player_choice":"AGREE","damage_taken":0,"max_hp_gain":0,"max_hp_loss":0,"event_name":"Liars Game","floor":5,"gold_loss":0,"cards_obtained":["Doubt"]},{"cards_removed":["Doubt"],"damage_healed":0,"gold_gain":0,"player_choice":"Card Removal","damage_taken":7,"max_hp_gain":0,"max_hp_loss":0,"event_name":"Golden Wing","floor":7,"gold_loss":0},{"damage_healed":17,"gold_gain":0,"player_choice":"Healed","damage_taken":0,"max_hp_gain":0,"max_hp_loss":0,"event_name":"The Cleric","floor":13,"gold_loss":35},{"damage_healed":0,"gold_gain":0,"player_choice":"Opened","damage_taken":0,"relics_obtained":["MawBank"],"max_hp_gain":0,"max_hp_loss":0,"event_name":"The Mausoleum","floor":19,"gold_loss":0},{"damage_healed":0,"gold_gain":90,"player_choice":"CARD GOLD CARD ","damage_taken":28,"max_hp_gain":0,"max_hp_loss":0,"event_name":"Knowing Skull","floor":20,"potions_obtained":[],"gold_loss":0,"cards_obtained":["Dramatic Entrance","Panacea"]}],"is_beta":false,"boss_relics":[{"not_picked":["Snecko Eye","Runic Dome"],"picked":"White Beast Statue"}],"items_purged_floors":[3],"is_endless":false,"potions_floor_spawned":[1,2,11,18,21],"killed_by":"Centurion and Healer","ascension_level":0}