{"gold_per_floor":[113,113,132,7,7,35,51,80,107,135,135,152,13,13,13,92,92,107,107,121,139,54,54,9,9,9,9,22,22],"floor_reached":29,"playtime":824,"items_purged":["Strike_B","Strike_B"],"score":466,"play_id":"776d83bb-8466-497d-a091-d1c832964883","local_time":"20190216133435","is_ascension_mode":true,"campfire_choices":[{"floor":15,"key":"REST"},{"data":"Zap","floor":23,"key":"SMITH"},{"data":"Dualcast","floor":25,"key":"SMITH"},{"data":"Chaos","floor":27,"key":"SMITH"}],"neow_cost":"NONE","seed_source_timestamp":321395649953556,"circlet_count":0,"master_deck":["AscendersBane","Zap+1","Dualcast+1","Sweeping Beam","Conserve Battery","Coolheaded","Sweeping Beam","Rebound","Chaos+1","Glacier","Darkness","Doom and Gloom","Turbo","Electrodynamics","Steam Power","Hologram","Hologram","Turbo","Capacitor","Recycle+1","Ball Lightning","Core Surge"],"relics":["Cracked Core","NeowsBlessing","Bronze Scales","Juzu Bracelet","Strawberry","Bottled Lightning","Pandora\u0027s Box","Bag of Preparation","Kunai"],"potions_floor_usage":[10,21,29],"damage_taken":[{"damage":0,"enemies":"Small Slimes","floor":1,"turns":1},{"damage":0,"enemies":"Cultist","floor":3,"turns":1},{"damage":0,"enemies":"Lagavulin","floor":6,"turns":2},{"damage":0,"enemies":"2 Louse","floor":7,"turns":2},{"damage":24,"enemies":"3 Sentries","floor":8,"turns":6},{"damage":32,"enemies":"Lagavulin","floor":10,"turns":6},{"damage":11,"enemies":"Large Slime","floor":12,"turns":3},{"damage":26,"enemies":"Slime Boss","floor":16,"turns":8},{"damage":1,"enemies":"3 Byrds","floor":18,"turns":3},{"damage":14,"enemies":"Spheric Guardian","floor":20,"turns":4},{"damage":22,"enemies":"Centurion and Healer","floor":21,"turns":8},{"damage":1,"enemies":"Sentry and Sphere","floor":28,"turns":3},{"damage":30,"enemies":"Slavers","floor":29,"turns":4}],"seed_played":"-8826575356210097306","potions_obtained":[{"floor":6,"key":"AttackPotion"},{"floor":7,"key":"Weak Potion"},{"floor":8,"key":"FocusPotion"},{"floor":10,"key":"Energy Potion"}],"is_trial":false,"path_per_floor":["M","?","M","$","?","E","M","E","T","E","?","M","$","?","R","B",null,"M","?","M","M","?","R","$","R","T","R","M","E"],"character_chosen":"DEFECT","items_purchased":["Coolheaded","Doom and Gloom","Ball Lightning"],"campfire_rested":1,"item_purchase_floors":[4,13,24],"current_hp_per_floor":[64,71,71,71,71,71,71,47,54,22,27,16,16,16,40,14,66,65,65,51,29,29,29,29,29,29,29,28,0],"gold":22,"neow_bonus":"THREE_ENEMY_KILL","is_prod":false,"is_daily":false,"chose_seed":false,"campfire_upgraded":3,"win_rate":0,"timestamp":1550345675,"path_taken":["M","?","?","$","?","E","M","E","T","E","?","M","$","?","R","BOSS","M","?","M","M","?","R","$","R","T","R","M","E"],"build_version":"2019-01-23","purchased_purges":2,"victory":false,"max_hp_per_floor":[71,71,71,71,71,71,71,71,78,78,83,83,83,83,83,83,83,83,83,83,83,83,83,83,83,83,83,83,83],"card_choices":[{"not_picked":["Beam Cell","Consume"],"picked":"Sweeping Beam","floor":1},{"not_picked":["Heatsinks","Genetic Algorithm"],"picked":"Conserve Battery","floor":3},{"not_picked":["Rebound","Gash"],"picked":"Sweeping Beam","floor":6},{"not_picked":["Compile Driver","Auto Shields"],"picked":"Rebound","floor":7},{"not_picked":["Barrage","Biased Cognition"],"picked":"Chaos","floor":8},{"not_picked":["Hello World","Go for the Eyes"],"picked":"Glacier","floor":10},{"not_picked":["Barrage","Tempest"],"picked":"Darkness","floor":12},{"not_picked":["Seek","Machine Learning"],"picked":"Electrodynamics","floor":16},{"not_picked":["Compile Driver","Hologram","Reprogram+1"],"picked":"SKIP","floor":18},{"not_picked":["Reprogram","Scrape+1"],"picked":"Capacitor","floor":20},{"not_picked":["Lockon","Barrage"],"picked":"Recycle+1","floor":21},{"not_picked":["Hologram","Streamline+1"],"picked":"Core Surge","floor":28}],"player_experience":188475,"relics_obtained":[{"floor":6,"key":"Bronze Scales"},{"floor":8,"key":"Juzu Bracelet"},{"floor":9,"key":"Strawberry"},{"floor":10,"key":"Bottled Lightning"},{"floor":26,"key":"Kunai"}],"event_choices":[{"damage_healed":7,"gold_gain":0,"player_choice":"Full Heal","damage_taken":0,"max_hp_gain":0,"max_hp_loss":0,"event_name":"Wheel of Change","floor":2,"gold_loss":0},{"damage_healed":0,"gold_gain":0,"player_choice":"Leave","damage_taken":0,"max_hp_gain":0,"max_hp_loss":0,"event_name":"The Cleric","floor":5,"gold_loss":0},{"damage_healed":0,"gold_gain":0,"player_choice":"Donut","damage_taken":0,"max_hp_gain":5,"max_hp_loss":0,"event_name":"Big Fish","floor":11,"gold_loss":0},{"damage_healed":0,"gold_gain":0,"cards_transformed":["Strike_B"],"player_choice":"Transformed","damage_taken":0,"max_hp_gain":0,"max_hp_loss":0,"event_name":"Transmorgrifier","floor":14,"gold_loss":0,"cards_obtained":["Turbo"]},{"cards_removed":["Streamline"],"damage_healed":0,"gold_gain":0,"player_choice":"Elegance","damage_taken":0,"max_hp_gain":0,"max_hp_loss":0,"event_name":"Back to Basics","floor":19,"gold_loss":0},{"damage_healed":0,"gold_gain":0,"player_choice":"Obtained Relic","damage_taken":0,"relics_obtained":["Bag of Preparation"],"max_hp_gain":0,"max_hp_loss":0,"event_name":"Addict","floor":22,"gold_loss":85}],"is_beta":false,"boss_relics":[{"not_picked":["Philosopher\u0027s Stone","Ectoplasm"],"picked":"Pandora\u0027s Box"}],"items_purged_floors":[4,13],"is_endless":false,"potions_floor_spawned":[6,7,8,10,20],"killed_by":"Slavers","ascension_level":15}