{"gold_per_floor":[365,240,257,257,257,296,296,327,350,350,373,32,48,61,61,61],"floor_reached":16,"playtime":420,"items_purged":["Shame","Defend_R"],"score":143,"play_id":"35f0766f-83bb-44ae-8c99-5369e0e3c3f6","local_time":"20190118021056","is_ascension_mode":true,"campfire_choices":[{"data":"Whirlwind","floor":7,"key":"SMITH"},{"data":"Flex","floor":10,"key":"SMITH"},{"floor":15,"key":"REST"}],"neow_cost":"CURSE","seed_source_timestamp":29904676633495,"circlet_count":0,"master_deck":["Strike_R","Strike_R","Strike_R","Strike_R+1","Strike_R+1","Defend_R+1","Defend_R+1","Defend_R","Bash","Carnage","Flex+1","Anger","Whirlwind+1","Armaments","Twin Strike","Cleave"],"special_seed":0,"relics":["Burning Blood","Golden Idol","War Paint","Boot","Bag of Preparation","Ornamental Fan"],"potions_floor_usage":[],"damage_taken":[{"damage":6.0,"enemies":"Cultist","floor":1.0,"turns":3.0},{"damage":12.0,"enemies":"Jaw Worm","floor":3.0,"turns":2.0},{"damage":16,"enemies":"Gremlin Nob","floor":6,"turns":3},{"damage":19,"enemies":"3 Sentries","floor":8,"turns":6},{"damage":0,"enemies":"2 Louse","floor":11,"turns":2},{"damage":9,"enemies":"Blue Slaver","floor":13,"turns":2},{"damage":0,"enemies":"3 Louse","floor":14,"turns":2},{"damage":63,"enemies":"The Guardian","floor":16,"turns":8}],"seed_played":"-9161493475018824953","potions_obtained":[{"floor":1.0,"key":"SpeedPotion"},{"floor":8,"key":"Regen Potion"},{"floor":11,"key":"Swift Potion"}],"is_trial":false,"path_per_floor":["M","$","M","?","?","E","R","E","T","R","M","$","M","M","R","B"],"character_chosen":"IRONCLAD","items_purchased":["Flex","Ornamental Fan"],"campfire_rested":1,"item_purchase_floors":[2,12],"current_hp_per_floor":[72,72,66,66,51,41,41,28,28,28,34,34,31,37,59,0],"gold":61,"neow_bonus":"TWO_FIFTY_GOLD","is_prod":false,"is_daily":false,"chose_seed":false,"campfire_upgraded":2,"win_rate":0,"timestamp":1547799056,"path_taken":["M","$","M","?","?","E","R","E","T","R","M","$","M","M","R","BOSS"],"build_version":"2019-01-17","purchased_purges":2,"victory":false,"max_hp_per_floor":[80,80,80,74,74,74,74,74,74,74,74,74,74,74,74,74],"card_choices":[{"not_picked":["Power Through","Combust"],"picked":"Carnage","floor":1.0},{"not_picked":["Cleave","Ghostly Armor"],"picked":"Anger","floor":3.0},{"not_picked":["True Grit","Rampage"],"picked":"Whirlwind","floor":6},{"not_picked":["Havoc","Intimidate"],"picked":"Armaments","floor":8},{"not_picked":["Cleave","Havoc"],"picked":"Twin Strike","floor":11},{"not_picked":["Havoc","Dropkick","Armaments"],"picked":"SKIP","floor":13},{"not_picked":["Bloodletting","Iron Wave"],"picked":"Cleave","floor":14}],"player_experience":112447,"relics_obtained":[{"floor":6,"key":"War Paint"},{"floor":8,"key":"Boot"},{"floor":9,"key":"Bag of Preparation"}],"event_choices":[{"damage_healed":0.0,"max_hp_gain":0.0,"max_hp_loss":6.0,"gold_gain":0.0,"event_name":"Golden Idol","player_choice":"Lose Max HP","floor":4.0,"gold_loss":0.0,"damage_taken":0.0,"relics_obtained":["Golden Idol"]},{"damage_healed":0.0,"max_hp_gain":0.0,"max_hp_loss":0.0,"gold_gain":0.0,"event_name":"Shining Light","player_choice":"Entered Light","floor":5.0,"gold_loss":0.0,"damage_taken":15.0,"cards_upgraded":["Strike_R","Strike_R"]}],"is_beta":false,"boss_relics":[],"items_purged_floors":[2,12],"is_endless":false,"potions_floor_spawned":[1,8,11],"killed_by":"The Guardian","ascension_level":6}