{"gold_per_floor":[118,118,40,53,66,66,98,98,98,125,125,144,144],"floor_reached":13,"playtime":697,"items_purged":[],"score":149,"play_id":"d0cf2c64-e06d-4c3e-9e71-0e74c6360491","local_time":"20180915173442","is_ascension_mode":true,"campfire_choices":[{"data":"Zap","floor":6,"key":"SMITH"},{"data":"Self Repair","floor":8,"key":"SMITH"}],"neow_cost":"","seed_source_timestamp":0,"circlet_count":0,"master_deck":["Strike_B","Strike_B","Strike_B","Strike_B","Defend_B","Defend_B","Defend_B","Defend_B","Zap+1","Dualcast","AscendersBane","Gash","Self Repair+1","Gash","Steam","Recycle","Self Repair"],"special_seed":0,"relics":["Cracked Core","Matryoshka","Letter Opener","Kunai","Molten Egg 2","Gremlin Horn"],"potions_floor_usage":[7,7,7,10,13],"damage_taken":[{"damage":13.0,"enemies":"Jaw Worm","floor":1.0,"turns":4.0},{"damage":1.0,"enemies":"Cultist","floor":4.0,"turns":4.0},{"damage":0,"enemies":"Small Slimes","floor":5,"turns":3},{"damage":24,"enemies":"Gremlin Nob","floor":7,"turns":4},{"damage":20,"enemies":"3 Sentries","floor":10,"turns":4},{"damage":33,"enemies":"Exordium Thugs","floor":12,"turns":5},{"damage":27,"enemies":"Gremlin Nob","floor":13,"turns":3}],"seed_played":"-90863235442455842","potions_obtained":[{"floor":1.0,"key":"Explosive Potion"},{"floor":2.0,"key":"EntropicBrew"},{"floor":7,"key":"Explosive Potion"},{"floor":10,"key":"Energy Potion"}],"is_trial":false,"path_per_floor":["M","?","$","M","M","R","E","R","T","E","?","M"],"character_chosen":"DEFECT","items_purchased":["Self Repair"],"campfire_rested":0,"item_purchase_floors":[3],"current_hp_per_floor":[55,55,55,61,68,68,51,51,51,41,41,18,0],"gold":144,"neow_bonus":"","is_prod":false,"is_daily":false,"chose_seed":false,"campfire_upgraded":2,"win_rate":0,"timestamp":1537025682,"path_taken":["M","?","?","M","M","R","E","R","T","E","?","M","E"],"build_version":"2018-09-06","purchased_purges":0,"victory":false,"max_hp_per_floor":[75,75,75,75,75,75,75,75,75,75,75,75,75],"card_choices":[{"not_picked":["Stack","Cold Snap"],"picked":"Gash","floor":1.0},{"not_picked":["Hologram","Steam Power"],"picked":"Gash","floor":4},{"not_picked":["Coolheaded","Chill"],"picked":"Steam","floor":5},{"not_picked":["Thunder Strike","Conserve Battery"],"picked":"Recycle","floor":7},{"not_picked":["Sweeping Beam","Loop","Consume"],"picked":"SKIP","floor":10},{"not_picked":["Darkness","Steam"],"picked":"Self Repair","floor":12}],"player_experience":404130,"relics_obtained":[{"floor":7,"key":"Matryoshka"},{"floor":9,"key":"Letter Opener"},{"floor":9,"key":"Kunai"},{"floor":10,"key":"Molten Egg 2"}],"event_choices":[{"event_name":"The Lab","player_choice":"Got Potions","floor":2.0,"damage_taken":0.0},{"event_name":"Dead Adventurer","player_choice":"Searched \u00272\u0027 times","floor":11,"damage_taken":0}],"is_beta":false,"boss_relics":[],"items_purged_floors":[],"is_endless":false,"potions_floor_spawned":[1,7,10],"killed_by":"Gremlin Nob","ascension_level":12}