{"gold_per_floor":[109,109,34,46,65,65,94,111,181,240,252,252],"floor_reached":12,"playtime":915,"items_purged":["Strike_R"],"score":95,"play_id":"7017c3b4-de37-424f-ac39-9e0def94775a","local_time":"20190204204025","is_ascension_mode":true,"campfire_choices":[{"floor":6,"key":"RECALL"}],"neow_cost":"NONE","seed_source_timestamp":1416406273654660,"circlet_count":0,"master_deck":["Strike_R","Strike_R","Strike_R","Strike_R","Defend_R","Defend_R","Defend_R","Defend_R","Bash","Exhume","Rampage","Body Slam","Limit Break","Intimidate"],"relics":["Burning Blood","Calipers","Tiny Chest"],"potions_floor_usage":[7,10,10,12],"damage_taken":[{"damage":5,"enemies":"Small Slimes","floor":1,"turns":4},{"damage":1,"enemies":"Cultist","floor":4,"turns":4},{"damage":1,"enemies":"2 Louse","floor":5,"turns":4},{"damage":28,"enemies":"3 Sentries","floor":7,"turns":9},{"damage":12,"enemies":"2 Fungi Beasts","floor":8,"turns":4},{"damage":14,"enemies":"Lagavulin","floor":10,"turns":5},{"damage":21,"enemies":"3 Louse","floor":11,"turns":4},{"damage":35,"enemies":"3 Sentries","floor":12,"turns":7}],"seed_played":"8286471765570924601","potions_obtained":[{"floor":1,"key":"Weak Potion"},{"floor":2,"key":"Poison Potion"},{"floor":2,"key":"Fire Potion"},{"floor":5,"key":"PowerPotion"},{"floor":8,"key":"Block Potion"}],"is_trial":false,"path_per_floor":["M","?","$","M","M","R","E","M","T","E","M","E"],"character_chosen":"IRONCLAD","items_purchased":[],"campfire_rested":0,"item_purchase_floors":[],"current_hp_per_floor":[80,80,80,80,80,80,58,52,52,44,29,0],"gold":252,"neow_bonus":"ONE_RANDOM_RARE_CARD","is_prod":false,"is_daily":false,"chose_seed":false,"campfire_upgraded":0,"win_rate":0,"timestamp":1549309225,"path_taken":["M","?","$","M","?","R","E","M","T","E","M","E"],"build_version":"2019-01-23","purchased_purges":1,"victory":false,"max_hp_per_floor":[80,80,80,80,80,80,80,80,80,80,80,80],"card_choices":[{"not_picked":["Feel No Pain","Sword Boomerang","Perfected Strike"],"picked":"SKIP","floor":1},{"not_picked":["True Grit","Cleave"],"picked":"Rampage","floor":4},{"not_picked":["Seeing Red","Infernal Blade","Sever Soul"],"picked":"SKIP","floor":5},{"not_picked":["Burning Pact","Iron Wave"],"picked":"Body Slam","floor":7},{"not_picked":["Sentinel","Clash","Dropkick"],"picked":"SKIP","floor":8},{"not_picked":["Feel No Pain","Headbutt"],"picked":"Limit Break","floor":10},{"not_picked":["Searing Blow","Burning Pact"],"picked":"Intimidate","floor":11}],"player_experience":166111,"relics_obtained":[{"floor":7,"key":"Calipers"},{"floor":10,"key":"Tiny Chest"}],"event_choices":[{"damage_healed":0,"gold_gain":0,"player_choice":"Got Potions","damage_taken":0,"max_hp_gain":0,"max_hp_loss":0,"event_name":"Lab","floor":2,"gold_loss":0}],"is_beta":false,"boss_relics":[],"items_purged_floors":[3],"is_endless":false,"potions_floor_spawned":[1,5,8],"killed_by":"3 Sentries","ascension_level":1}