{"gold_per_floor":[110,126,126,138,156,156,173,186,186,186,186,200,267,284,284,389,389,405,455,6,16,34,59,59,32,80,80,230,280,280,293,293,293],"floor_reached":33,"playtime":1209,"items_purged":["Regret"],"score":336,"play_id":"ea2095b0-55e8-4262-8f5a-9c0a1ce5aaa2","local_time":"20190120042747","is_ascension_mode":false,"campfire_choices":[{"data":"Hologram","floor":6,"key":"SMITH"},{"floor":15,"key":"REST"},{"floor":24,"key":"REST"},{"floor":27,"key":"REST"},{"floor":30,"key":"REST"},{"floor":32,"key":"REST"}],"neow_cost":"NONE","seed_source_timestamp":287409763548830,"circlet_count":0,"master_deck":["Strike_B","Strike_B","Strike_B","Strike_B","Defend_B","Defend_B","Defend_B","Zap+1","Dualcast","Melter","Hologram+1","Thunder Strike","Rebound","Steam","Tempest","White Noise","Double Energy","Self Repair","Ball Lightning","Core Surge","Regret","Pain","Streamline","Turbo+1","Conserve Battery+1","Electrodynamics","Aggregate","Go for the Eyes+1","Force Field"],"relics":["Cracked Core","Unceasing Top","Blood Vial","SsserpentHead","Calling Bell","Bag of Preparation","The Courier","Mango","Molten Egg 2","Symbiotic Virus","Shuriken","Omamori","FossilizedHelix","Question Card","MutagenicStrength"],"potions_floor_usage":[5,13,16,22,23,28,33],"damage_taken":[{"damage":2,"enemies":"Small Slimes","floor":1,"turns":3},{"damage":1,"enemies":"Cultist","floor":2,"turns":3},{"damage":8,"enemies":"Jaw Worm","floor":4,"turns":3},{"damage":20,"enemies":"Large Slime","floor":5,"turns":5},{"damage":3,"enemies":"2 Fungi Beasts","floor":7,"turns":3},{"damage":14,"enemies":"Blue Slaver","floor":8,"turns":3},{"damage":0,"enemies":"Exordium Wildlife","floor":12,"turns":3},{"damage":5,"enemies":"Exordium Thugs","floor":13,"turns":4},{"damage":4,"enemies":"Looter","floor":14,"turns":2},{"damage":0,"enemies":"Slime Boss","floor":16,"turns":6},{"damage":10,"enemies":"Chosen","floor":18,"turns":4},{"damage":25,"enemies":"2 Thieves","floor":21,"turns":3},{"damage":0,"enemies":"Snake Plant","floor":22,"turns":3},{"damage":55,"enemies":"Gremlin Leader","floor":23,"turns":6},{"damage":22,"enemies":"Colosseum Slavers","floor":28,"turns":3},{"damage":41,"enemies":"Colosseum Nobs","floor":28,"turns":4},{"damage":0,"enemies":"Chosen and Byrds","floor":31,"turns":3},{"damage":79,"enemies":"Automaton","floor":33,"turns":6}],"seed_played":"9050749815668645108","potions_obtained":[{"floor":1,"key":"Swift Potion"},{"floor":4,"key":"AttackPotion"},{"floor":7,"key":"SpeedPotion"},{"floor":8,"key":"FearPotion"},{"floor":14,"key":"Block Potion"},{"floor":18,"key":"Energy Potion"},{"floor":21,"key":"AttackPotion"},{"floor":23,"key":"Strength Potion"}],"is_trial":false,"path_per_floor":["M","M","?","M","M","R","M","M","T","?","?","M","M","M","R","B",null,"M","?","$","M","M","E","R","$","T","R","?","?","R","M","R","B"],"character_chosen":"DEFECT","items_purchased":["Molten Egg 2","Symbiotic Virus","Aggregate"],"campfire_rested":5,"item_purchase_floors":[20,20,25],"current_hp_per_floor":[73,72,72,64,44,44,41,27,27,9,9,11,8,13,35,44,89,86,69,69,53,62,16,44,44,44,72,13,13,41,43,71,0],"gold":293,"neow_bonus":"UPGRADE_CARD","is_prod":false,"is_daily":false,"chose_seed":false,"campfire_upgraded":1,"win_rate":0.0,"timestamp":1547976467,"path_taken":["M","M","?","M","M","R","M","M","T","?","?","M","?","M","R","BOSS","M","?","$","M","M","E","R","$","T","R","?","?","R","M","R","BOSS"],"build_version":"2019-01-17v2","purchased_purges":1,"victory":false,"max_hp_per_floor":[75,75,75,75,75,75,75,75,75,75,75,75,75,75,75,75,89,89,94,94,94,94,94,94,94,94,94,94,94,94,94,94,94],"card_choices":[{"not_picked":["Hello World","Rip and Tear"],"picked":"Melter","floor":1},{"not_picked":["Barrage","Fusion"],"picked":"Hologram","floor":2},{"not_picked":["Leap","Compile Driver"],"picked":"Rebound","floor":4},{"not_picked":["Biased Cognition","Redo"],"picked":"Steam","floor":5},{"not_picked":["Barrage","Redo"],"picked":"Tempest","floor":7},{"not_picked":["Reinforced Body","Rebound"],"picked":"White Noise","floor":8},{"not_picked":["Streamline","Redo"],"picked":"Double Energy","floor":12},{"not_picked":["Stack","Steam"],"picked":"Self Repair","floor":13},{"not_picked":["Fusion","Capacitor"],"picked":"Ball Lightning","floor":14},{"not_picked":["Machine Learning","Buffer"],"picked":"Core Surge","floor":16},{"not_picked":["Reprogram+1","Chaos"],"picked":"Streamline","floor":18},{"not_picked":["Streamline+1","Sweeping Beam+1"],"picked":"Turbo+1","floor":21},{"not_picked":["Rebound+1","Consume"],"picked":"Conserve Battery+1","floor":22},{"not_picked":["Stack","Rebound+1"],"picked":"Electrodynamics","floor":23},{"not_picked":["Redo+1","Tempest"],"picked":"Go for the Eyes+1","floor":28},{"not_picked":["Lockon+1","Redo","Cold Snap+1"],"picked":"Force Field","floor":31}],"player_experience":136657,"relics_obtained":[{"floor":9,"key":"Unceasing Top"},{"floor":17,"key":"Bag of Preparation"},{"floor":17,"key":"The Courier"},{"floor":17,"key":"Mango"},{"floor":23,"key":"Shuriken"},{"floor":26,"key":"Omamori"},{"floor":28,"key":"FossilizedHelix"},{"floor":28,"key":"Question Card"}],"event_choices":[{"damage_healed":0,"gold_gain":0,"cards_transformed":["Defend_B"],"player_choice":"Change","damage_taken":0,"max_hp_gain":0,"max_hp_loss":0,"event_name":"Living Wall","floor":3,"gold_loss":0,"cards_obtained":["Thunder Strike"]},{"damage_healed":0,"gold_gain":0,"player_choice":"Success","damage_taken":18,"relics_obtained":["Blood Vial"],"max_hp_gain":0,"max_hp_loss":0,"event_name":"Scrap Ooze","floor":10,"gold_loss":0},{"damage_healed":0,"gold_gain":0,"player_choice":"Trade","damage_taken":0,"relics_obtained":["SsserpentHead"],"max_hp_gain":0,"max_hp_loss":0,"event_name":"FaceTrader","floor":11,"gold_loss":0},{"damage_healed":0,"gold_gain":0,"player_choice":"Shed Blood","damage_taken":22,"max_hp_gain":5,"max_hp_loss":0,"event_name":"Forgotten Altar","floor":19,"gold_loss":0},{"damage_healed":0,"gold_gain":0,"player_choice":"Fight","damage_taken":0,"max_hp_gain":0,"max_hp_loss":0,"event_name":"Colosseum","floor":28,"gold_loss":0},{"damage_healed":0,"gold_gain":0,"player_choice":"Fought Nobs","damage_taken":0,"max_hp_gain":0,"max_hp_loss":0,"event_name":"Colosseum","floor":28,"gold_loss":0},{"damage_healed":0,"gold_gain":0,"player_choice":"Inject Mutagens","damage_taken":0,"relics_obtained":["MutagenicStrength"],"max_hp_gain":0,"max_hp_loss":0,"event_name":"Drug Dealer","floor":29,"gold_loss":0}],"is_beta":false,"boss_relics":[{"not_picked":["Ectoplasm","FrozenCore"],"picked":"Calling Bell"}],"items_purged_floors":[20],"is_endless":false,"potions_floor_spawned":[1,4,7,8,12,14,18,21,23],"killed_by":"Automaton","ascension_level":0}