{"gold_per_floor":[111,111,111,129,143,174,174,199,279,296,296,296,310,310],"floor_reached":14,"playtime":935,"items_purged":[],"score":110,"play_id":"9c3ef788-5aa9-4156-a2f6-563da221c960","local_time":"20190120094500","is_ascension_mode":true,"campfire_choices":[{"data":"Bane","floor":7,"key":"SMITH"}],"neow_cost":"NONE","seed_source_timestamp":80996701771904,"circlet_count":0,"master_deck":["Defend_G","Defend_G","Defend_G","Defend_G","Strike_G+1","Strike_G","Strike_G","Strike_G","Survivor","Neutralize+1","Poisoned Stab","Quick Slash","Deadly Poison","Bane+1","Bane","Outmaneuver+1","Prepared+1"],"relics":["Ring of the Snake","Du-Vu Doll","Potion Belt","Toxic Egg 2"],"potions_floor_usage":[8,10],"damage_taken":[{"damage":3,"enemies":"Jaw Worm","floor":1,"turns":4},{"damage":1,"enemies":"Small Slimes","floor":4,"turns":3},{"damage":0,"enemies":"2 Louse","floor":5,"turns":4},{"damage":20,"enemies":"3 Sentries","floor":6,"turns":11},{"damage":23,"enemies":"Lagavulin","floor":8,"turns":4},{"damage":4,"enemies":"Exordium Wildlife","floor":10,"turns":5},{"damage":0,"enemies":"Blue Slaver","floor":13,"turns":2},{"damage":8,"enemies":"3 Louse","floor":14,"turns":2}],"seed_played":"-4720068791613210981","potions_obtained":[{"floor":6,"key":"AttackPotion"},{"floor":8,"key":"SpeedPotion"},{"floor":13,"key":"Energy Potion"}],"is_trial":false,"path_per_floor":["M","?","?","M","M","E","R","E","T","M","?","?","M","M"],"character_chosen":"THE_SILENT","items_purchased":[],"campfire_rested":0,"item_purchase_floors":[],"current_hp_per_floor":[74,67,52,51,51,31,31,8,8,4,4,4,4,0],"gold":310,"neow_bonus":"TEN_PERCENT_HP_BONUS","is_prod":false,"is_daily":false,"chose_seed":false,"campfire_upgraded":1,"win_rate":0,"timestamp":1547973900,"path_taken":["M","?","?","M","M","E","R","E","T","M","?","?","M","?"],"build_version":"2019-01-17v2","purchased_purges":0,"victory":false,"max_hp_per_floor":[77,77,77,77,77,77,77,77,77,77,77,77,77,77],"card_choices":[{"not_picked":["Underhanded Strike","Outmaneuver"],"picked":"Poisoned Stab","floor":1},{"not_picked":["Dagger Throw","Sucker Punch"],"picked":"Quick Slash","floor":4},{"not_picked":["Flying Knee","Finisher"],"picked":"Deadly Poison","floor":5},{"not_picked":["Skewer","Dagger Spray"],"picked":"Bane","floor":6},{"not_picked":["Blade Dance","Sucker Punch"],"picked":"Bane","floor":8},{"not_picked":["Well Laid Plans","Endless Agony"],"picked":"Outmaneuver+1","floor":10},{"not_picked":["Calculated Gamble+1","Heel Hook"],"picked":"Prepared+1","floor":13}],"player_experience":40348,"relics_obtained":[{"floor":6,"key":"Du-Vu Doll"},{"floor":8,"key":"Potion Belt"},{"floor":9,"key":"Toxic Egg 2"}],"event_choices":[{"cards_removed":["Strike_G"],"damage_healed":0,"gold_gain":0,"player_choice":"Card Removal","damage_taken":7,"max_hp_gain":0,"max_hp_loss":0,"event_name":"Golden Wing","floor":2,"gold_loss":0},{"damage_healed":0,"gold_gain":0,"player_choice":"Entered Light","damage_taken":15,"max_hp_gain":0,"max_hp_loss":0,"event_name":"Shining Light","floor":3,"gold_loss":0,"cards_upgraded":["Strike_G","Neutralize"]},{"cards_removed":["Defend_G"],"damage_healed":0,"gold_gain":0,"player_choice":"Forget","damage_taken":0,"max_hp_gain":0,"max_hp_loss":0,"event_name":"Living Wall","floor":11,"gold_loss":0},{"damage_healed":0,"gold_gain":0,"player_choice":"Ignored","damage_taken":0,"max_hp_gain":0,"max_hp_loss":0,"event_name":"Golden Idol","floor":12,"gold_loss":0}],"is_beta":false,"boss_relics":[],"items_purged_floors":[],"is_endless":false,"potions_floor_spawned":[6,8,13],"killed_by":"3 Louse","ascension_level":2}