{"gold_per_floor":[111,124,124,138,63,90,45,62,85,98,98,108,108,10,10,107,107,120,120,139,139,139,139,3,37,64,64,14,14,89,20,20,20],"floor_reached":33,"playtime":3397,"items_purged":["Strike_G+1","Strike_G","Strike_G","Defend_G"],"score":315,"play_id":"0d9b8c38-81d9-4fb8-a94c-862fa13d6792","local_time":"20190201221059","is_ascension_mode":true,"campfire_choices":[{"data":"Noxious Fumes","floor":11,"key":"SMITH"},{"data":"Catalyst","floor":15,"key":"SMITH"},{"data":"Dodge and Roll","floor":23,"key":"SMITH"},{"data":"Bouncing Flask","floor":27,"key":"SMITH"},{"data":"Malaise","floor":29,"key":"SMITH"},{"floor":32,"key":"REST"}],"neow_cost":"NONE","seed_source_timestamp":1160126475859663,"circlet_count":0,"master_deck":["Defend_G","Defend_G","Defend_G","Strike_G","Survivor","Neutralize","Acrobatics+1","Dodge and Roll+1","Cloak And Dagger","Leg Sweep","Catalyst+1","Noxious Fumes+1","Well Laid Plans","Malaise+1","Dodge and Roll","Blade Dance","Finesse","Bouncing Flask+1","Crippling Poison"],"relics":["Ring of the Snake","Smiling Mask","Juzu Bracelet","Lizard Tail","Anchor","Ginger","PreservedInsect"],"potions_floor_usage":[4,6,16,16,33],"damage_taken":[{"damage":0,"enemies":"Cultist","floor":1,"turns":4},{"damage":2,"enemies":"Jaw Worm","floor":2,"turns":5},{"damage":0,"enemies":"2 Louse","floor":4,"turns":2},{"damage":17,"enemies":"3 Sentries","floor":6,"turns":15},{"damage":0,"enemies":"Looter","floor":7,"turns":5},{"damage":0,"enemies":"Blue Slaver","floor":8,"turns":7},{"damage":0,"enemies":"Exordium Wildlife","floor":10,"turns":6},{"damage":19,"enemies":"Lots of Slimes","floor":12,"turns":4},{"damage":16,"enemies":"Slime Boss","floor":16,"turns":8},{"damage":8,"enemies":"3 Byrds","floor":18,"turns":5},{"damage":6,"enemies":"Spheric Guardian","floor":20,"turns":4},{"damage":27,"enemies":"Colosseum Slavers","floor":21,"turns":7},{"damage":0,"enemies":"Book of Stabbing","floor":25,"turns":9},{"damage":127,"enemies":"Automaton","floor":33,"turns":20}],"seed_played":"643323219611244019","potions_obtained":[{"floor":0,"key":"FairyPotion"},{"floor":0,"key":"Strength Potion"},{"floor":0,"key":"Ancient Potion"},{"floor":2,"key":"Dexterity Potion"},{"floor":8,"key":"SmokeBomb"},{"floor":10,"key":"Poison Potion"},{"floor":25,"key":"Regen Potion"}],"is_trial":false,"path_per_floor":["M","M","?","M","$","E","M","M","T","M","R","M","?","$","R","B",null,"M","?","M","?","?","R","$","E","T","R","$","R","?","$","R","B"],"character_chosen":"THE_SILENT","items_purchased":["Fire Potion","Finesse","Crippling Poison"],"campfire_rested":1,"item_purchase_floors":[14,24,31],"current_hp_per_floor":[70,68,54,54,54,37,37,37,37,37,37,18,41,41,41,25,70,62,62,56,29,29,29,29,29,29,29,29,29,22,22,43,0],"gold":20,"neow_bonus":"THREE_SMALL_POTIONS","is_prod":false,"is_daily":false,"chose_seed":false,"campfire_upgraded":5,"win_rate":0,"timestamp":1549055459,"path_taken":["M","M","?","M","$","E","M","M","T","M","R","M","?","$","R","BOSS","M","?","M","?","?","R","$","E","T","R","?","R","?","$","R","BOSS"],"build_version":"2019-01-23","purchased_purges":4,"victory":false,"max_hp_per_floor":[70,70,70,70,70,70,70,70,70,70,70,70,70,70,70,70,70,70,70,70,70,70,70,70,70,70,70,70,70,70,70,70,70],"card_choices":[{"not_picked":["Endless Agony","Escape Plan"],"picked":"Acrobatics","floor":1},{"not_picked":["Backflip","Dagger Throw"],"picked":"Dodge and Roll","floor":2},{"not_picked":["Blade Dance","Heel Hook"],"picked":"Cloak And Dagger","floor":4},{"not_picked":["Flying Knee","Acrobatics"],"picked":"Leg Sweep","floor":6},{"not_picked":["Expertise","Heel Hook"],"picked":"Catalyst","floor":7},{"not_picked":["Infinite Blades","Flying Knee"],"picked":"Noxious Fumes","floor":8},{"not_picked":["Reflex","Deflect"],"picked":"Well Laid Plans","floor":10},{"not_picked":["Bane","Backflip","Tactician"],"picked":"SKIP","floor":12},{"not_picked":["Envenom","Unload"],"picked":"Malaise","floor":16},{"not_picked":["Skewer","Well Laid Plans","Flechettes"],"picked":"SKIP","floor":18},{"not_picked":["Dagger Throw","Skewer+1","Caltrops"],"picked":"SKIP","floor":20},{"not_picked":["Deadly Poison","Blade Dance+1"],"picked":"Bouncing Flask","floor":25}],"player_experience":132284,"relics_obtained":[{"floor":6,"key":"Smiling Mask"},{"floor":9,"key":"Juzu Bracelet"},{"floor":25,"key":"Ginger"},{"floor":26,"key":"PreservedInsect"}],"event_choices":[{"damage_healed":0,"gold_gain":0,"player_choice":"Entered Light","damage_taken":14,"max_hp_gain":0,"max_hp_loss":0,"event_name":"Shining Light","floor":3,"gold_loss":0,"cards_upgraded":["Acrobatics","Strike_G"]},{"damage_healed":23,"gold_gain":0,"player_choice":"Banana","damage_taken":0,"max_hp_gain":0,"max_hp_loss":0,"event_name":"Big Fish","floor":13,"gold_loss":0},{"damage_healed":0,"gold_gain":0,"player_choice":"Opened","damage_taken":0,"relics_obtained":["Anchor"],"max_hp_gain":0,"max_hp_loss":0,"event_name":"The Mausoleum","floor":19,"gold_loss":0},{"damage_healed":0,"gold_gain":0,"player_choice":"Fight","damage_taken":0,"max_hp_gain":0,"max_hp_loss":0,"event_name":"Colosseum","floor":21,"gold_loss":0},{"damage_healed":0,"gold_gain":0,"player_choice":"Fled From Nobs","damage_taken":0,"max_hp_gain":0,"max_hp_loss":0,"event_name":"Colosseum","floor":21,"gold_loss":0},{"damage_healed":0,"gold_gain":0,"cards_transformed":["Defend_G","Strike_G"],"player_choice":"Became Test Subject","damage_taken":0,"max_hp_gain":0,"max_hp_loss":0,"event_name":"Drug Dealer","floor":22,"gold_loss":0,"cards_obtained":["Dodge and Roll","Blade Dance"]},{"damage_healed":0,"gold_gain":75,"player_choice":"Touch","damage_taken":7,"max_hp_gain":0,"max_hp_loss":0,"event_name":"FaceTrader","floor":30,"gold_loss":0}],"is_beta":false,"boss_relics":[{"not_picked":["HoveringKite","Velvet Choker"],"picked":"Lizard Tail"}],"items_purged_floors":[5,14,24,28],"is_endless":false,"potions_floor_spawned":[2,8,10,21,25],"killed_by":"Automaton","ascension_level":2}