{"gold_per_floor":[113,124,140,152,170,170,170,170,196,196,209,225,236,256,256,256],"floor_reached":16,"playtime":1213,"items_purged":[],"score":176,"play_id":"4eeb47b8-b6a8-4c8b-bf6b-0ce1865c797a","local_time":"20190108202009","is_ascension_mode":true,"campfire_choices":[{"data":"Zap","floor":6.0,"key":"SMITH"},{"data":"Hyperbeam","floor":8.0,"key":"SMITH"},{"data":"Conserve Battery","floor":10.0,"key":"SMITH"},{"floor":15.0,"key":"REST"}],"neow_cost":"TEN_PERCENT_HP_LOSS","seed_source_timestamp":5556888622808,"circlet_count":0,"master_deck":["AscendersBane","Strike_B","Strike_B","Strike_B","Strike_B","Defend_B","Defend_B","Defend_B","Defend_B","Zap+1","Dualcast","Hologram","Conserve Battery+1","Stack","Hyperbeam+1","Reinforced Body","Steam","Conserve Battery"],"special_seed":0,"relics":["Cracked Core","Calipers","Centennial Puzzle"],"potions_floor_usage":[16,16],"damage_taken":[{"damage":2.0,"enemies":"2 Louse","floor":1.0,"turns":3.0},{"damage":0.0,"enemies":"Cultist","floor":2.0,"turns":3.0},{"damage":7.0,"enemies":"Jaw Worm","floor":3.0,"turns":3.0},{"damage":5.0,"enemies":"Looter","floor":4.0,"turns":4.0},{"damage":27.0,"enemies":"Exordium Thugs","floor":5.0,"turns":7.0},{"damage":0.0,"enemies":"3 Louse","floor":11.0,"turns":1.0},{"damage":9.0,"enemies":"Exordium Wildlife","floor":12.0,"turns":3.0},{"damage":0.0,"enemies":"Looter","floor":13.0,"turns":1.0},{"damage":3.0,"enemies":"Large Slime","floor":14.0,"turns":6.0},{"damage":31,"enemies":"Hexaghost","floor":16,"turns":16}],"seed_played":"492647399883448594","potions_obtained":[{"floor":1.0,"key":"Strength Potion"},{"floor":4.0,"key":"FearPotion"},{"floor":14.0,"key":"Dexterity Potion"}],"is_trial":false,"path_per_floor":["M","M","M","M","M","R","?","R","T","R","M","M","M","M","R","B"],"character_chosen":"DEFECT","items_purchased":[],"campfire_rested":1,"item_purchase_floors":[],"current_hp_per_floor":[62,62,55,50,23,23,23,23,23,23,23,14,14,11,30,0],"gold":256,"neow_bonus":"ONE_RARE_RELIC","is_prod":false,"is_daily":false,"chose_seed":false,"campfire_upgraded":3,"win_rate":0,"timestamp":1546975209,"path_taken":["M","M","M","M","M","R","?","R","T","R","M","M","M","M","R","BOSS"],"build_version":"2019-01-03v4","purchased_purges":0,"victory":false,"max_hp_per_floor":[64,64,64,64,64,64,64,64,64,64,64,64,64,64,64,64],"card_choices":[{"not_picked":["Tempest","Skim"],"picked":"Hologram","floor":1.0},{"not_picked":["Compile Driver","Coolheaded","Rebound"],"picked":"SKIP","floor":2.0},{"not_picked":["Melter","Static Discharge"],"picked":"Conserve Battery","floor":3.0},{"not_picked":["Rebound","Storm"],"picked":"Stack","floor":4.0},{"not_picked":["Hello World","Gash","Barrage"],"picked":"SKIP","floor":5.0},{"not_picked":["Doom and Gloom","Machine Learning"],"picked":"Reinforced Body","floor":11.0},{"not_picked":["Rebound","Conserve Battery"],"picked":"Steam","floor":12.0},{"not_picked":["Go for the Eyes","Beam Cell"],"picked":"Conserve Battery","floor":13.0},{"not_picked":["Darkness","Compile Driver","Cold Snap"],"picked":"SKIP","floor":14.0}],"player_experience":703700,"relics_obtained":[{"floor":9.0,"key":"Centennial Puzzle"}],"event_choices":[{"damage_healed":0.0,"max_hp_gain":0.0,"max_hp_loss":0.0,"gold_gain":0.0,"event_name":"Match and Keep!","player_choice":"1 cards matched","floor":7.0,"gold_loss":0.0,"damage_taken":0.0,"cards_obtained":["Hyperbeam"]}],"is_beta":false,"boss_relics":[],"items_purged_floors":[],"is_endless":false,"potions_floor_spawned":[1,4,14],"killed_by":"Hexaghost","ascension_level":16}