{"gold_per_floor":[114,133,58,76,93,125,135,151,151,151,181,196,196,65,65,137,137,147,247,121,36,47,47,59,59,84,84,114,127,127,139,139,218,218,237,237,187,187,206,231,245,270,270,270,22,57,57,68,68,68,68,68,15,45,45],"floor_reached":56,"playtime":3573,"items_purged":["Doubt","Strike_B","Aggregate","Melter","Parasite"],"score":2192,"play_id":"a7061a3f-a890-4c48-9fe3-196af6373c3f","local_time":"20190222020914","is_ascension_mode":true,"campfire_choices":[{"data":"Defragment","floor":10.0,"key":"SMITH"},{"data":"Zap","floor":13.0,"key":"SMITH"},{"data":"Defragment","floor":15.0,"key":"SMITH"},{"data":"Defragment","floor":23,"key":"SMITH"},{"data":"Echo Form","floor":25,"key":"SMITH"},{"data":"Go for the Eyes","floor":32,"key":"SMITH"},{"floor":49,"key":"RECALL"},{"data":"Leap","floor":52,"key":"SMITH"}],"neow_cost":"CURSE","seed_source_timestamp":795759740668427,"circlet_count":0,"master_deck":["AscendersBane","Zap+1","Dualcast+1","Cold Snap","Go for the Eyes+1","Doom and Gloom","Coolheaded","Leap+1","Defragment+1","Cold Snap","Chill","Defragment+1","Biased Cognition","Redo","Echo Form+1","Defragment+1","Coolheaded","Leap","Seek+1","Conserve Battery+1","Coolheaded+1","Turbo+1","Conserve Battery+1","Chaos+1","Darkness+1","Sweeping Beam","Self Repair+1","White Noise+1","Creative AI+1","Force Field+1","Hologram+1","Coolheaded+1","Redo+1","Loop","Capacitor","Coolheaded+1","Secret Weapon+1","Glacier+1","Coolheaded+1"],"special_seed":0,"relics":["Cracked Core","Smiling Mask","Thread and Needle","Strawberry","Pandora\u0027s Box","Calipers","Toxic Egg 2","Ornamental Fan","Prayer Wheel","Cursed Key","Potion Belt","Meat on the Bone","Oddly Smooth Stone","Nunchaku"],"potions_floor_usage":[19,19,28,42,42,55,55,55],"damage_taken":[{"damage":1.0,"enemies":"Cultist","floor":1.0,"turns":4.0},{"damage":6.0,"enemies":"Jaw Worm","floor":2.0,"turns":4.0},{"damage":2.0,"enemies":"2 Louse","floor":4.0,"turns":2.0},{"damage":6.0,"enemies":"Blue Slaver","floor":5.0,"turns":3.0},{"damage":4.0,"enemies":"Gremlin Nob","floor":6.0,"turns":3.0},{"damage":4.0,"enemies":"3 Louse","floor":7.0,"turns":2.0},{"damage":0.0,"enemies":"Gremlin Gang","floor":8.0,"turns":2.0},{"damage":17.0,"enemies":"3 Sentries","floor":11.0,"turns":7.0},{"damage":2.0,"enemies":"Blue Slaver","floor":12.0,"turns":4.0},{"damage":12.0,"enemies":"The Guardian","floor":16.0,"turns":14.0},{"damage":18.0,"enemies":"2 Thieves","floor":18.0,"turns":4.0},{"damage":0,"enemies":"Colosseum Slavers","floor":19,"turns":6},{"damage":6,"enemies":"Colosseum Nobs","floor":19,"turns":6},{"damage":0,"enemies":"3 Byrds","floor":22,"turns":6},{"damage":5,"enemies":"Snake Plant","floor":24,"turns":7},{"damage":1,"enemies":"Slavers","floor":28,"turns":7},{"damage":0,"enemies":"Shelled Parasite and Fungi","floor":29,"turns":6},{"damage":0,"enemies":"Sentry and Sphere","floor":31,"turns":5},{"damage":0,"enemies":"Champ","floor":33,"turns":11},{"damage":18,"enemies":"3 Darklings","floor":35,"turns":5},{"damage":0,"enemies":"Orb Walker","floor":39,"turns":4},{"damage":0,"enemies":"Giant Head","floor":40,"turns":10},{"damage":7,"enemies":"Writhing Mass","floor":41,"turns":6},{"damage":19,"enemies":"Reptomancer","floor":42,"turns":5},{"damage":16,"enemies":"Nemesis","floor":46,"turns":7},{"damage":22,"enemies":"Sphere and 2 Shapes","floor":48,"turns":5},{"damage":15,"enemies":"Time Eater","floor":50,"turns":37},{"damage":0,"enemies":"Shield and Spear","floor":54,"turns":11},{"damage":5,"enemies":"The Heart","floor":55,"turns":13}],"seed_played":"6122833695954117485","potions_obtained":[{"floor":4.0,"key":"EssenceOfSteel"},{"floor":5.0,"key":"Fire Potion"},{"floor":7.0,"key":"Explosive Potion"},{"floor":11.0,"key":"Poison Potion"},{"floor":19,"key":"PowerPotion"},{"floor":22,"key":"Ancient Potion"},{"floor":29,"key":"SkillPotion"},{"floor":41,"key":"SkillPotion"},{"floor":42,"key":"FairyPotion"}],"is_trial":false,"path_per_floor":["M","M","$","M","M","E","M","M","T","R","E","M","R","$","R","B",null,"M","?","$","?","M","R","M","R","T","?","E","M","?","M","R","B",null,"M","?","$","?","M","E","M","E","T","?","$","E","?","M","R","B",null,"R","$","E","B",null],"character_chosen":"DEFECT","items_purchased":["Defragment","Conserve Battery+1","Coolheaded+1","Capacitor","FocusPotion","PowerPotion","Coolheaded+1"],"campfire_rested":0,"item_purchase_floors":[14,20,20,45,45,45,53],"current_hp_per_floor":[77,71,71,69,63,59,55,55,55,55,45,43,43,43,43,31,77,59,53,53,53,53,53,48,48,48,48,47,47,47,47,47,57,83,85,85,85,85,85,92,92,83,83,83,83,77,77,65,65,60,82,82,82,89,89],"gold":45,"neow_bonus":"TWENTY_PERCENT_HP_BONUS","is_prod":false,"is_daily":false,"chose_seed":false,"campfire_upgraded":7,"win_rate":0,"timestamp":1550822954,"path_taken":["M","M","$","?","M","E","M","M","T","R","E","M","R","$","R","BOSS","M","?","$","?","M","R","M","R","T","?","E","M","?","?","R","BOSS","M","?","$","?","M","E","?","E","T","?","$","E","?","M","R","BOSS","R","$","E","BOSS"],"build_version":"2019-01-23","purchased_purges":5,"victory":true,"max_hp_per_floor":[85,85,85,85,85,85,85,85,85,85,92,92,92,92,92,92,92,92,92,92,92,92,92,92,92,92,92,92,92,92,92,92,92,92,92,92,92,92,92,92,92,92,92,92,89,89,89,89,89,89,89,89,89,89,89],"card_choices":[{"not_picked":["Storm","Aggregate"],"picked":"Cold Snap","floor":1.0},{"not_picked":["Compile Driver","Streamline"],"picked":"Go for the Eyes","floor":2.0},{"not_picked":["Streamline","Hologram"],"picked":"Doom and Gloom","floor":4.0},{"not_picked":["Compile Driver","Hologram"],"picked":"Coolheaded","floor":5.0},{"not_picked":["Turbo","Capacitor"],"picked":"Leap","floor":6.0},{"not_picked":["Steam","Turbo"],"picked":"Defragment","floor":7.0},{"not_picked":["Rebound","Turbo"],"picked":"Cold Snap","floor":8.0},{"not_picked":["Reboot","Fusion","Gash"],"picked":"SKIP","floor":11.0},{"not_picked":["Storm","Rip and Tear"],"picked":"Chill","floor":12.0},{"not_picked":["Core Surge","Thunder Strike"],"picked":"Biased Cognition","floor":16.0},{"not_picked":["FTL","Streamline"],"picked":"Leap","floor":18.0},{"not_picked":["Barrage+1","Stack"],"picked":"Seek","floor":19},{"not_picked":["Cold Snap","Beam Cell"],"picked":"Turbo+1","floor":22},{"not_picked":["Beam Cell","Compile Driver"],"picked":"Conserve Battery+1","floor":24},{"not_picked":["Machine Learning","Compile Driver+1"],"picked":"Chaos+1","floor":28},{"not_picked":["Coolheaded+1","Go for the Eyes"],"picked":"Darkness+1","floor":29},{"not_picked":["Redo+1","Streamline"],"picked":"Sweeping Beam","floor":29},{"not_picked":["Barrage","Reinforced Body+1"],"picked":"Self Repair+1","floor":31},{"not_picked":["Undo+1","Steam+1"],"picked":"White Noise+1","floor":31},{"not_picked":["Seek+1","Biased Cognition"],"picked":"Creative AI","floor":33},{"not_picked":["Chill+1","Compile Driver"],"picked":"Force Field+1","floor":35},{"not_picked":["Leap+1","Streamline"],"picked":"Hologram+1","floor":35},{"not_picked":["Sweeping Beam","Conserve Battery+1"],"picked":"Coolheaded+1","floor":39},{"not_picked":["Barrage","Sweeping Beam"],"picked":"Redo+1","floor":39},{"not_picked":["Gash","Beam Cell","Lockon"],"picked":"SKIP","floor":40},{"not_picked":["Reboot+1","Sweeping Beam"],"picked":"Cold Snap","floor":41},{"not_picked":["Redo+1","Streamline+1","Coolheaded+1"],"picked":"SKIP","floor":41},{"not_picked":["Reinforced Body+1","Gash"],"picked":"Loop","floor":42},{"not_picked":["Reboot+1","Beam Cell"],"picked":"Coolheaded+1","floor":46},{"not_picked":["Thinking Ahead+1","Impatience+1"],"picked":"Secret Weapon+1","floor":47},{"not_picked":["Skim+1","Undo+1"],"picked":"Glacier+1","floor":48},{"not_picked":["Darkness+1","Auto Shields+1","Static Discharge"],"picked":"SKIP","floor":48},{"not_picked":["Barrage","Aggregate+1","Reprogram+1"],"picked":"SKIP","floor":54}],"player_experience":199689,"relics_obtained":[{"floor":6.0,"key":"Smiling Mask"},{"floor":9.0,"key":"Thread and Needle"},{"floor":11.0,"key":"Strawberry"},{"floor":19,"key":"Calipers"},{"floor":19,"key":"Toxic Egg 2"},{"floor":28,"key":"Prayer Wheel"},{"floor":40,"key":"Potion Belt"},{"floor":42,"key":"Meat on the Bone"},{"floor":46,"key":"Oddly Smooth Stone"},{"floor":54,"key":"Nunchaku"}],"event_choices":[{"damage_healed":0,"gold_gain":0,"player_choice":"Fight","damage_taken":0,"max_hp_gain":0,"max_hp_loss":0,"event_name":"Colosseum","floor":19,"gold_loss":0},{"damage_healed":0,"gold_gain":0,"player_choice":"Fought Nobs","damage_taken":0,"max_hp_gain":0,"max_hp_loss":0,"event_name":"Colosseum","floor":19,"gold_loss":0},{"damage_healed":0,"gold_gain":0,"player_choice":"Obtained Relic","damage_taken":0,"relics_obtained":["Ornamental Fan"],"max_hp_gain":0,"max_hp_loss":0,"event_name":"Addict","floor":21,"gold_loss":85},{"cards_removed":["Auto Shields"],"damage_healed":0,"gold_gain":0,"player_choice":"Elegance","damage_taken":0,"max_hp_gain":0,"max_hp_loss":0,"event_name":"Back to Basics","floor":27,"gold_loss":0},{"damage_healed":0,"gold_gain":0,"player_choice":"Forge","damage_taken":0,"max_hp_gain":0,"max_hp_loss":0,"event_name":"Accursed Blacksmith","floor":30,"gold_loss":0,"cards_upgraded":["Dualcast"]},{"damage_healed":0,"gold_gain":0,"player_choice":"Ignored","damage_taken":0,"max_hp_gain":0,"max_hp_loss":0,"event_name":"Tomb of Lord Red Mask","floor":36,"gold_loss":0},{"damage_healed":0,"gold_gain":0,"player_choice":"Upgraded","damage_taken":0,"max_hp_gain":0,"max_hp_loss":0,"event_name":"Upgrade Shrine","floor":38,"gold_loss":0,"cards_upgraded":["Creative AI"]},{"cards_removed":["Cold Snap"],"damage_healed":0,"gold_gain":0,"player_choice":"Removed Attack","damage_taken":0,"max_hp_gain":0,"max_hp_loss":0,"event_name":"Falling","floor":44,"gold_loss":0},{"damage_healed":0,"gold_gain":0,"player_choice":"Memory 1","damage_taken":0,"max_hp_gain":0,"max_hp_loss":0,"event_name":"SensoryStone","floor":47,"gold_loss":0}],"is_beta":false,"boss_relics":[{"not_picked":["Runic Dome","Fusion Hammer"],"picked":"Pandora\u0027s Box"},{"not_picked":["Lizard Tail","Sozu"],"picked":"Cursed Key"}],"items_purged_floors":[3,14,20,37,45],"is_endless":false,"potions_floor_spawned":[4,5,7,11,19,19,22,29,31,33,41,42],"ascension_level":15}