{"gold_per_floor":[113,113,134,29,29,73,93,93,93,126,126,176,176,196,196,319,319,344,327,347,30,129,172,172,297,297,297,13,3,24,49,49,168,168,193,214,214,229,1,1,22,22,75,99,139,164,497,508,508,508,508,508,10,42,42],"floor_reached":56,"playtime":3188,"items_purged":["Strike_G"],"score":1503,"play_id":"dd8a23ad-3ac8-40c9-b8ab-2bc3e7cf155b","local_time":"20190109004309","is_ascension_mode":true,"campfire_choices":[{"floor":11,"key":"REST"},{"floor":15,"key":"REST"},{"data":"Neutralize","floor":24,"key":"SMITH"},{"data":"Accuracy","floor":32,"key":"SMITH"},{"floor":40,"key":"RECALL"},{"data":"Well Laid Plans","floor":42,"key":"SMITH"},{"data":"Footwork","floor":49,"key":"SMITH"},{"data":"Blade Dance","floor":52,"key":"SMITH"}],"neow_cost":"NONE","seed_source_timestamp":7568803448744,"circlet_count":0,"master_deck":["Defend_G","Defend_G+1","Defend_G","Defend_G+1","Defend_G","Survivor","Neutralize+1","Dash+1","Blade Dance+1","Accuracy+1","Footwork+1","Cloak And Dagger+1","Riddle With Holes+1","Die Die Die","Terror+1","Escape Plan+1","Leg Sweep+1","Well Laid Plans+1","Outmaneuver+1","Cloak And Dagger+1","Crippling Poison+1","Escape Plan","Bite+1","Bite+1","Bite+1","Bite+1","Bite+1","Bandage Up+1","Acrobatics+1","Cloak And Dagger+1","Blade Dance+1","Burst+1","Writhe","Leg Sweep+1","Blade Dance+1","Dash+1","Cloak And Dagger+1","Doppelganger+1","Cloak And Dagger+1","Flash of Steel+1","Blade Dance+1","Choke+1"],"relics":["Ring of the Snake","NeowsBlessing","Shuriken","Matryoshka","Ninja Scroll","Question Card","Omamori","The Courier","Astrolabe","Membership Card","Pen Nib","Oddly Smooth Stone","Darkstone Periapt","StoneCalendar","Ornamental Fan","Molten Egg 2","Toxic Egg 2","Blood Vial","OrangePellets","Calling Bell","Bronze Scales","Gremlin Horn","FossilizedHelix","War Paint","Pear","Whetstone","Regal Pillow","Strawberry","Nunchaku","Snake Skull","Boot","Lantern","TheAbacus","Vajra","Calipers"],"potions_floor_usage":[23,30,31,45,55,55],"damage_taken":[{"damage":0,"enemies":"Jaw Worm","floor":1,"turns":1},{"damage":0,"enemies":"Small Slimes","floor":3,"turns":1},{"damage":0,"enemies":"3 Sentries","floor":6,"turns":1},{"damage":6,"enemies":"2 Louse","floor":7,"turns":3},{"damage":20,"enemies":"Gremlin Nob","floor":10,"turns":4},{"damage":8,"enemies":"2 Fungi Beasts","floor":14,"turns":4},{"damage":28,"enemies":"Hexaghost","floor":16,"turns":12},{"damage":3,"enemies":"3 Byrds","floor":18,"turns":5},{"damage":6,"enemies":"2 Thieves","floor":19,"turns":4},{"damage":9,"enemies":"Shelled Parasite and Fungi","floor":20,"turns":5},{"damage":12,"enemies":"Gremlin Leader","floor":23,"turns":5},{"damage":3,"enemies":"Colosseum Slavers","floor":25,"turns":4},{"damage":24,"enemies":"Colosseum Nobs","floor":25,"turns":6},{"damage":12,"enemies":"Centurion and Healer","floor":30,"turns":7},{"damage":0,"enemies":"Cultist and Chosen","floor":31,"turns":4},{"damage":45,"enemies":"Automaton","floor":33,"turns":9},{"damage":19,"enemies":"3 Darklings","floor":35,"turns":4},{"damage":0,"enemies":"Orb Walker","floor":36,"turns":3},{"damage":0,"enemies":"3 Darklings","floor":38,"turns":3},{"damage":8,"enemies":"4 Shapes","floor":41,"turns":1},{"damage":30,"enemies":"Transient","floor":44,"turns":5},{"damage":0,"enemies":"Reptomancer","floor":45,"turns":4},{"damage":19,"enemies":"Sphere and 2 Shapes","floor":46,"turns":4},{"damage":0,"enemies":"4 Shapes","floor":48,"turns":2},{"damage":46,"enemies":"Donu and Deca","floor":50,"turns":9},{"damage":18,"enemies":"Shield and Spear","floor":54,"turns":6},{"damage":64,"enemies":"The Heart","floor":55,"turns":8}],"seed_played":"5810478560918897810","potions_obtained":[{"floor":3,"key":"GamblersBrew"},{"floor":7,"key":"Poison Potion"},{"floor":19,"key":"EssenceOfSteel"},{"floor":23,"key":"Block Potion"},{"floor":25,"key":"Fire Potion"},{"floor":33,"key":"Regen Potion"},{"floor":41,"key":"SpeedPotion"},{"floor":44,"key":"Strength Potion"},{"floor":48,"key":"EssenceOfSteel"},{"floor":54,"key":"Strength Potion"}],"is_trial":false,"path_per_floor":["M","?","M","$","?","E","M","?","T","E","R","?","T","M","R","B",null,"M","M","M","$","?","E","R","?","T","?","$","$","M","M","R","B",null,"M","M","?","M","$","R","M","R","T","M","E","M","?","M","R","B",null,"R","$","E","B",null],"character_chosen":"THE_SILENT","items_purchased":["Blade Dance","Accuracy","Membership Card","Pen Nib","Oddly Smooth Stone","Bandage Up","Toxic Egg 2","Blood Vial","OrangePellets","Acrobatics+1","War Paint","Pear","Whetstone","Nunchaku","Flash of Steel+1","Snake Skull","Boot","Lantern","TheAbacus","Vajra","Blade Dance+1"],"campfire_rested":2,"item_purchase_floors":[4,4,21,21,21,28,28,28,28,29,39,39,39,53,53,53,53,53,53,53,53],"current_hp_per_floor":[70,65,65,65,53,53,47,34,34,14,33,33,33,25,44,16,65,62,56,47,47,47,35,35,8,8,8,8,8,20,35,35,8,51,42,51,51,51,61,61,60,60,60,34,68,61,61,68,68,31,68,68,68,65,16],"gold":42,"neow_bonus":"THREE_ENEMY_KILL","is_prod":false,"is_daily":false,"chose_seed":false,"campfire_upgraded":5,"win_rate":0,"timestamp":1547016189,"path_taken":["M","?","M","$","?","E","M","?","T","E","R","?","?","M","R","BOSS","M","?","M","$","?","E","R","?","T","?","?","$","M","M","R","BOSS","M","?","?","M","$","R","M","R","T","M","E","M","?","M","R","BOSS","R","$","E","BOSS"],"build_version":"2019-01-03v4","purchased_purges":1,"victory":true,"max_hp_per_floor":[70,65,65,65,65,65,65,65,65,65,65,65,65,65,65,65,65,65,65,65,65,65,65,65,65,65,45,45,45,45,45,45,45,51,51,51,51,51,61,61,61,61,61,61,68,68,68,68,68,68,68,68,68,68,68],"card_choices":[{"not_picked":["Underhanded Strike","Outmaneuver","Deflect"],"picked":"SKIP","floor":1},{"not_picked":["Caltrops","Catalyst"],"picked":"Dash","floor":3},{"not_picked":["Prepared","Sucker Punch"],"picked":"Footwork","floor":6},{"not_picked":["Predator","Acrobatics"],"picked":"Cloak And Dagger","floor":7},{"not_picked":["Underhanded Strike","Prepared"],"picked":"Riddle With Holes","floor":10},{"not_picked":["Predator","Dagger Spray","All Out Attack"],"picked":"Deadly Poison","floor":14},{"not_picked":["Venomology","Unload","Wraith Form v2"],"picked":"Die Die Die","floor":16},{"not_picked":["Dagger Spray","Sucker Punch","Expertise"],"picked":"Well Laid Plans","floor":18},{"not_picked":["Flechettes","Bane","Skewer+1"],"picked":"Outmaneuver+1","floor":19},{"not_picked":["Sucker Punch+1","Flying Knee+1","Poisoned Stab"],"picked":"Cloak And Dagger+1","floor":20},{"not_picked":["Backflip","Dash","Dagger Spray+1"],"picked":"Crippling Poison+1","floor":23},{"not_picked":["Flying Knee","Dodge and Roll","Doppelganger"],"picked":"Escape Plan","floor":25},{"not_picked":["Dagger Throw+1","Deflect+1","Sucker Punch+1"],"picked":"Cloak And Dagger+1","floor":30},{"not_picked":["Dagger Throw+1","Predator+1","Deflect+1"],"picked":"Blade Dance+1","floor":31},{"not_picked":["Bullet Time+1","Adrenaline+1","Night Terror+1"],"picked":"Burst+1","floor":33},{"not_picked":["Backflip+1","Bane+1","Slice+1"],"picked":"Leg Sweep+1","floor":35},{"not_picked":["Glass Knife+1","Reflex+1","PiercingWail+1"],"picked":"Blade Dance+1","floor":36},{"not_picked":["Dagger Spray+1","Tactician+1","Outmaneuver+1"],"picked":"Dash+1","floor":38},{"not_picked":["Underhanded Strike+1","Acrobatics+1","Catalyst+1","Flechettes+1"],"picked":"SKIP","floor":41},{"not_picked":["Slice+1","Poisoned Stab+1","Sucker Punch+1"],"picked":"Cloak And Dagger+1","floor":44},{"not_picked":["Backstab+1","Dagger Throw+1","Noxious Fumes+1"],"picked":"Doppelganger+1","floor":45},{"not_picked":["Deflect+1","Acrobatics+1","Outmaneuver+1","Poisoned Stab+1"],"picked":"SKIP","floor":46},{"not_picked":["Quick Slash+1","Prepared+1","Underhanded Strike+1"],"picked":"Cloak And Dagger+1","floor":48},{"not_picked":["Quick Slash+1","Dagger Spray+1","Escape Plan+1"],"picked":"Choke+1","floor":54}],"player_experience":74142,"relics_obtained":[{"floor":6,"key":"Matryoshka"},{"floor":9,"key":"Ninja Scroll"},{"floor":10,"key":"Question Card"},{"floor":13,"key":"Omamori"},{"floor":13,"key":"The Courier"},{"floor":23,"key":"Darkstone Periapt"},{"floor":25,"key":"StoneCalendar"},{"floor":25,"key":"Ornamental Fan"},{"floor":26,"key":"Molten Egg 2"},{"floor":34,"key":"Bronze Scales"},{"floor":34,"key":"Gremlin Horn"},{"floor":34,"key":"FossilizedHelix"},{"floor":43,"key":"Regal Pillow"},{"floor":45,"key":"Strawberry"},{"floor":54,"key":"Calipers"}],"event_choices":[{"damage_healed":0,"gold_gain":0,"player_choice":"Lose Max HP","damage_taken":0,"relics_obtained":["Golden Idol"],"max_hp_gain":0,"max_hp_loss":5,"event_name":"Golden Idol","floor":2,"gold_loss":0},{"damage_healed":0,"gold_gain":0,"player_choice":"Success","damage_taken":12,"relics_obtained":["Shuriken"],"max_hp_gain":0,"max_hp_loss":0,"event_name":"Scrap Ooze","floor":5,"gold_loss":0},{"damage_healed":0,"gold_gain":0,"player_choice":"Entered Light","damage_taken":13,"max_hp_gain":0,"max_hp_loss":0,"event_name":"Shining Light","floor":8,"gold_loss":0,"cards_upgraded":["Defend_G","Defend_G"]},{"damage_healed":0,"gold_gain":50,"player_choice":"Gained Gold","damage_taken":0,"max_hp_gain":0,"max_hp_loss":0,"event_name":"Golden Wing","floor":12,"gold_loss":0},{"damage_healed":0,"gold_gain":99,"player_choice":"Stole From Cult","damage_taken":0,"max_hp_gain":0,"max_hp_loss":0,"event_name":"Nest","floor":22,"gold_loss":0},{"damage_healed":0,"gold_gain":0,"player_choice":"Fight","damage_taken":0,"max_hp_gain":0,"max_hp_loss":0,"event_name":"Colosseum","floor":25,"gold_loss":0},{"damage_healed":0,"gold_gain":0,"player_choice":"Fought Nobs","damage_taken":0,"max_hp_gain":0,"max_hp_loss":0,"event_name":"Colosseum","floor":25,"gold_loss":0},{"damage_healed":0,"gold_gain":0,"player_choice":"Became a vampire","damage_taken":0,"max_hp_gain":0,"max_hp_loss":20,"event_name":"Vampires","floor":27,"gold_loss":0,"cards_obtained":["Bite","Bite","Bite","Bite","Bite"]},{"cards_removed":["Deadly Poison"],"damage_healed":0,"gold_gain":0,"player_choice":"Removed Skill","damage_taken":0,"max_hp_gain":0,"max_hp_loss":0,"event_name":"Falling","floor":37,"gold_loss":0},{"damage_healed":0,"gold_gain":333,"player_choice":"Gave Idol","damage_taken":0,"max_hp_gain":0,"max_hp_loss":0,"event_name":"The Moai Head","floor":47,"relics_lost":["Golden Idol"],"gold_loss":0}],"is_beta":false,"boss_relics":[{"not_picked":["Eternal Feather","Orrery"],"picked":"Astrolabe"},{"not_picked":["Philosopher\u0027s Stone","Lizard Tail"],"picked":"Calling Bell"}],"items_purged_floors":[21],"is_endless":false,"potions_floor_spawned":[3,7,19,23,25,33,41,44,48,54],"ascension_level":2}