{"gold_per_floor":[116,116,126,83,93,93,113,141,167,167,167,89,89,107,107,107],"floor_reached":16,"playtime":721,"items_purged":[],"score":180,"play_id":"bd87a15f-de30-4180-a04c-a00bfab8376a","local_time":"20190109191545","is_ascension_mode":true,"campfire_choices":[{"data":"Perfected Strike","floor":6,"key":"SMITH"},{"data":"Wild Strike","floor":11,"key":"SMITH"},{"data":"Wild Strike","floor":13,"key":"SMITH"},{"data":"Pommel Strike","floor":15,"key":"SMITH"}],"neow_cost":"NONE","seed_source_timestamp":2732372739770,"circlet_count":0,"master_deck":["AscendersBane","Strike_R","Strike_R","Strike_R","Strike_R","Strike_R","Defend_R","Defend_R","Defend_R","Defend_R","Bash","Perfected Strike+1","Battle Trance","Seeing Red","Wild Strike+1","Wild Strike+1","Twin Strike","Pommel Strike+1"],"relics":["Burning Blood","FaceOfCleric","Omamori","Bag of Marbles","Golden Idol"],"potions_floor_usage":[8],"damage_taken":[{"damage":2,"enemies":"2 Louse","floor":1,"turns":3},{"damage":5,"enemies":"Cultist","floor":3,"turns":5},{"damage":0,"enemies":"Small Slimes","floor":5,"turns":3},{"damage":15,"enemies":"Exordium Thugs","floor":7,"turns":5},{"damage":30,"enemies":"3 Sentries","floor":8,"turns":5},{"damage":0,"enemies":"Looter","floor":14,"turns":1},{"damage":61,"enemies":"The Guardian","floor":16,"turns":8}],"seed_played":"3325512874130661330","potions_obtained":[{"floor":3,"key":"SteroidPotion"},{"floor":14,"key":"Ancient Potion"}],"is_trial":false,"path_per_floor":["M","?","M","$","M","R","M","E","T","?","R","$","R","M","R","B"],"character_chosen":"IRONCLAD","items_purchased":["Battle Trance","Wild Strike","Twin Strike"],"campfire_rested":0,"item_purchase_floors":[4,12,12],"current_hp_per_floor":[79,79,81,81,84,84,76,53,53,53,53,53,53,60,60,0],"gold":107,"neow_bonus":"TEN_PERCENT_HP_BONUS","is_prod":false,"is_daily":false,"chose_seed":false,"campfire_upgraded":4,"win_rate":0,"timestamp":1547057745,"path_taken":["M","?","?","$","M","R","M","E","T","?","R","?","R","M","R","BOSS"],"build_version":"2019-01-03v4","purchased_purges":0,"victory":false,"max_hp_per_floor":[82,82,83,83,84,84,85,86,86,86,86,86,86,87,87,87],"card_choices":[{"not_picked":["Clothesline","Heavy Blade","Havoc"],"picked":"SKIP","floor":1},{"not_picked":["Uppercut","Dropkick"],"picked":"Perfected Strike","floor":3},{"not_picked":["Body Slam","Wild Strike"],"picked":"Seeing Red","floor":5},{"not_picked":["Havoc","Searing Blow"],"picked":"Wild Strike","floor":7},{"not_picked":["Havoc","Carnage","Sword Boomerang"],"picked":"SKIP","floor":8},{"not_picked":["Intimidate","Offering"],"picked":"Pommel Strike","floor":14}],"player_experience":704913,"relics_obtained":[{"floor":8,"key":"Omamori"},{"floor":9,"key":"Bag of Marbles"}],"event_choices":[{"damage_healed":0,"gold_gain":0,"player_choice":"Trade","damage_taken":0,"relics_obtained":["FaceOfCleric"],"max_hp_gain":0,"max_hp_loss":0,"event_name":"FaceTrader","floor":2,"gold_loss":0},{"damage_healed":0,"gold_gain":0,"player_choice":"Take Wound","damage_taken":0,"relics_obtained":["Golden Idol"],"max_hp_gain":0,"max_hp_loss":0,"event_name":"Golden Idol","floor":10,"gold_loss":0,"cards_obtained":["Injury"]}],"is_beta":false,"boss_relics":[],"items_purged_floors":[],"is_endless":false,"potions_floor_spawned":[3,14],"killed_by":"The Guardian","ascension_level":16}