{"gold_per_floor":[114,132,143,218,218,218,250,250,250,282,297,314,314,314,314,314],"floor_reached":16,"playtime":636,"items_purged":[],"score":215,"play_id":"d79ca48d-9e98-4fcc-9dc7-17807a530d5e","local_time":"20190212194956","is_ascension_mode":true,"campfire_choices":[{"floor":6,"key":"REST"},{"floor":8,"key":"REST"},{"floor":13,"key":"REST"},{"data":"Defragment","floor":15,"key":"SMITH"}],"neow_cost":"NONE","seed_source_timestamp":83882159530623,"circlet_count":0,"master_deck":["AscendersBane","Strike_B","Strike_B","Strike_B","Defend_B","Defend_B","Defend_B","Zap","Dualcast","Conserve Battery","Defragment+1","Cold Snap","Glacier","Amplify","White Noise"],"relics":["Empty Cage","Du-Vu Doll","Peace Pipe","Gambling Chip"],"potions_floor_usage":[],"damage_taken":[{"damage":5,"enemies":"2 Louse","floor":1,"turns":3},{"damage":5,"enemies":"Small Slimes","floor":2,"turns":4},{"damage":1,"enemies":"Cultist","floor":3,"turns":5},{"damage":42,"enemies":"3 Sentries","floor":7,"turns":12},{"damage":24,"enemies":"Lagavulin","floor":10,"turns":9},{"damage":5,"enemies":"Large Slime","floor":11,"turns":8},{"damage":1,"enemies":"3 Louse","floor":12,"turns":6},{"damage":40,"enemies":"Slime Boss","floor":16,"turns":11}],"seed_played":"1297502248195311570","potions_obtained":[{"floor":1,"key":"Strength Potion"},{"floor":7,"key":"Explosive Potion"}],"is_trial":false,"path_per_floor":["M","M","M","?","?","R","E","R","T","E","M","M","R","?","R","B"],"character_chosen":"DEFECT","items_purchased":[],"campfire_rested":3,"item_purchase_floors":[],"current_hp_per_floor":[59,54,53,42,47,69,27,49,49,25,20,19,41,37,37,0],"gold":314,"neow_bonus":"BOSS_RELIC","is_prod":false,"is_daily":false,"chose_seed":false,"campfire_upgraded":1,"win_rate":0,"timestamp":1549961396,"path_taken":["M","M","M","?","?","R","E","R","T","E","M","M","R","?","R","BOSS"],"build_version":"2019-01-23","purchased_purges":0,"victory":false,"max_hp_per_floor":[71,71,71,71,76,76,76,76,76,76,76,76,76,76,76,76],"card_choices":[{"not_picked":["Reprogram","Turbo"],"picked":"Conserve Battery","floor":1},{"not_picked":["Redo","Compile Driver"],"picked":"Defragment","floor":2},{"not_picked":["Darkness","Hello World"],"picked":"Cold Snap","floor":3},{"not_picked":["Turbo","Coolheaded"],"picked":"Glacier","floor":7},{"not_picked":["Defragment","Turbo"],"picked":"Amplify","floor":10},{"not_picked":["Go for the Eyes","Sweeping Beam","Rebound"],"picked":"SKIP","floor":11},{"not_picked":["Stack","Redo"],"picked":"White Noise","floor":12}],"player_experience":336120,"relics_obtained":[{"floor":7,"key":"Du-Vu Doll"},{"floor":9,"key":"Peace Pipe"},{"floor":10,"key":"Gambling Chip"}],"event_choices":[{"damage_healed":0,"gold_gain":75,"player_choice":"Gather Gold","damage_taken":11,"max_hp_gain":0,"max_hp_loss":0,"event_name":"World of Goop","floor":4,"gold_loss":0},{"damage_healed":0,"gold_gain":0,"player_choice":"Donut","damage_taken":0,"max_hp_gain":5,"max_hp_loss":0,"event_name":"Big Fish","floor":5,"gold_loss":0},{"damage_healed":0,"gold_gain":0,"player_choice":"Bought 0 Potions","damage_taken":0,"max_hp_gain":0,"max_hp_loss":0,"event_name":"The Woman in Blue","floor":14,"gold_loss":0}],"is_beta":false,"boss_relics":[],"items_purged_floors":[],"is_endless":false,"potions_floor_spawned":[1,7,12],"killed_by":"Slime Boss","ascension_level":19}