{"gold_per_floor":[115,125,75,75,86,86,112,112,137,157,168,179,27,55,55,155,155,171,158,175,185,201,201,67,96,121,221,255,130,130,145,145,241,241,258,0,11,25,125,125,151,201,226,24,24,41,51,51,51,51,51,51,2,30,30],"floor_reached":56,"playtime":5584,"items_purged":["Strike_G","Defend_G","Defend_G","Strike_G"],"score":1434,"play_id":"5b51e21b-a074-4b45-9baf-9ace7dcde4ce","local_time":"20190207213233","is_ascension_mode":true,"campfire_choices":[{"data":"Noxious Fumes","floor":6.0,"key":"SMITH"},{"floor":8.0,"key":"RECALL"},{"data":"Catalyst","floor":15.0,"key":"SMITH"},{"data":"Catalyst","floor":23.0,"key":"SMITH"},{"data":"Noxious Fumes","floor":30.0,"key":"SMITH"},{"data":"Leg Sweep","floor":32.0,"key":"SMITH"},{"data":"Blur","floor":40.0,"key":"SMITH"},{"data":"Neutralize","floor":45.0,"key":"SMITH"},{"floor":49.0,"key":"REST"},{"data":"Defend_G","floor":52,"key":"SMITH"}],"neow_cost":"NONE","seed_source_timestamp":0,"circlet_count":0,"master_deck":["Defend_G","Defend_G+1","Defend_G+1","Strike_G","Strike_G","Survivor+1","Neutralize+1","Dash","Noxious Fumes+1","Leg Sweep+1","Catalyst+1","Blur+1","Catalyst+1","Well Laid Plans","Adrenaline","Noxious Fumes+1","Bullet Time","PiercingWail+1"],"special_seed":0,"relics":["Ring of the Snake","War Paint","Snake Skull","Boot","Runic Pyramid","Pantograph","Pen Nib","Gambling Chip","Dodecahedron","Ancient Tea Set","Busted Crown","Red Mask","Nunchaku","Shuriken","Mango","Lantern","Paper Crane","Blood Vial"],"potions_floor_usage":[55,55,55],"damage_taken":[{"damage":0.0,"enemies":"Cultist","floor":1.0,"turns":4.0},{"damage":0.0,"enemies":"2 Louse","floor":2.0,"turns":4.0},{"damage":0.0,"enemies":"Small Slimes","floor":5.0,"turns":5.0},{"damage":0.0,"enemies":"3 Sentries","floor":7.0,"turns":7.0},{"damage":2.0,"enemies":"Blue Slaver","floor":10.0,"turns":4.0},{"damage":0.0,"enemies":"Large Slime","floor":11.0,"turns":8.0},{"damage":0.0,"enemies":"2 Fungi Beasts","floor":12.0,"turns":4.0},{"damage":19.0,"enemies":"Gremlin Nob","floor":14.0,"turns":5.0},{"damage":0.0,"enemies":"Hexaghost","floor":16.0,"turns":6.0},{"damage":3.0,"enemies":"Chosen","floor":18.0,"turns":5.0},{"damage":4.0,"enemies":"2 Thieves","floor":19.0,"turns":4.0},{"damage":0.0,"enemies":"Chosen and Byrds","floor":20.0,"turns":6.0},{"damage":0.0,"enemies":"Snake Plant","floor":21.0,"turns":3.0},{"damage":0.0,"enemies":"Snecko","floor":22.0,"turns":4.0},{"damage":0.0,"enemies":"Gremlin Leader","floor":25.0,"turns":5.0},{"damage":1.0,"enemies":"Colosseum Slavers","floor":27.0,"turns":6.0},{"damage":2.0,"enemies":"Colosseum Nobs","floor":27.0,"turns":6.0},{"damage":31.0,"enemies":"Slavers","floor":28.0,"turns":5.0},{"damage":0.0,"enemies":"Shelled Parasite and Fungi","floor":31.0,"turns":4.0},{"damage":10.0,"enemies":"Champ","floor":33.0,"turns":7.0},{"damage":0.0,"enemies":"3 Shapes","floor":35.0,"turns":4.0},{"damage":0.0,"enemies":"3 Darklings","floor":37.0,"turns":4.0},{"damage":0.0,"enemies":"Transient","floor":38.0,"turns":5.0},{"damage":0.0,"enemies":"Mind Bloom Boss Battle","floor":39.0,"turns":5.0},{"damage":0.0,"enemies":"Nemesis","floor":41.0,"turns":5.0},{"damage":25.0,"enemies":"2 Orb Walkers","floor":42.0,"turns":4.0},{"damage":9.0,"enemies":"4 Shapes","floor":46.0,"turns":5.0},{"damage":1.0,"enemies":"Writhing Mass","floor":47.0,"turns":5.0},{"damage":0.0,"enemies":"Time Eater","floor":50.0,"turns":10.0},{"damage":2,"enemies":"Shield and Spear","floor":54,"turns":6},{"damage":63,"enemies":"The Heart","floor":55,"turns":9}],"seed_played":"-5344381514611878210","potions_obtained":[{"floor":1.0,"key":"PowerPotion"},{"floor":5.0,"key":"Explosive Potion"},{"floor":7.0,"key":"Energy Potion"},{"floor":11.0,"key":"SkillPotion"},{"floor":14.0,"key":"Weak Potion"},{"floor":18.0,"key":"Weak Potion"},{"floor":19.0,"key":"EntropicBrew"},{"floor":20.0,"key":"Energy Potion"},{"floor":25.0,"key":"Poison Potion"},{"floor":33.0,"key":"Explosive Potion"},{"floor":41.0,"key":"AttackPotion"},{"floor":54,"key":"Dexterity Potion"}],"is_trial":false,"path_per_floor":["M","M","?","?","M","R","E","R","T","M","M","M","$","E","R","B",null,"M","M","M","M","M","R","$","E","T","?","E","$","R","M","R","B",null,"M","?","M","M","?","R","E","?","T","$","R","M","M","T","R","B",null,"R","$","E","B",null],"character_chosen":"THE_SILENT","items_purchased":["Well Laid Plans","Noxious Fumes","SkillPotion","Poison Potion"],"campfire_rested":1,"item_purchase_floors":[13,24,44,53],"current_hp_per_floor":[77,77,77,70,70,70,70,70,70,68,68,68,68,49,49,49,77,74,70,70,70,70,70,70,70,70,67,36,36,36,36,36,51,77,77,77,77,77,77,77,77,66,66,66,66,57,56,56,83,91,91,91,91,89,28],"gold":30,"neow_bonus":"TEN_PERCENT_HP_BONUS","is_prod":false,"is_daily":false,"chose_seed":false,"campfire_upgraded":8,"win_rate":0,"timestamp":1549571553,"path_taken":["M","M","?","?","M","R","E","R","T","M","M","M","$","E","R","BOSS","M","M","M","M","M","R","$","E","T","?","E","$","R","M","R","BOSS","M","?","M","M","?","R","E","?","T","$","R","M","M","?","R","BOSS","R","$","E","BOSS"],"build_version":"2019-01-23","purchased_purges":4,"victory":true,"max_hp_per_floor":[77,77,77,77,77,77,77,77,77,77,77,77,77,77,77,77,77,77,77,77,77,77,77,77,77,77,77,77,77,77,77,77,77,77,77,77,77,77,77,77,77,91,91,91,91,91,91,91,91,91,91,91,91,91,91],"card_choices":[{"not_picked":["Dagger Spray","Blur"],"picked":"Dash","floor":1.0},{"not_picked":["Blade Dance","Deadly Poison"],"picked":"Noxious Fumes","floor":2.0},{"not_picked":["Deadly Poison","Flying Knee"],"picked":"Leg Sweep","floor":5.0},{"not_picked":["Crippling Poison","Dodge and Roll"],"picked":"Catalyst","floor":7.0},{"not_picked":["Riddle With Holes","Dodge and Roll"],"picked":"Blur","floor":10.0},{"not_picked":["Sucker Punch","Underhanded Strike","Backflip"],"picked":"SKIP","floor":11.0},{"not_picked":["Wraith Form v2","Poisoned Stab"],"picked":"Catalyst","floor":12.0},{"not_picked":["Sucker Punch","Bane","Blade Dance"],"picked":"SKIP","floor":14.0},{"not_picked":["Burst","Tools of the Trade"],"picked":"Adrenaline","floor":16.0},{"not_picked":["Deflect","Quick Slash","Flying Knee"],"picked":"SKIP","floor":18.0},{"not_picked":["Skewer+1","Prepared+1","Terror"],"picked":"SKIP","floor":19.0},{"not_picked":["Dagger Spray","Cloak And Dagger+1","Distraction"],"picked":"SKIP","floor":20.0},{"not_picked":["Riddle With Holes","Flying Knee+1","Outmaneuver"],"picked":"SKIP","floor":21.0},{"not_picked":["Dodge and Roll","Acrobatics","Underhanded Strike"],"picked":"SKIP","floor":22.0},{"not_picked":["All Out Attack","Expertise","Quick Slash+1"],"picked":"SKIP","floor":25.0},{"not_picked":["Doppelganger","Phantasmal Killer","Acrobatics"],"picked":"SKIP","floor":28.0},{"not_picked":["Backflip","Slice+1","Sucker Punch"],"picked":"SKIP","floor":31.0},{"not_picked":["Tools of the Trade","Die Die Die"],"picked":"Bullet Time","floor":33.0},{"not_picked":["Dagger Throw"],"picked":"SKIP","floor":35.0},{"not_picked":["Blade Dance+1"],"picked":"SKIP","floor":37.0},{"not_picked":["Dagger Spray+1"],"picked":"SKIP","floor":38.0},{"not_picked":["Well Laid Plans"],"picked":"SKIP","floor":41.0},{"not_picked":["Poisoned Stab"],"picked":"SKIP","floor":46.0},{"not_picked":["Finisher+1"],"picked":"SKIP","floor":47.0},{"not_picked":[],"picked":"PiercingWail+1","floor":54}],"player_experience":167735,"relics_obtained":[{"floor":7.0,"key":"Snake Skull"},{"floor":14.0,"key":"Boot"},{"floor":25.0,"key":"Pantograph"},{"floor":26.0,"key":"Pen Nib"},{"floor":27.0,"key":"Gambling Chip"},{"floor":27.0,"key":"Dodecahedron"},{"floor":28.0,"key":"Ancient Tea Set"},{"floor":39.0,"key":"Nunchaku"},{"floor":41.0,"key":"Shuriken"},{"floor":42.0,"key":"Mango"},{"floor":43.0,"key":"Lantern"},{"floor":48.0,"key":"Paper Crane"},{"floor":54,"key":"Blood Vial"}],"event_choices":[{"cards_removed":["Strike_G"],"damage_healed":0.0,"max_hp_gain":0.0,"max_hp_loss":0.0,"gold_gain":0.0,"event_name":"The Cleric","player_choice":"Card Removal","floor":3.0,"gold_loss":50.0,"damage_taken":0.0},{"damage_healed":0.0,"max_hp_gain":0.0,"max_hp_loss":0.0,"gold_gain":0.0,"event_name":"Scrap Ooze","player_choice":"Success","floor":4.0,"gold_loss":0.0,"damage_taken":7.0,"relics_obtained":["War Paint"]},{"damage_healed":0.0,"max_hp_gain":0.0,"max_hp_loss":0.0,"gold_gain":0.0,"event_name":"Colosseum","player_choice":"Fight","floor":27.0,"gold_loss":0.0,"damage_taken":0.0},{"damage_healed":0.0,"max_hp_gain":0.0,"max_hp_loss":0.0,"gold_gain":0.0,"event_name":"Colosseum","player_choice":"Fought Nobs","floor":27.0,"gold_loss":0.0,"damage_taken":0.0},{"damage_healed":0.0,"max_hp_gain":0.0,"max_hp_loss":0.0,"gold_gain":0.0,"event_name":"Tomb of Lord Red Mask","player_choice":"Paid","floor":36.0,"gold_loss":258.0,"damage_taken":0.0,"relics_obtained":["Red Mask"]},{"damage_healed":0.0,"max_hp_gain":0.0,"max_hp_loss":0.0,"gold_gain":0.0,"event_name":"MindBloom","player_choice":"Fight","floor":39.0,"gold_loss":0.0,"damage_taken":0.0},{"damage_healed":0.0,"max_hp_gain":0.0,"max_hp_loss":0.0,"gold_gain":0.0,"event_name":"Mysterious Sphere","player_choice":"Fight","floor":42.0,"gold_loss":0.0,"damage_taken":0.0}],"is_beta":false,"boss_relics":[{"not_picked":["Eternal Feather","Calling Bell"],"picked":"Runic Pyramid"},{"not_picked":["Fusion Hammer","HoveringKite"],"picked":"Busted Crown"}],"items_purged_floors":[13,24,29,44],"is_endless":false,"potions_floor_spawned":[1,5,7,11,12,14,18,19,20,25,27,33,35,37,39,41,54],"ascension_level":1}