{"gold_per_floor":[111,91,101,51,51,51,84,99,99,31,31,66,66,84,84,183,183,198,198,7,23,56,56,81,81,81,156,168,168,168,182,182,284,284,298,317,372,372,388,388,398,415,415,16,238,6,19,37,37,37],"floor_reached":51,"playtime":1957,"items_purged":["Normality"],"score":985,"play_id":"bf63376c-1faf-49ab-9537-e7e27d151e47","local_time":"20190205141444","is_ascension_mode":true,"campfire_choices":[{"data":"Tempest","floor":6,"key":"SMITH"},{"data":"Defragment","floor":11,"key":"SMITH"},{"floor":13,"key":"REST"},{"data":"Conserve Battery","floor":15,"key":"SMITH"},{"floor":23,"key":"REST"},{"data":"Conserve Battery","floor":25,"key":"SMITH"},{"data":"Chill","floor":30,"key":"SMITH"},{"floor":32,"key":"REST"},{"floor":40,"key":"REST"},{"floor":49,"key":"REST"}],"neow_cost":"NONE","seed_source_timestamp":1704327094473394,"circlet_count":0,"master_deck":["Strike_B","Strike_B","Defend_B","Defend_B","Defend_B","Zap+1","Dualcast","Reinforced Body","Tempest+1","Conserve Battery+1","Chill+1","Defragment+1","Conserve Battery","Capacitor","Electrodynamics","Coolheaded","Defragment+1","Barrage+1","Conserve Battery+1","Fusion+1","Compile Driver+1","Coolheaded+1","Gash+1","Madness","Madness","Glacier","Parasite","Defragment","FTL"],"relics":["Cracked Core","NeowsBlessing","Mango","Calipers","Torii","Empty Cage","Runic Capacitor","Red Mask","Girya","Symbiotic Virus","Cursed Key","Du-Vu Doll","Blue Candle","Bottled Tornado","DataDisk"],"potions_floor_usage":[12,12,14,24,33,33,37,48,50,50],"damage_taken":[{"damage":0,"enemies":"Cultist","floor":1,"turns":1},{"damage":0,"enemies":"2 Louse","floor":3,"turns":1},{"damage":0,"enemies":"3 Sentries","floor":7,"turns":1},{"damage":7,"enemies":"Small Slimes","floor":8,"turns":3},{"damage":24,"enemies":"Gremlin Nob","floor":12,"turns":4},{"damage":7,"enemies":"Exordium Wildlife","floor":14,"turns":2},{"damage":10,"enemies":"The Guardian","floor":16,"turns":11},{"damage":13,"enemies":"3 Byrds","floor":18,"turns":3},{"damage":7,"enemies":"Chosen","floor":21,"turns":4},{"damage":0,"enemies":"Masked Bandits","floor":22,"turns":2},{"damage":2,"enemies":"Book of Stabbing","floor":24,"turns":7},{"damage":0,"enemies":"Centurion and Healer","floor":28,"turns":4},{"damage":18,"enemies":"Colosseum Slavers","floor":29,"turns":4},{"damage":0,"enemies":"3 Cultists","floor":31,"turns":4},{"damage":0,"enemies":"Automaton","floor":33,"turns":11},{"damage":1,"enemies":"Orb Walker","floor":35,"turns":4},{"damage":0,"enemies":"3 Darklings","floor":36,"turns":5},{"damage":44,"enemies":"2 Orb Walkers","floor":37,"turns":5},{"damage":17,"enemies":"Spire Growth","floor":39,"turns":4},{"damage":0,"enemies":"Writhing Mass","floor":41,"turns":6},{"damage":1,"enemies":"Maw","floor":42,"turns":7},{"damage":0,"enemies":"3 Darklings","floor":47,"turns":2},{"damage":0,"enemies":"Transient","floor":48,"turns":5},{"damage":2,"enemies":"Awakened One","floor":50,"turns":14}],"seed_played":"-8788053665231820806","potions_obtained":[{"floor":1,"key":"PowerPotion"},{"floor":2,"key":"SneckoOil"},{"floor":12,"key":"AttackPotion"},{"floor":16,"key":"PowerPotion"},{"floor":21,"key":"EssenceOfSteel"},{"floor":28,"key":"Strength Potion"},{"floor":36,"key":"Regen Potion"},{"floor":39,"key":"Block Potion"},{"floor":41,"key":"Strength Potion"},{"floor":42,"key":"Block Potion"}],"is_trial":false,"path_per_floor":["M","?","M","?","?","R","E","M","T","$","R","E","R","M","R","B",null,"M","?","$","M","?","R","E","R","T","?","M","?","R","M","R","B",null,"M","M","?","?","M","R","M","M","T","$","?","$","M","M","R","B",null],"character_chosen":"DEFECT","items_purchased":["Defragment","Runic Capacitor","Bottled Tornado","Defragment","DataDisk","FTL"],"campfire_rested":5,"item_purchase_floors":[10,20,44,44,46,46],"current_hp_per_floor":[68,68,68,68,68,68,82,75,75,75,75,51,77,70,70,60,82,69,69,69,62,62,88,86,86,86,78,78,60,60,60,86,86,88,87,87,52,41,24,50,50,49,49,49,49,49,49,49,75,73],"gold":37,"neow_bonus":"THREE_ENEMY_KILL","is_prod":false,"is_daily":false,"chose_seed":false,"campfire_upgraded":5,"win_rate":0,"timestamp":1549394084,"path_taken":["M","?","?","?","?","R","E","M","T","$","R","E","R","?","R","BOSS","M","?","$","?","?","R","E","R","T","?","?","?","R","M","R","BOSS","M","M","?","?","?","R","M","M","T","$","?","?","M","M","R","BOSS"],"build_version":"2019-01-23","purchased_purges":1,"victory":true,"max_hp_per_floor":[75,75,75,75,75,75,89,89,89,89,89,89,89,89,89,89,89,89,89,89,89,89,89,89,89,89,89,89,89,89,89,89,89,89,89,89,89,89,89,89,89,89,89,89,89,89,89,89,89,89],"card_choices":[{"not_picked":["Static Discharge","Leap"],"picked":"Reinforced Body","floor":1},{"not_picked":["Recycle","Reprogram"],"picked":"Tempest","floor":3},{"not_picked":["Hologram","Hyperbeam"],"picked":"Conserve Battery","floor":7},{"not_picked":["Storm","Stack"],"picked":"Chill","floor":8},{"not_picked":["Beam Cell","All For One"],"picked":"Conserve Battery","floor":12},{"not_picked":["Sweeping Beam","Cold Snap"],"picked":"Capacitor","floor":14},{"not_picked":["Buffer","Hyperbeam"],"picked":"Electrodynamics","floor":16},{"not_picked":["Turbo","Undo"],"picked":"Coolheaded","floor":18},{"not_picked":["Stack+1","Streamline"],"picked":"Barrage+1","floor":21},{"not_picked":["Stack","Sunder+1"],"picked":"Conserve Battery","floor":22},{"not_picked":["Rip and Tear+1","Scrape","Turbo"],"picked":"SKIP","floor":24},{"not_picked":["Beam Cell","Lockon+1"],"picked":"Fusion+1","floor":28},{"not_picked":["Ball Lightning+1","Double Energy+1"],"picked":"Compile Driver+1","floor":31},{"not_picked":["Beam Cell","Steam","Leap"],"picked":"SKIP","floor":35},{"not_picked":["Leap","Beam Cell"],"picked":"Coolheaded+1","floor":36},{"not_picked":["Barrage+1","Steam+1"],"picked":"Gash+1","floor":37},{"not_picked":["Barrage","Reprogram"],"picked":"Glacier","floor":39},{"not_picked":["Fusion+1","Stack+1","Auto Shields+1"],"picked":"SKIP","floor":41},{"not_picked":["Compile Driver","Fission","Redo"],"picked":"SKIP","floor":42},{"not_picked":["Ball Lightning+1","Storm","Compile Driver"],"picked":"SKIP","floor":47},{"not_picked":["Reinforced Body+1","Hologram","Coolheaded"],"picked":"SKIP","floor":48}],"player_experience":378138,"relics_obtained":[{"floor":7,"key":"Mango"},{"floor":9,"key":"Calipers"},{"floor":12,"key":"Torii"},{"floor":22,"key":"Red Mask"},{"floor":24,"key":"Girya"},{"floor":26,"key":"Symbiotic Virus"},{"floor":37,"key":"Du-Vu Doll"},{"floor":43,"key":"Blue Candle"}],"event_choices":[{"damage_healed":0,"gold_gain":0,"player_choice":"Bought 1 Potion","damage_taken":0,"max_hp_gain":0,"max_hp_loss":0,"event_name":"The Woman in Blue","floor":2,"gold_loss":0},{"cards_removed":["Defend_B"],"damage_healed":0,"gold_gain":0,"player_choice":"Card Removal","damage_taken":0,"max_hp_gain":0,"max_hp_loss":0,"event_name":"The Cleric","floor":4,"gold_loss":50},{"damage_healed":0,"gold_gain":0,"player_choice":"Forge","damage_taken":0,"max_hp_gain":0,"max_hp_loss":0,"event_name":"Accursed Blacksmith","floor":5,"gold_loss":0,"cards_upgraded":["Zap"]},{"damage_healed":0,"gold_gain":0,"player_choice":"Copied","damage_taken":0,"max_hp_gain":0,"max_hp_loss":0,"event_name":"Duplicator","floor":19,"gold_loss":0,"cards_obtained":["Defragment"]},{"damage_healed":0,"gold_gain":0,"player_choice":"Fought Bandits","damage_taken":0,"max_hp_gain":0,"max_hp_loss":0,"event_name":"Masked Bandits","floor":22,"gold_loss":0},{"damage_healed":0,"gold_gain":75,"player_choice":"Touch","damage_taken":8,"max_hp_gain":0,"max_hp_loss":0,"event_name":"FaceTrader","floor":27,"gold_loss":0},{"damage_healed":0,"gold_gain":0,"player_choice":"Fight","damage_taken":0,"max_hp_gain":0,"max_hp_loss":0,"event_name":"Colosseum","floor":29,"gold_loss":0},{"damage_healed":0,"gold_gain":0,"player_choice":"Fled From Nobs","damage_taken":0,"max_hp_gain":0,"max_hp_loss":0,"event_name":"Colosseum","floor":29,"gold_loss":0},{"damage_healed":0,"gold_gain":0,"player_choice":"Fight","damage_taken":0,"max_hp_gain":0,"max_hp_loss":0,"event_name":"Mysterious Sphere","floor":37,"gold_loss":0},{"damage_healed":0,"gold_gain":0,"player_choice":"Embrace Madness","damage_taken":11,"max_hp_gain":0,"max_hp_loss":0,"event_name":"Winding Halls","floor":38,"gold_loss":0,"cards_obtained":["Madness","Madness"]},{"damage_healed":0,"gold_gain":222,"player_choice":"Wore Mask","damage_taken":0,"max_hp_gain":0,"max_hp_loss":0,"event_name":"Tomb of Lord Red Mask","floor":45,"gold_loss":0}],"is_beta":false,"boss_relics":[{"not_picked":["Pandora\u0027s Box","Black Star"],"picked":"Empty Cage"},{"not_picked":["Calling Bell","Runic Dome"],"picked":"Cursed Key"}],"items_purged_floors":[44],"is_endless":false,"potions_floor_spawned":[1,12,16,21,28,29,36,39,41,42],"ascension_level":6}