{"path_per_floor":["M","?","?","?","M","E","?","M","T","R","M","R","$","M","R","B",null,"M","M","$","M","R","?","M","T","?","M","E","R","M","R","B",null,"M","?","?","M","M","R","E","R","T","R","M","M","?","M","R","B"],"character_chosen":"DEFECT","items_purchased":["Heatsinks","Anchor","Capacitor","Capacitor"],"gold_per_floor":[114,114,114,114,124,159,259,276,276,276,292,292,74,94,94,193,193,204,114,64,84,84,84,95,95,145,165,193,193,209,209,313,313,328,328,328,343,362,362,397,397,423,423,439,455,455,472,472,472],"floor_reached":50,"campfire_rested":7,"playtime":2579,"current_hp_per_floor":[69,62,55,60,53,25,25,15,15,39,30,30,30,27,51,17,80,80,55,55,54,54,54,54,54,54,54,16,42,24,50,9,87,40,40,40,34,28,54,24,50,50,76,71,67,67,61,61,3],"items_purged":["Axe Kick"],"gold":472,"score":696,"play_id":"a9a5fb63-3710-4956-a984-7aeaafce924f","local_time":"20180429171954","is_prod":false,"is_daily":false,"chose_seed":false,"is_ascension_mode":false,"campfire_upgraded":3,"timestamp":1524986394,"path_taken":["M","?","?","?","M","E","?","M","T","R","M","R","$","M","R","BOSS","M","?","M","$","?","R","?","M","T","?","M","E","R","M","R","BOSS","M","?","?","?","M","R","E","R","T","R","M","M","?","M","R","BOSS"],"build_version":"2018-04-27v3","seed_source_timestamp":0,"purchased_purges":1,"victory":true,"master_deck":["Defend_B","Defend_B","Defend_B","Zap","Ball Lightning","Storm+1","Sweeping Beam","Creative AI+1","Conserve Battery+1","Stack","Heatsinks+1","Storm+1","FTL","Creative AI+1","Hello World+1","Capacitor+1","Hello World+1","Capacitor+1","Heatsinks+1","Barrage+1","Amplify","Leap+1","Biased Cognition+1","Genetic Algorithm+1","Aggregate+1","Impulse+1","Biased Cognition+1","Capacitor+1","Force Field+1","Force Field+1","Leap","Leap"],"max_hp_per_floor":[75,75,75,80,80,80,80,80,80,80,80,80,80,80,80,80,80,80,80,80,80,80,80,80,80,80,80,87,87,87,87,87,87,87,87,87,87,87,87,87,87,87,87,87,87,87,87,87,87],"relics":["Cracked Core","Frozen Egg 2","Dream Catcher","Letter Opener","Anchor","Velvet Choker","Bottled Lightning","Strawberry","Astrolabe","Darkstone Periapt","Bag of Marbles"],"card_choices":[{"not_picked":["Rebound","Skim"],"picked":"Ball Lightning","floor":0.0},{"not_picked":["Impulse","Axe Kick"],"picked":"Storm","floor":1.0},{"not_picked":["Skim","Chill"],"picked":"Sweeping Beam","floor":5.0},{"not_picked":["Sweeping Beam","Self Repair"],"picked":"Creative AI","floor":6.0},{"not_picked":["Impulse","Sweeping Beam"],"picked":"Conserve Battery","floor":8.0},{"not_picked":["Rip and Tear","Darkness"],"picked":"Axe Kick","floor":10.0},{"not_picked":["Impulse","Skim"],"picked":"Stack","floor":11.0},{"not_picked":["Double Energy","Tempest"],"picked":"Storm","floor":14.0},{"not_picked":["Impulse","Skim"],"picked":"FTL","floor":15.0},{"not_picked":["Reboot","Rainbow"],"picked":"Creative AI","floor":16.0},{"not_picked":["Coolheaded","Leap"],"picked":"Hello World","floor":18.0},{"not_picked":["Leap","Cold Snap"],"picked":"Hello World","floor":19},{"not_picked":["Stack","Impulse"],"picked":"Barrage","floor":24},{"not_picked":["Melter","Doom and Gloom"],"picked":"Amplify","floor":29},{"not_picked":["Reinforced Body","Axe Kick"],"picked":"Leap","floor":30},{"not_picked":["Fission","Prime"],"picked":"Biased Cognition","floor":32},{"not_picked":["Go for the Eyes","Genetic Algorithm"],"picked":"Capacitor","floor":39},{"not_picked":["Rip and Tear","Thunder Strike"],"picked":"Force Field","floor":43},{"not_picked":["Beam Cell","FTL"],"picked":"Force Field","floor":44},{"not_picked":["Stack","Hello World"],"picked":"Leap","floor":47}],"player_experience":7261,"potions_floor_usage":[24,24,32,49,49],"damage_taken":[{"damage":6.0,"enemies":"2 Louse","floor":1.0,"turns":3.0},{"damage":7.0,"enemies":"Small Slimes","floor":5.0,"turns":3.0},{"damage":28.0,"enemies":"3 Sentries","floor":6.0,"turns":5.0},{"damage":10.0,"enemies":"Jaw Worm","floor":8.0,"turns":4.0},{"damage":9.0,"enemies":"Blue Slaver","floor":11.0,"turns":4.0},{"damage":3.0,"enemies":"Looter","floor":14.0,"turns":3.0},{"damage":34.0,"enemies":"The Guardian","floor":16.0,"turns":7.0},{"damage":0.0,"enemies":"3 Byrds","floor":18.0,"turns":3.0},{"damage":6.0,"enemies":"Chosen","floor":19.0,"turns":3.0},{"damage":19,"enemies":"Centurion and Healer","floor":19,"turns":5},{"damage":1,"enemies":"Snecko","floor":21,"turns":3},{"damage":0,"enemies":"3 Cultists","floor":24,"turns":3},{"damage":0,"enemies":"Chosen and Byrds","floor":27,"turns":3},{"damage":45,"enemies":"Slavers","floor":28,"turns":4},{"damage":18,"enemies":"Slaver and Parasite","floor":30,"turns":4},{"damage":41,"enemies":"Automaton","floor":32,"turns":8},{"damage":47,"enemies":"3 Darklings","floor":34,"turns":4},{"damage":6,"enemies":"3 Shapes","floor":37,"turns":3},{"damage":6,"enemies":"Spire Growth","floor":38,"turns":3},{"damage":30,"enemies":"Nemesis","floor":40,"turns":3},{"damage":5,"enemies":"Flame Bruiser 2 Orb","floor":44,"turns":4},{"damage":4,"enemies":"Maw","floor":45,"turns":4},{"damage":6,"enemies":"Spire Growth","floor":47,"turns":3},{"damage":58,"enemies":"Donu and Deca","floor":49,"turns":6}],"event_choices":[{"event_name":"Golden Wing","player_choice":"Card Removal","floor":2.0,"damage_taken":0.0},{"event_name":"Scrap Ooze","player_choice":"success","floor":3.0,"damage_taken":7.0},{"event_name":"Big Fish","player_choice":"Donut","floor":4.0,"damage_taken":0.0},{"event_name":"Golden Shrine","player_choice":"Pray","floor":7.0,"damage_taken":0.0},{"event_name":"Transmorgrifier","player_choice":"Transform","floor":23,"damage_taken":0},{"event_name":"The Joust","player_choice":"Bet on Murderer","floor":26,"damage_taken":0},{"event_name":"Mysterious Sphere","player_choice":"Ignore","floor":35,"damage_taken":0},{"event_name":"Match and Keep!","player_choice":"1 cards matched","floor":36,"damage_taken":0},{"event_name":"Transmorgrifier","player_choice":"Transform","floor":46,"damage_taken":0}],"boss_relics":[{"not_picked":["Philosopher\u0027s Stone","Calling Bell"],"picked":"Astrolabe"}],"potions_floor_spawned":[1,14,16,19,21,27,32,34,40,45,47],"seed_played":"-2143703108830471776","ascension_level":0,"is_trial":false}