{"gold_per_floor":[115,129,129,129,129,165,165,206,206,226,270,270,345,40,40,159,159,177,92,15,28,28],"floor_reached":22,"playtime":1312,"items_purged":["Regret"],"score":313,"play_id":"2df7aa90-c475-4fbe-9712-b112f1a5f2fb","local_time":"20180725140328","is_ascension_mode":true,"campfire_choices":[{"floor":7,"key":"REST"},{"data":"Havoc","floor":12,"key":"SMITH"},{"floor":15,"key":"REST"}],"neow_cost":"CURSE","seed_source_timestamp":0,"circlet_count":0,"master_deck":["Strike_R","Strike_R","Strike_R","Strike_R","Defend_R","Defend_R","Defend_R","Defend_R","Bash","Demon Form","Havoc","Warcry","Infernal Blade","Sword Boomerang","Limit Break","Disarm","Havoc+1","Exhume","Heavy Blade","J.A.X."],"special_seed":0,"relics":["Burning Blood","Smiling Mask","Golden Idol","Red Skull","Ornamental Fan","Meat on the Bone","Paper Frog","Bottled Tornado","Philosopher\u0027s Stone","Gremlin Horn"],"potions_floor_usage":[8,8],"damage_taken":[{"damage":4.0,"enemies":"2 Louse","floor":1.0,"turns":4.0},{"damage":4.0,"enemies":"Cultist","floor":2.0,"turns":3.0},{"damage":44.0,"enemies":"3 Sentries","floor":6.0,"turns":10.0},{"damage":22,"enemies":"Gremlin Nob","floor":8,"turns":4},{"damage":2,"enemies":"Jaw Worm","floor":10,"turns":3},{"damage":30,"enemies":"3 Sentries","floor":11,"turns":8},{"damage":0,"enemies":"Slime Boss","floor":16,"turns":5},{"damage":38,"enemies":"2 Thieves","floor":18,"turns":4},{"damage":36,"enemies":"Shell Parasite","floor":21,"turns":4},{"damage":40,"enemies":"Snake Plant","floor":22,"turns":3}],"seed_played":"-4763222654339421147","potions_obtained":[{"floor":2.0,"key":"Weak Potion"},{"floor":6.0,"key":"Strength Potion"},{"floor":21,"key":"SpeedPotion"}],"is_trial":false,"path_per_floor":["M","M","?","T","?","E","R","E","T","M","E","R","?","$","R","B",null,"M","?","?","M"],"character_chosen":"IRONCLAD","items_purchased":["Bottled Tornado"],"campfire_rested":2,"item_purchase_floors":[14],"current_hp_per_floor":[80,80,80,80,60,22,46,30,30,46,34,34,23,23,47,53,73,53,53,53,35,0],"gold":28,"neow_bonus":"THREE_RARE_CARDS","is_prod":false,"is_daily":false,"chose_seed":false,"campfire_upgraded":1,"win_rate":0,"timestamp":1532520208,"path_taken":["M","M","?","?","?","E","R","E","T","M","E","R","?","?","R","BOSS","M","?","?","M","M"],"build_version":"2018-07-19v2","purchased_purges":1,"victory":false,"max_hp_per_floor":[80,80,80,80,80,80,80,80,80,80,80,80,80,80,80,80,80,80,80,80,80,80],"card_choices":[{"not_picked":["Berserk","Fiend Fire"],"picked":"Demon Form","floor":0.0},{"not_picked":["Shockwave","Spot Weakness"],"picked":"Havoc","floor":1.0},{"not_picked":["Wild Strike","Iron Wave"],"picked":"Warcry","floor":2.0},{"not_picked":["Armaments","Flex"],"picked":"Sword Boomerang","floor":6.0},{"not_picked":["Headbutt","Perfected Strike"],"picked":"Limit Break","floor":8},{"not_picked":["Shrug It Off","Body Slam"],"picked":"Disarm","floor":10},{"not_picked":["Sever Soul","Headbutt"],"picked":"Havoc","floor":11},{"not_picked":["Barricade","Fiend Fire"],"picked":"Exhume","floor":16},{"not_picked":["Infernal Blade","Pommel Strike"],"picked":"Heavy Blade","floor":18},{"not_picked":["Rampage+1","Headbutt+1","Body Slam"],"picked":"SKIP","floor":21}],"player_experience":204843,"relics_obtained":[{"floor":4.0,"key":"Smiling Mask"},{"floor":6.0,"key":"Red Skull"},{"floor":8,"key":"Ornamental Fan"},{"floor":9,"key":"Meat on the Bone"},{"floor":11,"key":"Paper Frog"}],"event_choices":[{"event_name":"Transmorgrifier","player_choice":"Transform","floor":3.0,"damage_taken":0.0},{"event_name":"Golden Idol","player_choice":"Take Damage","floor":5.0,"damage_taken":0.0},{"event_name":"World of Goop","player_choice":"Gather Gold","floor":13,"damage_taken":0},{"event_name":"Addict","player_choice":"Obtained Relic","floor":19,"damage_taken":0},{"event_name":"Drug Dealer","player_choice":"Got JAXXED","floor":20,"damage_taken":0}],"is_beta":false,"boss_relics":[{"not_picked":["Astrolabe","Black Star"],"picked":"Philosopher\u0027s Stone"}],"items_purged_floors":[14],"is_endless":false,"potions_floor_spawned":[2,6,21],"killed_by":"Snake Plant","ascension_level":5}