{"gold_per_floor":[119,132,132,9,9,9,9,9,60,76,151,220,256,270,270,396,396,417,417,1,24,24,67,67],"floor_reached":24,"playtime":926,"items_purged":["Strike_B"],"score":312,"play_id":"bc53bc0f-8be0-4538-adb4-6abfe078c666","local_time":"20190223084829","daily_mods":["Heirloom","Time Dilation","Flight"],"is_ascension_mode":false,"campfire_choices":[{"data":"Zap","floor":6.0,"key":"SMITH"},{"floor":15.0,"key":"REST"}],"neow_cost":"","seed_source_timestamp":0,"circlet_count":0,"master_deck":["Strike_B","Strike_B","Defend_B","Defend_B","Defend_B","Defend_B","Zap+1","Dualcast","Ball Lightning","Glacier","Finesse","Hologram","strawberrySpire:NeonFlight","Capacitor","hubris:PowerSurge","conspire:Rain","Conserve Battery","Cold Snap","Loop","hubris:PowerSurge","Defragment","Capacitor","strawberrySpire:NeonFlight","Shame","Ball Lightning"],"special_seed":0,"relics":["Cracked Core","Durian","ReplayTheSpireMod:ShopPack","Golden Idol","The Courier","aspiration:EnhancedActuators","conspire:TopHat","conspire:GlowingRock","hubris:Stopwatch","BargainBundle","theJungle:SneckoAutograph","Centennial Puzzle"],"potions_floor_usage":[],"damage_taken":[{"damage":0.0,"enemies":"Cultist","floor":1.0,"turns":3.0},{"damage":6.0,"enemies":"Jaw Worm","floor":2.0,"turns":3.0},{"damage":0.0,"enemies":"2 Louse","floor":10.0,"turns":2.0},{"damage":14.0,"enemies":"Lagavulin Event","floor":12.0,"turns":7.0},{"damage":11.0,"enemies":"Gremlin Nob","floor":13.0,"turns":5.0},{"damage":3.0,"enemies":"Looter","floor":14.0,"turns":3.0},{"damage":27.0,"enemies":"Fading Forest","floor":16.0,"turns":11.0},{"damage":0.0,"enemies":"theJungle:GiantWrat","floor":18.0,"turns":7.0},{"damage":0.0,"enemies":"Shell Parasite","floor":21.0,"turns":4.0},{"damage":35.0,"enemies":"theJungle:Cassacara","floor":23.0,"turns":10.0},{"damage":0,"enemies":"theJungle:2_Snecko_Cultists","floor":24,"turns":1}],"seed_played":"-8979526001339357066","potions_obtained":[{"floor":1.0,"key":"Strength Potion"},{"floor":3.0,"key":"Flashbang"},{"floor":3.0,"key":"Toxic Potion"},{"floor":10.0,"key":"Explosive Potion"},{"floor":16.0,"key":"Dexterity Potion"}],"is_trial":true,"path_per_floor":["M","M","?","$","?","R","?","?","T","M","?","?","E","M","R","B",null,"M","?","$","M","?","E","M"],"character_chosen":"DEFECT","items_purchased":["ReplayTheSpireMod:ShopPack","Cold Snap","BargainBundle","Loop","hubris:PowerSurge","Defragment","Capacitor"],"campfire_rested":1,"item_purchase_floors":[4,20,20,20,20,20,20],"current_hp_per_floor":[80,74,74,74,54,54,51,51,51,51,40,26,15,12,36,9,80,80,80,80,80,80,45,45],"gold":67,"neow_bonus":"","is_prod":false,"is_daily":false,"chose_seed":false,"campfire_upgraded":1,"win_rate":0,"timestamp":1550872109,"path_taken":["M","?","?","?","?","R","?","?","T","?","?","?","E","M","R","BOSS","M","?","$","M","?","E","?"],"build_version":"2019-01-23","purchased_purges":1,"victory":false,"max_hp_per_floor":[80,80,80,80,80,80,80,80,80,80,80,80,80,80,80,80,80,80,80,80,80,80,80,80],"card_choices":[{"not_picked":["Doom and Gloom","strawberrySpire:Adapter"],"picked":"Ball Lightning","floor":1.0},{"not_picked":["strawberrySpire:BreederCore","Genetic Algorithm"],"picked":"Glacier","floor":2.0},{"not_picked":["strawberrySpire:NeglectedBlade","Good Instincts"],"picked":"Finesse","floor":4.0},{"not_picked":["strawberrySpire:Package","Coolheaded"],"picked":"Hologram","floor":10.0},{"not_picked":["Storm","Hologram"],"picked":"strawberrySpire:NeonFlight","floor":12.0},{"not_picked":["Chaos","strawberrySpire:Package"],"picked":"Capacitor","floor":13.0},{"not_picked":["Chill","Coolheaded"],"picked":"hubris:PowerSurge","floor":14.0},{"not_picked":["Buffer","Thunder Strike"],"picked":"conspire:Rain","floor":16.0},{"not_picked":["ReplayTheSpireMod:Dual Polarity","Stack+1"],"picked":"Conserve Battery","floor":18.0},{"not_picked":["Force Field","Compile Driver"],"picked":"strawberrySpire:NeonFlight","floor":21.0},{"not_picked":["strawberrySpire:SearchEngine","Cold Snap"],"picked":"Ball Lightning","floor":23.0}],"player_experience":386206,"relics_obtained":[{"floor":9.0,"key":"aspiration:EnhancedActuators"},{"floor":13.0,"key":"conspire:GlowingRock"},{"floor":23.0,"key":"Centennial Puzzle"}],"event_choices":[{"damage_healed":0.0,"max_hp_gain":0.0,"max_hp_loss":0.0,"gold_gain":0.0,"event_name":"Lab","player_choice":"Got Potions","floor":3.0,"gold_loss":0.0,"damage_taken":0.0},{"damage_healed":0.0,"max_hp_gain":0.0,"max_hp_loss":0.0,"gold_gain":0.0,"event_name":"Golden Idol","player_choice":"Take Damage","floor":5.0,"gold_loss":0.0,"damage_taken":20.0,"relics_obtained":["Golden Idol"]},{"damage_healed":0.0,"max_hp_gain":0.0,"max_hp_loss":0.0,"gold_gain":0.0,"event_name":"Scrap Ooze","player_choice":"Success","floor":7.0,"gold_loss":0.0,"damage_taken":3.0,"relics_obtained":["The Courier"]},{"cards_removed":["Strike_B"],"damage_healed":0.0,"max_hp_gain":0.0,"max_hp_loss":0.0,"gold_gain":0.0,"event_name":"Living Wall","player_choice":"Forget","floor":8.0,"gold_loss":0.0,"damage_taken":0.0},{"damage_healed":0.0,"max_hp_gain":0.0,"max_hp_loss":0.0,"gold_gain":75.0,"event_name":"World of Goop","player_choice":"Gather Gold","floor":11.0,"gold_loss":0.0,"damage_taken":11.0},{"damage_healed":0.0,"max_hp_gain":0.0,"max_hp_loss":0.0,"gold_gain":0.0,"event_name":"Dead Adventurer","player_choice":"Searched \u00272\u0027 times","floor":12.0,"gold_loss":0.0,"damage_taken":0.0,"relics_obtained":["conspire:TopHat"]}],"is_beta":false,"boss_relics":[{"not_picked":["Fusion Hammer","Snecko Eye"],"picked":"hubris:Stopwatch"}],"items_purged_floors":[20],"is_endless":false,"potions_floor_spawned":[1,10,13,14,16,21],"killed_by":"theJungle:2_Snecko_Cultists","ascension_level":0}