{"gold_per_floor":[112,112,130,150,37,65,77,77,77,90,90,125,125,143,143,242,292,281,33,52,52,68,68,79,93,93,106,106,132,132,151,151,151],"floor_reached":33,"playtime":2630,"items_purged":[],"score":320,"play_id":"58ef9960-5a72-46b1-ae72-675d39400774","local_time":"20190118080500","is_ascension_mode":true,"campfire_choices":[{"floor":8,"key":"REST"},{"floor":11,"key":"REST"},{"data":"Blade Dance","floor":13,"key":"SMITH"},{"floor":15,"key":"REST"},{"data":"Accuracy","floor":23,"key":"SMITH"},{"floor":28,"key":"REST"},{"floor":32,"key":"REST"}],"neow_cost":"TEN_PERCENT_HP_LOSS","seed_source_timestamp":126214131185328,"circlet_count":0,"master_deck":["Defend_G","Defend_G","Defend_G","Defend_G","Defend_G","Strike_G","Strike_G+1","Strike_G","Strike_G+1","Strike_G","Survivor","Neutralize","Thinking Ahead","Purity","Infinite Blades","Dodge and Roll","Neutralize+1","Flying Knee","Blade Dance+1","Accuracy+1","Cloak And Dagger","All Out Attack","Flying Knee","Underhanded Strike","Slice","Underhanded Strike","Burst","Sucker Punch","Deflect+1","Backstab+1","A Thousand Cuts","Noxious Fumes","Prepared","Prepared+1","Cloak And Dagger+1","Pain","Blade Dance+1"],"relics":["Ring of the Snake","Whetstone","Bottled Lightning","Kunai","Tiny House","Letter Opener","Orichalcum","Bag of Marbles","Happy Flower","WarpedTongs"],"potions_floor_usage":[6,6,12,18,20,24,25,33],"damage_taken":[{"damage":21,"enemies":"Cultist","floor":1,"turns":5},{"damage":0,"enemies":"2 Louse","floor":3,"turns":4},{"damage":0,"enemies":"Jaw Worm","floor":4,"turns":4},{"damage":9,"enemies":"3 Sentries","floor":6,"turns":6},{"damage":13,"enemies":"Red Slaver","floor":7,"turns":4},{"damage":9,"enemies":"2 Fungi Beasts","floor":10,"turns":4},{"damage":24,"enemies":"Gremlin Nob","floor":12,"turns":4},{"damage":0,"enemies":"Gremlin Gang","floor":14,"turns":4},{"damage":25,"enemies":"Slime Boss","floor":16,"turns":12},{"damage":0,"enemies":"2 Thieves","floor":18,"turns":4},{"damage":2,"enemies":"3 Byrds","floor":20,"turns":3},{"damage":27,"enemies":"Snake Plant","floor":22,"turns":7},{"damage":16,"enemies":"3 Cultists","floor":24,"turns":5},{"damage":14,"enemies":"Snecko","floor":25,"turns":7},{"damage":3,"enemies":"Chosen and Byrds","floor":27,"turns":6},{"damage":29,"enemies":"Book of Stabbing","floor":29,"turns":7},{"damage":10,"enemies":"3 Cultists","floor":31,"turns":3},{"damage":28,"enemies":"Automaton","floor":33,"turns":4}],"seed_played":"3447257204168261004","potions_obtained":[{"floor":3,"key":"EssenceOfSteel"},{"floor":4,"key":"LiquidBronze"},{"floor":10,"key":"Fruit Juice"},{"floor":16,"key":"LiquidBronze"},{"floor":17,"key":"Block Potion"},{"floor":18,"key":"Fire Potion"},{"floor":22,"key":"Regen Potion"},{"floor":24,"key":"Weak Potion"},{"floor":29,"key":"Weak Potion"}],"is_trial":false,"path_per_floor":["M","?","M","M","$","E","M","R","T","M","R","E","R","M","R","B",null,"M","$","M","?","M","R","M","M","T","M","R","E","?","M","R","B"],"character_chosen":"THE_SILENT","items_purchased":["Accuracy","Cloak And Dagger","Letter Opener"],"campfire_rested":5,"item_purchase_floors":[5,5,19],"current_hp_per_floor":[42,42,42,42,42,33,20,38,38,29,47,28,28,28,48,23,73,73,73,71,71,44,44,42,28,28,25,46,17,17,7,28,0],"gold":151,"neow_bonus":"RANDOM_COLORLESS_2","is_prod":false,"is_daily":false,"chose_seed":false,"campfire_upgraded":2,"win_rate":0,"timestamp":1547816700,"path_taken":["M","?","?","M","$","E","M","R","T","M","R","E","R","M","R","BOSS","M","$","M","?","M","R","?","M","T","?","R","E","?","M","R","BOSS"],"build_version":"2019-01-17v2","purchased_purges":0,"victory":false,"max_hp_per_floor":[63,63,63,63,63,63,63,63,63,63,63,68,68,68,68,68,73,73,73,73,73,73,73,73,73,73,73,73,73,73,73,73,73],"card_choices":[{"not_picked":["PiercingWail","Prepared"],"picked":"Infinite Blades","floor":1},{"not_picked":["PiercingWail","Deadly Poison"],"picked":"Flying Knee","floor":3},{"not_picked":["Setup","Sucker Punch"],"picked":"Blade Dance","floor":4},{"not_picked":["Wraith Form v2","Eviscerate"],"picked":"All Out Attack","floor":6},{"not_picked":["Finisher","Acrobatics"],"picked":"Flying Knee","floor":7},{"not_picked":["Dagger Spray","Outmaneuver"],"picked":"Underhanded Strike","floor":10},{"not_picked":["Predator","Deadly Poison"],"picked":"Slice","floor":12},{"not_picked":["Blur","All Out Attack"],"picked":"Underhanded Strike","floor":14},{"not_picked":["Wraith Form v2","Glass Knife"],"picked":"Burst","floor":16},{"not_picked":["Dash","Quick Slash"],"picked":"Sucker Punch","floor":17},{"not_picked":["Sucker Punch","Masterful Stab"],"picked":"Deflect+1","floor":18},{"not_picked":["Dodge and Roll","Deflect+1"],"picked":"Backstab+1","floor":20},{"not_picked":["Dagger Throw","Dodge and Roll"],"picked":"A Thousand Cuts","floor":22},{"not_picked":["Poisoned Stab","Bane"],"picked":"Noxious Fumes","floor":24},{"not_picked":["All Out Attack","Caltrops"],"picked":"Prepared","floor":25},{"not_picked":["Poisoned Stab","Well Laid Plans+1"],"picked":"Prepared+1","floor":27},{"not_picked":["PiercingWail+1","Deadly Poison"],"picked":"Cloak And Dagger+1","floor":29},{"not_picked":["Acrobatics","Dagger Throw"],"picked":"Blade Dance+1","floor":31}],"player_experience":106493,"relics_obtained":[{"floor":6,"key":"Whetstone"},{"floor":9,"key":"Bottled Lightning"},{"floor":12,"key":"Kunai"},{"floor":26,"key":"Bag of Marbles"},{"floor":29,"key":"Happy Flower"}],"event_choices":[{"damage_healed":0,"gold_gain":0,"player_choice":"2 cards matched","damage_taken":0,"max_hp_gain":0,"max_hp_loss":0,"event_name":"Match and Keep!","floor":2,"gold_loss":0,"cards_obtained":["Dodge and Roll","Neutralize"]},{"damage_healed":0,"gold_gain":0,"player_choice":"Gave Potion","damage_taken":0,"relics_obtained":["Orichalcum"],"max_hp_gain":0,"max_hp_loss":0,"event_name":"WeMeetAgain","floor":21,"gold_loss":0},{"damage_healed":0,"gold_gain":0,"player_choice":"Rummage","damage_taken":0,"relics_obtained":["WarpedTongs"],"max_hp_gain":0,"max_hp_loss":0,"event_name":"Accursed Blacksmith","floor":30,"gold_loss":0,"cards_obtained":["Pain"]}],"is_beta":false,"boss_relics":[{"not_picked":["Ectoplasm","Orrery"],"picked":"Tiny House"}],"items_purged_floors":[],"is_endless":false,"potions_floor_spawned":[3,4,10,16,18,22,24,29],"killed_by":"Automaton","ascension_level":1}