{"gold_per_floor":[115,133,133,145,163,193,193,193,218,239,250,261,261,293,293,388,388,398,313,673,673],"floor_reached":21,"playtime":1404,"items_purged":[],"score":236,"play_id":"cabccb77-e83d-4ffc-8975-e718bf2ecf4a","local_time":"20180805104858","is_ascension_mode":true,"campfire_choices":[{"data":"Infernal Blade","floor":8.0,"key":"SMITH"},{"data":"Infernal Blade","floor":13.0,"key":"SMITH"},{"data":"Flex","floor":15.0,"key":"SMITH"}],"neow_cost":"NONE","seed_source_timestamp":0,"circlet_count":0,"master_deck":["Strike_R+1","Strike_R","Strike_R","Strike_R+1","Defend_R","Defend_R","Defend_R","Defend_R","Bash","Brutality","Reckless Charge","Infernal Blade+1","Flex+1","Warcry","Reckless Charge","Madness","Brutality","Infernal Blade+1","Reckless Charge","Offering"],"special_seed":0,"relics":["Black Blood","Whetstone","Strawberry","Odd Mushroom","Regal Pillow","Paper Frog"],"potions_floor_usage":[18,21],"damage_taken":[{"damage":13.0,"enemies":"Jaw Worm","floor":1.0,"turns":5.0},{"damage":0.0,"enemies":"Small Slimes","floor":2.0,"turns":2.0},{"damage":6.0,"enemies":"Cultist","floor":4.0,"turns":3.0},{"damage":3.0,"enemies":"Exordium Wildlife","floor":5.0,"turns":4.0},{"damage":15.0,"enemies":"Gremlin Nob","floor":6.0,"turns":3.0},{"damage":1.0,"floor":10.0,"turns":2.0},{"damage":3.0,"enemies":"Blue Slaver","floor":11.0,"turns":3.0},{"damage":31.0,"enemies":"Gremlin Gang","floor":12.0,"turns":5.0},{"damage":25.0,"enemies":"Lagavulin","floor":14.0,"turns":5.0},{"damage":48.0,"enemies":"Slime Boss","floor":16.0,"turns":10.0},{"damage":30,"enemies":"2 Thieves","floor":18,"turns":4},{"damage":17,"enemies":"3 Byrds","floor":21,"turns":2}],"seed_played":"2337620988315055095","potions_obtained":[{"floor":4.0,"key":"Strength Potion"},{"floor":6.0,"key":"Fire Potion"},{"floor":10.0,"key":"Ancient Potion"},{"floor":11.0,"key":"BloodPotion"},{"floor":12.0,"key":"SneckoOil"},{"floor":16.0,"key":"Regen Potion"}],"is_trial":false,"path_per_floor":["M","M","?","M","M","E","?","R","T","?","M","M","R","E","R","B",null,"M","?","?"],"character_chosen":"IRONCLAD","items_purchased":[],"campfire_rested":0,"item_purchase_floors":[],"current_hp_per_floor":[73,79,79,79,80,71,71,71,78,83,86,61,61,50,50,8,67,47,47,7,0],"gold":673,"neow_bonus":"ONE_RANDOM_RARE_CARD","is_prod":false,"is_daily":false,"chose_seed":false,"campfire_upgraded":3,"win_rate":0,"timestamp":1533458938,"path_taken":["M","M","?","M","M","E","?","R","T","?","M","?","R","E","R","BOSS","M","?","?","M"],"build_version":"2018-08-02","purchased_purges":0,"victory":false,"max_hp_per_floor":[80,80,80,80,80,80,80,80,87,87,87,87,87,87,87,87,87,87,87,87,87],"card_choices":[{"not_picked":["Thunderclap","Clothesline"],"picked":"Reckless Charge","floor":1.0},{"not_picked":["Pommel Strike","Shrug It Off","Sword Boomerang"],"picked":"SKIP","floor":2.0},{"not_picked":["Combust","Wild Strike"],"picked":"Flex","floor":4.0},{"not_picked":["Pummel","Perfected Strike"],"picked":"Warcry","floor":5.0},{"not_picked":["Ghostly Armor","Wild Strike"],"picked":"Reckless Charge","floor":6.0},{"not_picked":["Hemokinesis","Sword Boomerang","Clothesline"],"picked":"SKIP","floor":11.0},{"not_picked":["Perfected Strike","Juggernaut"],"picked":"Infernal Blade","floor":12.0},{"not_picked":["Wild Strike","Ghostly Armor"],"picked":"Reckless Charge","floor":14.0},{"not_picked":["Bludgeon","Exhume"],"picked":"Offering","floor":16.0},{"not_picked":["Armaments","Pommel Strike","Bloodletting"],"picked":"SKIP","floor":18}],"player_experience":259446,"relics_obtained":[{"floor":6.0,"key":"Whetstone"},{"floor":9.0,"key":"Strawberry"},{"floor":10.0,"key":"Odd Mushroom"},{"floor":14.0,"key":"Regal Pillow"}],"event_choices":[{"event_name":"Living Wall","player_choice":"Change","floor":3.0,"damage_taken":0.0},{"event_name":"Match and Keep!","player_choice":"2 cards matched","floor":7.0,"damage_taken":0.0},{"event_name":"Mushrooms","player_choice":"Fought Mushrooms","floor":10.0,"damage_taken":0.0},{"event_name":"Addict","player_choice":"Obtained Relic","floor":19,"damage_taken":0},{"event_name":"Knowing Skull","player_choice":"GOLD GOLD GOLD GOLD ","floor":20,"damage_taken":0}],"is_beta":false,"boss_relics":[{"not_picked":["Fusion Hammer","Coffee Dripper"],"picked":"Black Blood"}],"items_purged_floors":[],"is_endless":false,"potions_floor_spawned":[4,6,10,11,12,16],"killed_by":"3 Byrds","ascension_level":5}