{"gold_per_floor":[109,109,109,124,71,71,102,102,102,102,118,1,24,4,4,124,124,144,178,14,37,51,51,51,66,66,96,108,120,30,50,50,170,170,184,20,20,40,40,40,75,94,94,94,94,112,112,137,137,137],"floor_reached":50,"playtime":1990,"items_purged":[],"score":598,"play_id":"896c9e4a-e74a-44d9-8757-a9982fb250af","local_time":"20190128175932","is_ascension_mode":true,"campfire_choices":[{"floor":6,"key":"REST"},{"data":"Zap","floor":8,"key":"SMITH"},{"floor":15,"key":"REST"},{"data":"White Noise","floor":23,"key":"SMITH"},{"floor":32,"key":"REST"},{"data":"Loop","floor":40,"key":"SMITH"},{"floor":45,"key":"REST"},{"data":"Mayhem","floor":47,"key":"SMITH"},{"data":"Go for the Eyes","floor":49,"key":"SMITH"}],"neow_cost":"NONE","seed_source_timestamp":1026565824554613,"circlet_count":0,"master_deck":["Strike_B","Strike_B","Strike_B","Strike_B+1","Defend_B","Defend_B","Defend_B","Defend_B+1","Zap+1","Dualcast","Conserve Battery","Coolheaded","Go for the Eyes","Melter","Coolheaded","Loop+1","Conserve Battery","Electrodynamics","BootSequence+1","FTL","Go for the Eyes","Steam+1","White Noise+1","Compile Driver+1","Reinforced Body","Dramatic Entrance","Go for the Eyes+1","Biased Cognition","Redo+1","Mayhem+1","Self Repair","Darkness"],"relics":["Cracked Core","NeowsBlessing","Oddly Smooth Stone","Golden Idol","PreservedInsect","The Courier","Bag of Preparation","Busted Crown","Red Mask","Tiny Chest","MawBank","Nilry\u0027s Codex","Nuclear Battery","MealTicket","Mercury Hourglass","Bag of Marbles","Dead Branch","Cables"],"potions_floor_usage":[16,33,33,33,33,33,33,48],"damage_taken":[{"damage":0,"enemies":"Small Slimes","floor":1,"turns":1},{"damage":0,"enemies":"Jaw Worm","floor":4,"turns":1},{"damage":0,"enemies":"Gremlin Nob","floor":7,"turns":1},{"damage":0,"enemies":"2 Louse","floor":11,"turns":1},{"damage":5,"enemies":"Exordium Wildlife","floor":13,"turns":4},{"damage":20,"enemies":"The Guardian","floor":16,"turns":14},{"damage":11,"enemies":"2 Thieves","floor":18,"turns":3},{"damage":0,"enemies":"Masked Bandits","floor":19,"turns":3},{"damage":0,"enemies":"Chosen","floor":21,"turns":4},{"damage":10,"enemies":"Snecko","floor":22,"turns":5},{"damage":13,"enemies":"Chosen and Byrds","floor":25,"turns":7},{"damage":16,"enemies":"Snake Plant","floor":27,"turns":5},{"damage":6,"enemies":"Cultist and Chosen","floor":31,"turns":4},{"damage":37,"enemies":"Automaton","floor":33,"turns":14},{"damage":11,"enemies":"3 Darklings","floor":35,"turns":4},{"damage":0,"enemies":"3 Shapes","floor":38,"turns":6},{"damage":33,"enemies":"Giant Head","floor":41,"turns":9},{"damage":0,"enemies":"Writhing Mass","floor":42,"turns":5},{"damage":0,"enemies":"Maw","floor":46,"turns":5},{"damage":0,"enemies":"Jaw Worm Horde","floor":48,"turns":4},{"damage":68,"enemies":"Awakened One","floor":50,"turns":15}],"seed_played":"229175488375457570","potions_obtained":[{"floor":4,"key":"Poison Potion"},{"floor":7,"key":"EssenceOfSteel"},{"floor":16,"key":"EntropicBrew"},{"floor":21,"key":"Strength Potion"},{"floor":46,"key":"Block Potion"}],"is_trial":false,"path_per_floor":["M","?","?","M","$","R","E","R","T","?","M","$","M","$","R","B",null,"M","?","$","M","M","R","?","M","T","M","?","?","$","M","R","B",null,"M","$","?","M","T","R","E","M","T","T","R","M","R","M","R","B"],"character_chosen":"DEFECT","items_purchased":["Go for the Eyes","Bag of Preparation","Conserve Battery","Tiny Chest","FTL","Go for the Eyes","Reinforced Body","Dramatic Entrance","MealTicket"],"campfire_rested":4,"item_purchase_floors":[5,12,14,20,20,20,30,30,36],"current_hp_per_floor":[75,57,39,39,39,61,61,61,61,46,46,46,41,41,63,43,75,64,64,64,64,54,54,75,62,62,46,46,30,30,24,46,9,75,64,64,64,64,64,64,31,31,31,31,53,60,60,67,67,0],"gold":137,"neow_bonus":"THREE_ENEMY_KILL","is_prod":false,"is_daily":false,"chose_seed":false,"campfire_upgraded":5,"win_rate":0,"timestamp":1548716372,"path_taken":["M","?","?","M","$","R","E","R","T","?","?","?","M","?","R","BOSS","M","?","$","M","M","R","?","M","T","M","?","?","$","M","R","BOSS","M","$","?","M","?","R","E","M","T","?","R","M","R","M","R","BOSS"],"build_version":"2019-01-23","purchased_purges":0,"victory":false,"max_hp_per_floor":[75,75,75,75,75,75,75,75,75,75,75,75,75,75,75,75,75,75,75,75,75,75,75,75,75,75,75,75,75,75,75,75,75,75,75,75,75,75,75,75,75,75,75,75,75,75,75,75,75,75],"card_choices":[{"not_picked":["Streamline","Stack"],"picked":"Conserve Battery","floor":1},{"not_picked":["Sunder","Gash"],"picked":"Coolheaded","floor":4},{"not_picked":["Amplify","Heatsinks"],"picked":"Melter","floor":7},{"not_picked":["Barrage","Ball Lightning"],"picked":"Coolheaded","floor":11},{"not_picked":["Coolheaded","Ball Lightning"],"picked":"Loop","floor":13},{"not_picked":["Thunder Strike","Biased Cognition"],"picked":"Electrodynamics","floor":16},{"not_picked":["Compile Driver+1"],"picked":"SKIP","floor":18},{"not_picked":[],"picked":"BootSequence+1","floor":19},{"not_picked":[],"picked":"Steam+1","floor":21},{"not_picked":[],"picked":"White Noise","floor":22},{"not_picked":["Barrage"],"picked":"SKIP","floor":25},{"not_picked":[],"picked":"Compile Driver+1","floor":27},{"not_picked":[],"picked":"Go for the Eyes","floor":31},{"not_picked":[],"picked":"Biased Cognition","floor":33},{"not_picked":[],"picked":"Redo+1","floor":35},{"not_picked":[],"picked":"Mayhem","floor":37},{"not_picked":["Auto Shields"],"picked":"SKIP","floor":38},{"not_picked":["Gash"],"picked":"SKIP","floor":41},{"not_picked":[],"picked":"Self Repair","floor":42},{"not_picked":["Turbo"],"picked":"SKIP","floor":46},{"not_picked":[],"picked":"Darkness","floor":48}],"player_experience":248482,"relics_obtained":[{"floor":7,"key":"PreservedInsect"},{"floor":9,"key":"The Courier"},{"floor":19,"key":"Red Mask"},{"floor":26,"key":"MawBank"},{"floor":29,"key":"Nilry\u0027s Codex"},{"floor":39,"key":"Mercury Hourglass"},{"floor":41,"key":"Bag of Marbles"},{"floor":43,"key":"Dead Branch"},{"floor":44,"key":"Cables"}],"event_choices":[{"damage_healed":0,"gold_gain":0,"player_choice":"Success","damage_taken":18,"relics_obtained":["Oddly Smooth Stone"],"max_hp_gain":0,"max_hp_loss":0,"event_name":"Scrap Ooze","floor":2,"gold_loss":0},{"damage_healed":0,"gold_gain":0,"player_choice":"Take Damage","damage_taken":18,"relics_obtained":["Golden Idol"],"max_hp_gain":0,"max_hp_loss":0,"event_name":"Golden Idol","floor":3,"gold_loss":0},{"damage_healed":0,"gold_gain":0,"player_choice":"Entered Light","damage_taken":15,"max_hp_gain":0,"max_hp_loss":0,"event_name":"Shining Light","floor":10,"gold_loss":0,"cards_upgraded":["Defend_B","Strike_B"]},{"damage_healed":0,"gold_gain":0,"player_choice":"Fought Bandits","damage_taken":0,"max_hp_gain":0,"max_hp_loss":0,"event_name":"Masked Bandits","floor":19,"gold_loss":0},{"damage_healed":25,"gold_gain":0,"player_choice":"Heal","damage_taken":0,"max_hp_gain":0,"max_hp_loss":0,"event_name":"The Library","floor":24,"gold_loss":0},{"damage_healed":0,"gold_gain":0,"player_choice":"Ignored","damage_taken":0,"max_hp_gain":0,"max_hp_loss":0,"event_name":"Beggar","floor":28,"gold_loss":0},{"damage_healed":0,"gold_gain":0,"player_choice":"Obtained Book","damage_taken":16,"max_hp_gain":0,"max_hp_loss":0,"event_name":"Cursed Tome","floor":29,"gold_loss":0},{"damage_healed":0,"gold_gain":0,"player_choice":"Memory 1","damage_taken":0,"max_hp_gain":0,"max_hp_loss":0,"event_name":"SensoryStone","floor":37,"gold_loss":0}],"is_beta":false,"boss_relics":[{"not_picked":["Sozu","Velvet Choker"],"picked":"Busted Crown"},{"not_picked":["Pandora\u0027s Box","Runic Dome"],"picked":"Nuclear Battery"}],"items_purged_floors":[],"is_endless":false,"potions_floor_spawned":[4,7,16,21,22,27,31,46],"killed_by":"Awakened One","ascension_level":3}