{"path_per_floor":["M","M","M","M","M","R","E","R","T","R","M","?","?","M","R","B",null,"M","M","?","?","?","R","E","M","T","R","M","E","?","M","R","B",null,"M","$","?","?","$","R","M","?","T","M","R","?","?","E","R","B"],"character_chosen":"DEFECT","items_purchased":["Heatsinks","Pear"],"gold_per_floor":[116,135,154,172,190,190,224,224,224,224,244,244,244,255,255,350,350,363,373,373,298,298,298,326,339,339,339,356,385,385,396,396,500,500,514,405,405,405,51,51,67,67,94,108,108,0,54,87,87,87],"floor_reached":51,"campfire_rested":3,"playtime":1943,"current_hp_per_floor":[69,69,69,62,50,50,39,39,39,39,28,25,25,23,60,34,75,54,54,40,40,40,40,22,22,36,79,69,53,53,47,90,53,94,69,69,64,52,62,62,22,104,104,92,92,92,75,75,75,36],"items_purged":["Strike_B","Normality"],"gold":87,"score":765,"play_id":"31f3d0f8-1eee-4ff4-a40e-0cf87a7c9cdc","local_time":"20180504133137","is_prod":false,"is_daily":false,"chose_seed":false,"is_ascension_mode":false,"campfire_upgraded":7,"timestamp":1525404697,"path_taken":["M","M","M","M","M","R","E","R","T","R","M","?","?","M","R","BOSS","M","M","?","?","?","R","E","?","T","R","M","E","?","?","R","BOSS","M","$","?","?","$","R","M","?","T","M","R","?","?","E","R","BOSS"],"build_version":"2018-05-02","seed_source_timestamp":0,"purchased_purges":2,"victory":true,"master_deck":["Strike_B","Strike_B","Defend_B","Defend_B","Defend_B","Defend_B","Zap","Dualcast","Biased Cognition+1","Cold Snap","Cold Snap","Buffer+1","Barrage","Storm+1","Sweeping Beam","Capacitor+1","Prime+1","Capacitor+1","Consume+1","Ball Lightning","Storm+1","Amplify","Echo Form","Ball Lightning","Heatsinks","Apotheosis","Jack Of All Trades","Madness","Madness","Stack+1","Barrage","Heatsinks+1"],"max_hp_per_floor":[75,75,75,75,75,75,75,75,75,75,75,75,75,75,75,75,75,75,75,80,80,80,80,80,80,94,94,94,94,94,94,94,94,94,94,94,94,94,104,104,104,104,104,104,104,104,104,104,104,104],"relics":["Cracked Core","DataDisk","Regal Pillow","Ancient Tea Set","Sozu","Matryoshka","Lantern","Mango","Omamori","Black Star","Pear","Prayer Wheel","Bronze Scales","Red Mask","Thread and Needle","Mummified Hand","Ornamental Fan"],"card_choices":[{"not_picked":["Echo Form","Rainbow"],"picked":"Biased Cognition","floor":0.0},{"not_picked":["Go for the Eyes","Conserve Battery"],"picked":"Cold Snap","floor":1.0},{"not_picked":["Rebound","Axe Kick"],"picked":"Cold Snap","floor":2.0},{"not_picked":["Barrage","Rip and Tear"],"picked":"Buffer","floor":3.0},{"not_picked":["Rip and Tear","Doom and Gloom"],"picked":"Barrage","floor":4.0},{"not_picked":["Machine Learning","Reprogram"],"picked":"Storm","floor":5.0},{"not_picked":["All For One","Hologram"],"picked":"Sweeping Beam","floor":7.0},{"not_picked":["Skim","Hologram"],"picked":"Capacitor","floor":11.0},{"not_picked":["All For One","Reboot"],"picked":"Prime","floor":16.0},{"not_picked":["Barrage","Streamline"],"picked":"Capacitor","floor":18.0},{"not_picked":["Stack","BootSequence"],"picked":"Consume","floor":19.0},{"not_picked":["Auto Shields","Rebound"],"picked":"Ball Lightning","floor":24.0},{"not_picked":["Streamline","Sunder"],"picked":"Storm","floor":25.0},{"not_picked":["Stack","Aggregate"],"picked":"Amplify","floor":29.0},{"not_picked":["Prime","All For One"],"picked":"Echo Form","floor":33.0},{"not_picked":["Go for the Eyes","Skim"],"picked":"Ball Lightning","floor":35.0},{"not_picked":["Mind Blast","Thinking Ahead"],"picked":"Apotheosis","floor":37.0},{"not_picked":["Flash of Steel","Blind"],"picked":"Jack Of All Trades","floor":37.0},{"not_picked":["Sweeping Beam","Hologram"],"picked":"Stack","floor":41.0},{"not_picked":["Hologram","Go for the Eyes"],"picked":"Barrage","floor":44.0},{"not_picked":["Glacier","Echo Form"],"picked":"Heatsinks","floor":47.0}],"player_experience":31337,"potions_floor_usage":[50],"damage_taken":[{"damage":6.0,"enemies":"Jaw Worm","floor":1.0,"turns":3.0},{"damage":0.0,"enemies":"Small Slimes","floor":2.0,"turns":3.0},{"damage":0.0,"enemies":"Cultist","floor":3.0,"turns":3.0},{"damage":7.0,"enemies":"2 Fungi Beasts","floor":4.0,"turns":3.0},{"damage":12.0,"enemies":"Lots of Slimes","floor":5.0,"turns":5.0},{"damage":11.0,"enemies":"Gremlin Nob","floor":7.0,"turns":4.0},{"damage":11.0,"enemies":"Blue Slaver","floor":11.0,"turns":3.0},{"damage":2.0,"enemies":"Looter","floor":14.0,"turns":3.0},{"damage":26.0,"enemies":"Hexaghost","floor":16.0,"turns":7.0},{"damage":21.0,"enemies":"2 Thieves","floor":18.0,"turns":4.0},{"damage":0.0,"enemies":"Chosen","floor":19.0,"turns":3.0},{"damage":18.0,"enemies":"Book of Stabbing","floor":24.0,"turns":4.0},{"damage":0.0,"enemies":"Snake Plant","floor":25.0,"turns":3.0},{"damage":10.0,"enemies":"Snecko","floor":28.0,"turns":3.0},{"damage":16.0,"enemies":"Slavers","floor":29.0,"turns":3.0},{"damage":6.0,"enemies":"Cultist and Chosen","floor":31.0,"turns":3.0},{"damage":37.0,"enemies":"Champ","floor":33.0,"turns":6.0},{"damage":25.0,"enemies":"Orb Walker","floor":35.0,"turns":3.0},{"damage":40.0,"enemies":"3 Darklings","floor":41.0,"turns":4.0},{"damage":16.0,"enemies":"4 Shapes","floor":44.0,"turns":2.0},{"damage":17.0,"enemies":"Mysterious Sphere","floor":47.0,"turns":3.0},{"damage":0.0,"enemies":"Giant Head","floor":48.0,"turns":5.0},{"damage":39,"enemies":"Awakened One","floor":50,"turns":6}],"event_choices":[{"event_name":"Scrap Ooze","player_choice":"success","floor":12.0,"damage_taken":3.0},{"event_name":"The Lab","player_choice":"Got Potions","floor":13.0,"damage_taken":0.0},{"event_name":"Forgotten Altar","player_choice":"Shed Blood","floor":20.0,"damage_taken":0.0},{"event_name":"Beggar","player_choice":"Gave Gold","floor":21.0,"damage_taken":0.0},{"event_name":"Drug Dealer","player_choice":"Ignored","floor":22.0,"damage_taken":0.0},{"event_name":"The Woman in Blue","player_choice":"Bought 0 Potions","floor":30.0,"damage_taken":0.0},{"event_name":"SensoryStone","player_choice":"Memory 2","floor":37.0,"damage_taken":0.0},{"event_name":"Winding Halls","player_choice":"Embrace Madness","floor":38.0,"damage_taken":0.0},{"event_name":"Wheel of Change","player_choice":"Full Heal","floor":42.0,"damage_taken":0.0},{"event_name":"Tomb of Lord Red Mask","player_choice":"Paid","floor":46.0,"damage_taken":0.0},{"event_name":"Mysterious Sphere","player_choice":"Fight","floor":47.0,"damage_taken":0.0}],"boss_relics":[],"potions_floor_spawned":[1,3,4,11,18,24,25,29,35,44,47],"seed_played":"205345207126439913","ascension_level":0,"is_trial":false}