{"gold_per_floor":[109,16,91,104,128,162,162,66,66,42,61,61,7,23,23,119,119,129,129],"floor_reached":19,"playtime":799,"items_purged":[],"score":165,"play_id":"5368aee1-d652-4ad0-9902-09dbff1a5554","local_time":"20190117092818","is_ascension_mode":false,"campfire_choices":[{"floor":12,"key":"REST"},{"floor":15,"key":"REST"}],"neow_cost":"TEN_PERCENT_HP_LOSS","seed_source_timestamp":46643405550940,"circlet_count":0,"master_deck":["Strike_B","Strike_B","Strike_B","Strike_B","Defend_B","Defend_B","Defend_B","Defend_B","Zap","Dualcast","Loop","Discovery","Chill","Darkness+1","Darkness","Go for the Eyes","Steam","Gash","Turbo","Streamline","Hyperbeam","Redo"],"relics":["Cracked Core","Calipers","Smiling Mask","Ancient Tea Set","Dodecahedron","White Beast Statue"],"potions_floor_usage":[16,16,16,19],"damage_taken":[{"damage":1,"enemies":"Cultist","floor":1,"turns":3},{"damage":0,"enemies":"Small Slimes","floor":4,"turns":2},{"damage":24,"enemies":"Gremlin Nob","floor":6,"turns":4},{"damage":6,"enemies":"Jaw Worm","floor":11,"turns":3},{"damage":0,"enemies":"2 Fungi Beasts","floor":14,"turns":3},{"damage":28,"enemies":"The Guardian","floor":16,"turns":8},{"damage":30,"enemies":"2 Thieves","floor":18,"turns":4},{"damage":50,"enemies":"Masked Bandits","floor":19,"turns":3}],"seed_played":"-5606942435258505417","potions_obtained":[{"floor":1,"key":"FearPotion"},{"floor":11,"key":"SkillPotion"},{"floor":14,"key":"Ancient Potion"},{"floor":18,"key":"FocusPotion"}],"is_trial":false,"path_per_floor":["M","$","?","M","T","E","?","$","T","$","M","R","$","M","R","B",null,"M","?"],"character_chosen":"DEFECT","items_purchased":["Discovery","Darkness","Go for the Eyes","Steam","Turbo"],"campfire_rested":2,"item_purchase_floors":[2,8,8,10,13],"current_hp_per_floor":[67,67,56,56,56,32,32,32,32,32,26,46,46,46,66,38,68,38,0],"gold":129,"neow_bonus":"ONE_RARE_RELIC","is_prod":false,"is_daily":false,"chose_seed":false,"campfire_upgraded":0,"win_rate":0.0,"timestamp":1547735298,"path_taken":["M","?","?","M","?","E","?","$","T","$","M","R","$","M","R","BOSS","M","?"],"build_version":"2019-01-10","purchased_purges":0,"victory":false,"max_hp_per_floor":[68,68,68,68,68,68,68,68,68,68,68,68,68,68,68,68,68,68,68],"card_choices":[{"not_picked":["Fusion","Go for the Eyes"],"picked":"Loop","floor":1},{"not_picked":["Turbo","Sweeping Beam"],"picked":"Chill","floor":4},{"not_picked":["Hologram","Undo"],"picked":"Darkness","floor":6},{"not_picked":["Leap","Barrage"],"picked":"Gash","floor":11},{"not_picked":["Sweeping Beam","Turbo"],"picked":"Streamline","floor":14},{"not_picked":["Meteor Strike","All For One"],"picked":"Hyperbeam","floor":16},{"not_picked":["Rebound","Steam"],"picked":"Redo","floor":18}],"player_experience":82380,"relics_obtained":[{"floor":5,"key":"Smiling Mask"},{"floor":6,"key":"Ancient Tea Set"},{"floor":9,"key":"Dodecahedron"}],"event_choices":[{"damage_healed":0,"gold_gain":75,"player_choice":"Gather Gold","damage_taken":11,"max_hp_gain":0,"max_hp_loss":0,"event_name":"World of Goop","floor":3,"gold_loss":0},{"damage_healed":0,"gold_gain":0,"player_choice":"Upgraded","damage_taken":0,"max_hp_gain":0,"max_hp_loss":0,"event_name":"Upgrade Shrine","floor":7,"gold_loss":0,"cards_upgraded":["Darkness"]},{"damage_healed":0,"gold_gain":0,"player_choice":"Fought Bandits","damage_taken":0,"max_hp_gain":0,"max_hp_loss":0,"event_name":"Masked Bandits","floor":19,"gold_loss":0}],"is_beta":false,"boss_relics":[{"not_picked":["Sozu","FrozenCore"],"picked":"White Beast Statue"}],"items_purged_floors":[],"is_endless":false,"potions_floor_spawned":[1,11,14,18],"killed_by":"Masked Bandits","ascension_level":0}