{"path_per_floor":["M","?","?","T","M","E","R","M","T","M","R","M","M","?","R","B",null,"M","$","?","$","?","E","?","E","T","M"],"character_chosen":"DEFECT","items_purchased":["Storm","Frozen Egg 2","Capacitor"],"gold_per_floor":[18,193,193,193,204,234,234,249,272,283,283,297,314,279,279,375,375,390,97,97,52,0,27,27,59,111,128,128],"floor_reached":28,"campfire_rested":2,"playtime":862,"current_hp_per_floor":[75,75,60,60,58,17,39,38,38,36,58,50,34,52,52,14,75,66,66,66,66,66,22,22,7,14,3,0],"items_purged":[],"gold":128,"score":294,"play_id":"ce1bdb84-1784-4fe4-9f3e-bc047de7f371","local_time":"20180507145720","is_prod":false,"is_daily":false,"chose_seed":false,"is_ascension_mode":true,"campfire_upgraded":1,"timestamp":1525669040,"path_taken":["M","?","?","?","?","E","R","M","T","M","R","M","?","?","R","BOSS","M","$","?","?","?","E","?","E","T","M","M"],"build_version":"2018-05-03","seed_source_timestamp":0,"purchased_purges":0,"victory":false,"master_deck":["Strike_B+1","Strike_B","Strike_B","Strike_B","Defend_B","Defend_B","Defend_B","Defend_B+1","Zap","Dualcast+1","Biased Cognition","Barrage","Doubt","BootSequence+1","Skim","Capacitor","Consume+1","Capacitor","Sweeping Beam","Leap","Redo","White Noise+1","Storm","Capacitor+1","Leap+1","Storm+1","Capacitor+1"],"max_hp_per_floor":[75,75,75,75,75,75,75,75,75,75,75,75,75,75,75,75,75,75,75,75,75,75,75,75,75,82,82,82],"relics":["Cracked Core","Torii","Dream Catcher","War Paint","Sozu","Frozen Egg 2","Omamori","Oddly Smooth Stone","Strawberry"],"card_choices":[{"not_picked":["Thunder Strike","Echo Form"],"picked":"Biased Cognition","floor":0.0},{"not_picked":["Cold Snap","Hologram"],"picked":"Barrage","floor":1.0},{"not_picked":["Coolheaded","Chill"],"picked":"BootSequence","floor":5.0},{"not_picked":["Cold Snap","BootSequence"],"picked":"Skim","floor":7.0},{"not_picked":["Gash","Streamline"],"picked":"Capacitor","floor":8.0},{"not_picked":["Beam Cell","Go for the Eyes"],"picked":"Consume","floor":10.0},{"not_picked":["Hyperbeam","Turbo"],"picked":"Capacitor","floor":11.0},{"not_picked":["Recycle","Impulse"],"picked":"Sweeping Beam","floor":12.0},{"not_picked":["Beam Cell","Hologram"],"picked":"Leap","floor":13.0},{"not_picked":["Meteor Strike","Multi-Cast"],"picked":"Redo","floor":16.0},{"not_picked":["Capacitor","Glacier"],"picked":"White Noise","floor":18},{"not_picked":["Barrage","Sweeping Beam"],"picked":"Leap","floor":23},{"not_picked":["Chaos","Go for the Eyes"],"picked":"Capacitor","floor":25}],"player_experience":33693,"potions_floor_usage":[25,25,25],"damage_taken":[{"damage":0.0,"enemies":"2 Louse","floor":1.0,"turns":2.0},{"damage":2.0,"enemies":"Small Slimes","floor":5.0,"turns":3.0},{"damage":41.0,"enemies":"Gremlin Nob","floor":6.0,"turns":5.0},{"damage":1.0,"enemies":"Jaw Worm","floor":8.0,"turns":2.0},{"damage":2.0,"enemies":"Blue Slaver","floor":10.0,"turns":3.0},{"damage":8.0,"enemies":"Red Slaver","floor":12.0,"turns":4.0},{"damage":16.0,"enemies":"3 Louse","floor":13.0,"turns":4.0},{"damage":38.0,"enemies":"Hexaghost","floor":16.0,"turns":11.0},{"damage":9,"enemies":"3 Byrds","floor":18,"turns":4},{"damage":44,"enemies":"Gremlin Leader","floor":23,"turns":7},{"damage":15,"enemies":"Slavers","floor":25,"turns":4},{"damage":11,"enemies":"Spheric Guardian","floor":27,"turns":4},{"damage":8,"enemies":"Centurion and Healer","floor":28,"turns":3}],"event_choices":[{"event_name":"Liars Game","player_choice":"agreed","floor":2.0,"damage_taken":0.0},{"event_name":"Shining Light","player_choice":"Entered Light","floor":3.0,"damage_taken":0.0},{"event_name":"The Cleric","player_choice":"Healed","floor":14.0,"damage_taken":0.0},{"event_name":"Ghosts","player_choice":"Ignored","floor":20,"damage_taken":0},{"event_name":"Masked Bandits","player_choice":"Paid Bandits 52 gold","floor":22,"damage_taken":0},{"event_name":"Duplicator","player_choice":"One dupe","floor":24,"damage_taken":0}],"boss_relics":[{"not_picked":["Tiny House","Black Star"],"picked":"Sozu"}],"potions_floor_spawned":[8,10,12,13,18,23,27],"seed_played":"-1960644264620964033","killed_by":"Centurion and Healer","ascension_level":1,"is_trial":false}