{"gold_per_floor":[114,114,129,129,129,129,204,204,280,321,336,157,157,171,171,171],"floor_reached":16,"playtime":882,"items_purged":["Strike_B"],"score":147,"play_id":"a8c5a02a-c46e-47ac-b4f9-88bfccb7d1d7","local_time":"20180825214142","is_ascension_mode":true,"campfire_choices":[{"data":"Multi-Cast","floor":6,"key":"SMITH"},{"floor":8,"key":"REST"},{"floor":13,"key":"REST"},{"data":"Chaos","floor":15,"key":"SMITH"}],"neow_cost":"NONE","seed_source_timestamp":34070051584323,"circlet_count":0,"master_deck":["Strike_B","Strike_B","Defend_B","Defend_B","Defend_B","Defend_B","Zap","AscendersBane","Multi-Cast+1","Conserve Battery","Chaos+1","Biased Cognition","Turbo","Leap"],"relics":["Cracked Core","Golden Idol","Darkstone Periapt","Gremlin Horn"],"potions_floor_usage":[11,16],"damage_taken":[{"damage":0,"enemies":"Small Slimes","floor":1,"turns":2},{"damage":0,"enemies":"Cultist","floor":3,"turns":4},{"damage":43,"enemies":"3 Sentries","floor":10,"turns":8},{"damage":1,"enemies":"2 Louse","floor":11,"turns":2},{"damage":0,"enemies":"2 Fungi Beasts","floor":14,"turns":4},{"damage":56,"enemies":"Slime Boss","floor":16,"turns":12}],"seed_played":"-4973615802052024959","potions_obtained":[{"floor":3,"key":"GamblersBrew"},{"floor":14,"key":"Regen Potion"}],"is_trial":false,"path_per_floor":["M","?","M","?","?","R","?","R","T","E","M","$","R","M","R"],"character_chosen":"DEFECT","items_purchased":["Turbo","Leap"],"campfire_rested":2,"item_purchase_floors":[12,12],"current_hp_per_floor":[68,68,68,61,43,43,32,54,54,11,10,10,32,32,32,0],"gold":171,"neow_bonus":"ONE_RANDOM_RARE_CARD","is_prod":false,"is_daily":false,"chose_seed":false,"campfire_upgraded":2,"win_rate":0,"timestamp":1535226102,"path_taken":["M","?","M","?","?","R","?","R","T","E","M","$","R","?","R","BOSS"],"build_version":"2018-08-23v2","purchased_purges":1,"victory":false,"max_hp_per_floor":[75,75,75,75,75,75,75,75,75,75,75,75,75,75,75,75],"card_choices":[{"not_picked":["Go for the Eyes","Coolheaded"],"picked":"Conserve Battery","floor":1},{"not_picked":["Steam","FTL","Streamline"],"picked":"SKIP","floor":3},{"not_picked":["Go for the Eyes","Recycle"],"picked":"Chaos","floor":10},{"not_picked":["Go for the Eyes","Gash"],"picked":"Biased Cognition","floor":11},{"not_picked":["Melter","Cold Snap","Steam"],"picked":"SKIP","floor":14}],"player_experience":336884,"relics_obtained":[{"floor":9,"key":"Darkstone Periapt"},{"floor":10,"key":"Gremlin Horn"}],"event_choices":[{"event_name":"Purifier","player_choice":"One Purge","floor":2,"damage_taken":0},{"event_name":"Golden Wing","player_choice":"Card Removal","floor":4,"damage_taken":0},{"event_name":"Golden Idol","player_choice":"Take Damage","floor":5,"damage_taken":0},{"event_name":"World of Goop","player_choice":"Gather Gold","floor":7,"damage_taken":0}],"is_beta":false,"boss_relics":[],"items_purged_floors":[12],"is_endless":false,"potions_floor_spawned":[3,14],"killed_by":"Slime Boss","ascension_level":10}