{"gold_per_floor":[109,128,138,8,23,23,57,57,57,132,132,151,151,167,167,266,266,282,297,297,16,29,29,29,39,39,39,70,87,98,98,98,197,197,217,228,129,129,148,148,248,248,302,302,69,96,111,111,111,111],"floor_reached":50,"playtime":1875,"items_purged":["Strike_B"],"score":689,"play_id":"c5b7c4a1-3254-4ebb-b501-3c25e9354d94","local_time":"20190206051809","is_ascension_mode":true,"campfire_choices":[{"floor":6,"key":"REST"},{"data":"Defragment","floor":8,"key":"SMITH"},{"floor":13,"key":"REST"},{"data":"Tempest","floor":15,"key":"SMITH"},{"floor":23,"key":"REST"},{"floor":27,"key":"REST"},{"floor":32,"key":"REST"},{"floor":40,"key":"REST"},{"floor":42,"key":"REST"},{"floor":49,"key":"REST"}],"neow_cost":"NONE","seed_source_timestamp":1758631374425439,"circlet_count":0,"master_deck":["Strike_B","Strike_B","Defend_B","Defend_B","Defend_B","Defend_B","Zap+1","Dualcast","Turbo","Cold Snap","Go for the Eyes","Defragment+1","Ball Lightning","Sweeping Beam","Seek+1","Cold Snap","Self Repair","Tempest+1","Thunder Strike","Hologram","Hologram+1","Defragment","Conserve Battery","Electrodynamics","Necronomicurse","Defragment+1","Consume","Gash","Coolheaded+1","Conserve Battery+1","Leap","Madness","Madness","White Noise","White Noise+1","Double Energy","FTL","Steam+1"],"relics":["Cracked Core","Anchor","Dream Catcher","Inserter","Runic Capacitor","Necronomicon","PreservedInsect","Matryoshka","WingedGreaves","Sozu","Unceasing Top","Bronze Scales","War Paint","Omamori","Gremlin Horn"],"potions_floor_usage":[7,18,18,25,33,33,33],"damage_taken":[{"damage":1,"enemies":"Cultist","floor":1,"turns":3},{"damage":0,"enemies":"2 Louse","floor":2,"turns":3},{"damage":7,"enemies":"Jaw Worm","floor":3,"turns":3},{"damage":17,"enemies":"Large Slime","floor":5,"turns":5},{"damage":22,"enemies":"3 Sentries","floor":7,"turns":5},{"damage":1,"enemies":"Blue Slaver","floor":12,"turns":2},{"damage":5,"enemies":"3 Louse","floor":14,"turns":4},{"damage":14,"enemies":"Slime Boss","floor":16,"turns":9},{"damage":6,"enemies":"3 Byrds","floor":18,"turns":4},{"damage":8,"enemies":"Shell Parasite","floor":19,"turns":5},{"damage":16,"enemies":"Shelled Parasite and Fungi","floor":22,"turns":6},{"damage":26,"enemies":"Snecko","floor":25,"turns":4},{"damage":19,"enemies":"Slavers","floor":28,"turns":2},{"damage":7,"enemies":"Centurion and Healer","floor":29,"turns":4},{"damage":0,"enemies":"Chosen and Byrds","floor":30,"turns":4},{"damage":29,"enemies":"Collector","floor":33,"turns":6},{"damage":0,"enemies":"3 Shapes","floor":35,"turns":4},{"damage":22,"enemies":"3 Darklings","floor":36,"turns":4},{"damage":35,"enemies":"Spire Growth","floor":39,"turns":4},{"damage":9,"enemies":"Mind Bloom Boss Battle","floor":41,"turns":5},{"damage":15,"enemies":"Nemesis","floor":46,"turns":5},{"damage":24,"enemies":"Maw","floor":47,"turns":5},{"damage":77,"enemies":"Donu and Deca","floor":50,"turns":10}],"seed_played":"-7792250198618559457","potions_obtained":[{"floor":5,"key":"SteroidPotion"},{"floor":12,"key":"Swift Potion"},{"floor":16,"key":"Weak Potion"},{"floor":22,"key":"AttackPotion"},{"floor":25,"key":"Poison Potion"},{"floor":28,"key":"Dexterity Potion"},{"floor":29,"key":"EssenceOfSteel"}],"is_trial":false,"path_per_floor":["M","M","M","$","M","R","E","R","T","?","?","M","R","M","R","B",null,"M","M","?","$","M","R","?","M","T","R","E","M","M","?","R","B",null,"M","M","$","?","M","R","?","R","T","?","$","E","M","?","R","B"],"character_chosen":"DEFECT","items_purchased":["Defragment","Ball Lightning","Defragment","Runic Capacitor","Conserve Battery","Leap","Double Energy","Omamori"],"campfire_rested":8,"item_purchase_floors":[4,4,21,21,21,37,45,45],"current_hp_per_floor":[67,67,60,60,43,65,43,43,43,32,32,31,53,55,55,48,68,62,61,61,61,52,74,58,32,32,54,42,42,42,42,64,42,67,74,59,59,50,22,44,42,64,64,64,64,56,39,39,61,0],"gold":111,"neow_bonus":"UPGRADE_CARD","is_prod":false,"is_daily":false,"chose_seed":false,"campfire_upgraded":2,"win_rate":0,"timestamp":1549448289,"path_taken":["M","?","M","$","M","R","E","R","T","?","?","M","R","M","R","BOSS","M","M","?","$","M","R","?","M","T","R","E","M","M","?","R","BOSS","M","M","$","?","M","R","?","R","T","?","$","E","M","?","R","BOSS"],"build_version":"2019-01-23","purchased_purges":1,"victory":false,"max_hp_per_floor":[75,75,75,75,75,75,75,75,75,75,75,75,75,75,75,75,75,75,75,75,75,75,75,75,75,75,75,75,75,75,75,75,75,75,75,75,75,75,75,75,75,75,75,75,75,75,75,75,75,75],"card_choices":[{"not_picked":["Stack","Genetic Algorithm"],"picked":"Turbo","floor":1},{"not_picked":["Streamline","Doom and Gloom"],"picked":"Cold Snap","floor":2},{"not_picked":["Redo","Stack"],"picked":"Go for the Eyes","floor":3},{"not_picked":["Ball Lightning","Turbo"],"picked":"Sweeping Beam","floor":5},{"not_picked":["Leap","Chaos"],"picked":"Seek","floor":7},{"not_picked":["Streamline","Beam Cell"],"picked":"Cold Snap","floor":12},{"not_picked":["Hologram","Beam Cell"],"picked":"Self Repair","floor":13},{"not_picked":["Consume","Storm"],"picked":"Tempest","floor":14},{"not_picked":["Fission","Amplify"],"picked":"Thunder Strike","floor":16},{"not_picked":["Sweeping Beam","Cold Snap+1"],"picked":"Hologram","floor":18},{"not_picked":["Skim","Redo+1"],"picked":"Hologram+1","floor":19},{"not_picked":["Rebound","Compile Driver+1"],"picked":"Electrodynamics","floor":22},{"not_picked":["Capacitor+1","Streamline"],"picked":"FTL","floor":23},{"not_picked":["Force Field","Gash"],"picked":"Defragment+1","floor":25},{"not_picked":["Genetic Algorithm","Reprogram","Auto Shields"],"picked":"SKIP","floor":28},{"not_picked":["Lockon","Beam Cell"],"picked":"Consume","floor":29},{"not_picked":["Beam Cell","Go for the Eyes","Ball Lightning"],"picked":"SKIP","floor":30},{"not_picked":["Rip and Tear+1","Rebound+1"],"picked":"Gash","floor":32},{"not_picked":["Stack+1","Beam Cell"],"picked":"Coolheaded+1","floor":35},{"not_picked":["Reinforced Body","Turbo"],"picked":"Conserve Battery","floor":36},{"not_picked":["Hologram+1","Fusion"],"picked":"White Noise","floor":39},{"not_picked":["Stack+1","Coolheaded"],"picked":"White Noise+1","floor":42},{"not_picked":["Ball Lightning","Gash"],"picked":"FTL","floor":46},{"not_picked":["Barrage","Leap","Go for the Eyes+1"],"picked":"SKIP","floor":47},{"not_picked":["Rip and Tear","Go for the Eyes+1"],"picked":"Steam+1","floor":49}],"player_experience":395452,"relics_obtained":[{"floor":7,"key":"Anchor"},{"floor":9,"key":"Dream Catcher"},{"floor":24,"key":"Necronomicon"},{"floor":26,"key":"PreservedInsect"},{"floor":28,"key":"Matryoshka"},{"floor":41,"key":"Unceasing Top"},{"floor":43,"key":"Bronze Scales"},{"floor":43,"key":"War Paint"},{"floor":46,"key":"Gremlin Horn"}],"event_choices":[{"damage_healed":0,"gold_gain":75,"player_choice":"Gather Gold","damage_taken":11,"max_hp_gain":0,"max_hp_loss":0,"event_name":"World of Goop","floor":10,"gold_loss":0},{"damage_healed":0,"gold_gain":0,"player_choice":"Ignored","damage_taken":0,"max_hp_gain":0,"max_hp_loss":0,"event_name":"Golden Wing","floor":11,"gold_loss":0},{"cards_removed":["Strike_B"],"damage_healed":0,"gold_gain":0,"player_choice":"Elegance","damage_taken":0,"max_hp_gain":0,"max_hp_loss":0,"event_name":"Back to Basics","floor":20,"gold_loss":0},{"damage_healed":0,"gold_gain":0,"player_choice":"Obtained Book","damage_taken":16,"max_hp_gain":0,"max_hp_loss":0,"event_name":"Cursed Tome","floor":24,"gold_loss":0},{"damage_healed":0,"gold_gain":0,"player_choice":"Opened","damage_taken":0,"relics_obtained":["WingedGreaves"],"max_hp_gain":0,"max_hp_loss":0,"event_name":"The Mausoleum","floor":31,"gold_loss":0},{"damage_healed":0,"gold_gain":0,"player_choice":"Embrace Madness","damage_taken":9,"max_hp_gain":0,"max_hp_loss":0,"event_name":"Winding Halls","floor":38,"gold_loss":0,"cards_obtained":["Madness","Madness"]},{"damage_healed":0,"gold_gain":0,"player_choice":"Fight","damage_taken":0,"max_hp_gain":0,"max_hp_loss":0,"event_name":"MindBloom","floor":41,"gold_loss":0},{"damage_healed":0,"gold_gain":0,"player_choice":"Memory 1","damage_taken":0,"max_hp_gain":0,"max_hp_loss":0,"event_name":"SensoryStone","floor":44,"gold_loss":0},{"cards_removed":["FTL"],"damage_healed":0,"gold_gain":0,"player_choice":"Removed Attack","damage_taken":0,"max_hp_gain":0,"max_hp_loss":0,"event_name":"Falling","floor":48,"gold_loss":0}],"is_beta":false,"boss_relics":[{"not_picked":["Orrery","Black Star"],"picked":"Inserter"},{"not_picked":["Empty Cage","Runic Pyramid"],"picked":"Sozu"}],"items_purged_floors":[37],"is_endless":false,"potions_floor_spawned":[5,12,16,22,25,28,29,35,39,41],"killed_by":"Donu and Deca","ascension_level":7}