{"path_per_floor":["M","?","?","?","?","R","E","R","T","M","M","E","?","M","R","B",null,"M","$","M","?","?","R","E","R","T","R"],"character_chosen":"DEFECT","items_purchased":["Whetstone","Finesse","Rebound"],"gold_per_floor":[119,119,119,119,119,119,147,147,195,209,221,250,250,260,260,359,359,376,93,108,108,133,133,158,158,158,158,158],"floor_reached":28,"campfire_rested":1,"playtime":891,"current_hp_per_floor":[72,72,72,72,72,72,31,31,31,31,21,15,33,29,51,19,75,71,71,64,64,52,52,49,49,49,49,0],"items_purged":[],"gold":158,"score":266,"play_id":"91c99367-3edd-4eb6-92e3-096701a094da","local_time":"20180509164452","is_prod":false,"is_daily":false,"chose_seed":false,"is_ascension_mode":true,"campfire_upgraded":5,"timestamp":1525848292,"path_taken":["M","?","?","?","?","R","E","R","T","M","M","E","?","?","R","BOSS","M","$","M","?","?","R","E","R","T","R","E"],"build_version":"2018-05-08","seed_source_timestamp":0,"purchased_purges":0,"victory":false,"master_deck":["Strike_B","Strike_B+1","Strike_B+1","Strike_B","Defend_B","Defend_B","Defend_B","Defend_B","Zap","Dualcast","Rainbow+1","Loop+1","Zap","Good Instincts","Chaos+1","Undo","Darkness+1","Doom and Gloom","Biased Cognition+1","Capacitor","Finesse","Rebound","Cold Snap+1","Ball Lightning","Genetic Algorithm+1"],"max_hp_per_floor":[75,75,75,75,75,75,75,75,75,75,75,75,75,75,75,75,75,75,75,75,75,75,75,75,75,75,75,75],"relics":["Cracked Core","Lantern","Symbiotic Virus","Blood Vial","Omamori","Sozu","Whetstone","Red Mask","Shuriken","Ornamental Fan"],"card_choices":[{"not_picked":["Impulse","Barrage"],"picked":"Loop","floor":1.0},{"not_picked":["Double Energy","Beam Cell"],"picked":"Chaos","floor":7.0},{"not_picked":["Beam Cell","Buffer"],"picked":"Undo","floor":10.0},{"not_picked":["Glacier","Coolheaded"],"picked":"Darkness","floor":11.0},{"not_picked":["Streamline","Loop"],"picked":"Doom and Gloom","floor":12.0},{"not_picked":["Echo Form","Buffer"],"picked":"Biased Cognition","floor":16},{"not_picked":["Skim","Stack"],"picked":"Capacitor","floor":18},{"not_picked":["Rebound","FTL"],"picked":"Cold Snap","floor":20},{"not_picked":["Rebound","Capacitor"],"picked":"Ball Lightning","floor":22},{"not_picked":["Steam","Aggregate"],"picked":"Genetic Algorithm","floor":24}],"player_experience":36104,"potions_floor_usage":[16],"damage_taken":[{"damage":3.0,"enemies":"2 Louse","floor":1.0,"turns":2.0},{"damage":41.0,"enemies":"Lagavulin","floor":7.0,"turns":6.0},{"damage":2.0,"enemies":"Small Slimes","floor":10.0,"turns":2.0},{"damage":12.0,"enemies":"Jaw Worm","floor":11.0,"turns":3.0},{"damage":8.0,"enemies":"3 Sentries","floor":12.0,"turns":5.0},{"damage":13,"enemies":"Large Slime","floor":14,"turns":5},{"damage":49,"enemies":"The Guardian","floor":16,"turns":8},{"damage":4,"enemies":"Chosen","floor":18,"turns":4},{"damage":9,"enemies":"Spheric Guardian","floor":20,"turns":3},{"damage":28,"enemies":"Masked Bandits","floor":22,"turns":5},{"damage":5,"enemies":"Book of Stabbing","floor":24,"turns":5},{"damage":53,"enemies":"Gremlin Leader","floor":28,"turns":5}],"event_choices":[{"event_name":"Big Fish","player_choice":"Box","floor":2.0,"damage_taken":0.0},{"event_name":"The Cleric","player_choice":"Leave","floor":3.0,"damage_taken":0.0},{"event_name":"Living Wall","player_choice":"Grow","floor":4.0,"damage_taken":0.0},{"event_name":"Match and Keep!","player_choice":"2 cards matched","floor":5.0,"damage_taken":0.0},{"event_name":"Mushrooms","player_choice":"Healed and dodged fight","floor":13.0,"damage_taken":0.0},{"event_name":"Back to Basics","player_choice":"Elegance","floor":21,"damage_taken":0},{"event_name":"Masked Bandits","player_choice":"Fought over 108 gold","floor":22,"damage_taken":0}],"boss_relics":[{"not_picked":["Astrolabe","White Beast Statue"],"picked":"Sozu"}],"potions_floor_spawned":[10,11,14,18],"seed_played":"2959914191641754337","killed_by":"Gremlin Leader","ascension_level":2,"is_trial":false}