{"gold_per_floor":[363,363,438,438,5,5,5,5,5,5,5,34,34,49,49,49],"floor_reached":16,"playtime":310,"items_purged":["Defend_B"],"score":188,"play_id":"59e6a019-0729-44eb-86d6-0ca4e48802bd","local_time":"20190223154848","is_ascension_mode":true,"campfire_choices":[{"data":"Zap","floor":6,"key":"SMITH"},{"data":"Capacitor","floor":10,"key":"SMITH"},{"floor":15,"key":"REST"}],"neow_cost":"PERCENT_DAMAGE","seed_source_timestamp":8051033912300,"circlet_count":0,"master_deck":["AscendersBane","Strike_B","Strike_B","Strike_B","Defend_B","Defend_B","Defend_B","Zap+1","Dualcast","Leap","Capacitor+1"],"relics":["Cracked Core","Juzu Bracelet","Bronze Scales","Shuriken","Blue Candle"],"potions_floor_usage":[14],"damage_taken":[{"damage":5,"enemies":"Small Slimes","floor":1,"turns":3},{"damage":35,"enemies":"Lagavulin","floor":12,"turns":9},{"damage":0,"enemies":"2 Louse","floor":14,"turns":1},{"damage":31,"enemies":"The Guardian","floor":16,"turns":11}],"seed_played":"-612945477888531551","potions_obtained":[{"floor":14,"key":"SteroidPotion"}],"is_trial":false,"path_per_floor":["M","?","?","?","$","R","?","?","T","R","$","E","?","M","R","B"],"character_chosen":"DEFECT","items_purchased":["Leap","Capacitor","Juzu Bracelet","Explosive Potion"],"campfire_rested":1,"item_purchase_floors":[5,5,5,5],"current_hp_per_floor":[41,64,53,53,53,53,53,43,43,43,43,8,8,8,29,0],"gold":49,"neow_bonus":"TWO_FIFTY_GOLD","is_prod":false,"is_daily":false,"chose_seed":false,"campfire_upgraded":2,"win_rate":0,"timestamp":1550929728,"path_taken":["M","?","?","?","$","R","?","?","T","R","?","E","?","M","R","BOSS"],"build_version":"2019-01-23","purchased_purges":1,"victory":false,"max_hp_per_floor":[71,71,71,71,71,71,71,71,71,71,71,71,71,71,71,71],"card_choices":[{"not_picked":["Leap","Barrage","Sweeping Beam"],"picked":"SKIP","floor":1},{"not_picked":["Tempest","Turbo","Melter"],"picked":"SKIP","floor":12},{"not_picked":["Hologram","Leap","Turbo"],"picked":"SKIP","floor":14}],"player_experience":913524,"relics_obtained":[{"floor":9,"key":"Shuriken"},{"floor":12,"key":"Blue Candle"}],"event_choices":[{"damage_healed":23,"gold_gain":0,"player_choice":"Banana","damage_taken":0,"max_hp_gain":0,"max_hp_loss":0,"event_name":"Big Fish","floor":2,"gold_loss":0},{"damage_healed":0,"gold_gain":75,"player_choice":"Gather Gold","damage_taken":11,"max_hp_gain":0,"max_hp_loss":0,"event_name":"World of Goop","floor":3,"gold_loss":0},{"cards_removed":["Strike_B"],"damage_healed":0,"gold_gain":0,"player_choice":"Forget","damage_taken":0,"max_hp_gain":0,"max_hp_loss":0,"event_name":"Living Wall","floor":4,"gold_loss":0},{"damage_healed":0,"gold_gain":0,"player_choice":"Searched \u00271\u0027 times","damage_taken":0,"relics_obtained":["Bronze Scales"],"max_hp_gain":0,"max_hp_loss":0,"event_name":"Dead Adventurer","floor":7,"gold_loss":0},{"damage_healed":0,"gold_gain":0,"player_choice":"Damaged","damage_taken":10,"max_hp_gain":0,"max_hp_loss":0,"event_name":"Wheel of Change","floor":8,"gold_loss":0},{"damage_healed":0,"gold_gain":0,"player_choice":"Ignored","damage_taken":0,"max_hp_gain":0,"max_hp_loss":0,"event_name":"Shining Light","floor":13,"gold_loss":0}],"is_beta":false,"boss_relics":[],"items_purged_floors":[5],"is_endless":false,"potions_floor_spawned":[14],"killed_by":"The Guardian","ascension_level":20}