{"gold_per_floor":[117,127,302,252,24,24,34,34,34,59,59,69,82,82,82,187,187,205,34,51,51,51,51,64,64,89,89,89,102,102,102,102,204,204,221,2,18,30,30,30,41,41],"floor_reached":42,"playtime":2010,"items_purged":[],"score":589,"play_id":"e7c5bb24-acd4-4a4b-9d91-b9cd9c6926d1","local_time":"20190207101209","is_ascension_mode":true,"campfire_choices":[{"data":"Zap","floor":6,"key":"SMITH"},{"data":"Glacier","floor":8,"key":"SMITH"},{"data":"Hello World","floor":11,"key":"SMITH"},{"data":"Double Energy","floor":15,"key":"SMITH"},{"floor":23,"key":"REST"},{"floor":28,"key":"REST"},{"floor":30,"key":"REST"},{"data":"Creative AI","floor":32,"key":"SMITH"},{"floor":40,"key":"REST"}],"neow_cost":"NONE","seed_source_timestamp":1862540514911005,"circlet_count":0,"master_deck":["Strike_B","Strike_B","Defend_B","Defend_B","Defend_B","Defend_B","Zap+1","Dualcast","Impatience+1","Cold Snap","Sweeping Beam+1","Hello World+1","Leap","Glacier+1","Double Energy+1","Coolheaded","Creative AI+1","Turbo","Loop","Panacea","Capacitor","Doom and Gloom","Beam Cell+1","Blizzard","Buffer","Go for the Eyes","Panache","Conserve Battery","Chill","Parasite","Consume"],"relics":["Cracked Core","Boot","Pantograph","Ancient Tea Set","White Beast Statue","Centennial Puzzle","Potion Belt","Nuclear Battery"],"potions_floor_usage":[16,16,20,27,33,35,37,41,42,42,42],"damage_taken":[{"damage":2,"enemies":"Jaw Worm","floor":1,"turns":4},{"damage":3,"enemies":"2 Louse","floor":2,"turns":3},{"damage":10,"enemies":"Small Slimes","floor":7,"turns":3},{"damage":0,"enemies":"3 Louse","floor":12,"turns":3},{"damage":0,"enemies":"Looter","floor":13,"turns":3},{"damage":0,"enemies":"The Guardian","floor":16,"turns":15},{"damage":11,"enemies":"3 Byrds","floor":18,"turns":6},{"damage":21,"enemies":"Shell Parasite","floor":20,"turns":6},{"damage":26,"enemies":"Snake Plant","floor":24,"turns":7},{"damage":26,"enemies":"Colosseum Slavers","floor":27,"turns":6},{"damage":22,"enemies":"Centurion and Healer","floor":29,"turns":11},{"damage":7,"enemies":"Champ","floor":33,"turns":11},{"damage":0,"enemies":"Orb Walker","floor":35,"turns":5},{"damage":42,"enemies":"3 Darklings","floor":37,"turns":6},{"damage":17,"enemies":"Sphere and 2 Shapes","floor":38,"turns":6},{"damage":17,"enemies":"Writhing Mass","floor":41,"turns":9},{"damage":24,"enemies":"Giant Head","floor":42,"turns":10}],"seed_played":"-2602374001801634371","potions_obtained":[{"floor":7,"key":"GamblersBrew"},{"floor":12,"key":"Dexterity Potion"},{"floor":18,"key":"Poison Potion"},{"floor":20,"key":"PowerPotion"},{"floor":24,"key":"Explosive Potion"},{"floor":29,"key":"Explosive Potion"},{"floor":33,"key":"Weak Potion"},{"floor":35,"key":"FearPotion"},{"floor":37,"key":"FearPotion"},{"floor":38,"key":"FocusPotion"},{"floor":41,"key":"Fruit Juice"}],"is_trial":false,"path_per_floor":["M","M","?","?","$","R","M","R","T","T","R","M","M","?","R","B",null,"M","$","M","$","?","R","M","?","T","?","R","M","R","?","R","B",null,"M","$","M","M","?","R","M","E"],"character_chosen":"DEFECT","items_purchased":["Hello World","Leap","Boot","Loop","Panacea","Panache","Conserve Battery"],"campfire_rested":4,"item_purchase_floors":[5,5,5,19,19,36,36],"current_hp_per_floor":[66,63,63,63,63,63,53,53,53,53,53,53,53,38,38,63,72,61,61,40,40,40,62,36,36,36,10,32,10,32,75,75,68,73,73,73,31,14,14,36,19,0],"gold":41,"neow_bonus":"RANDOM_COLORLESS","is_prod":false,"is_daily":false,"chose_seed":false,"campfire_upgraded":5,"win_rate":0,"timestamp":1549552329,"path_taken":["M","M","?","?","$","R","M","R","T","?","R","M","?","?","R","BOSS","M","$","M","$","?","R","M","?","T","?","R","M","R","?","R","BOSS","M","?","M","?","?","R","M","E"],"build_version":"2019-01-23","purchased_purges":0,"victory":false,"max_hp_per_floor":[75,75,75,75,75,75,75,75,75,75,75,75,75,75,75,75,75,75,75,75,75,75,75,75,75,75,75,75,75,75,75,75,75,75,75,75,75,75,75,75,75,80],"card_choices":[{"not_picked":["Barrage","Heatsinks"],"picked":"Cold Snap","floor":1},{"not_picked":["Recycle","Doom and Gloom"],"picked":"Sweeping Beam","floor":2},{"not_picked":["Compile Driver","Go for the Eyes"],"picked":"Glacier","floor":7},{"not_picked":["Scrape","Recycle"],"picked":"Double Energy","floor":12},{"not_picked":["Ball Lightning","Fission"],"picked":"Coolheaded","floor":13},{"not_picked":["Machine Learning","Buffer"],"picked":"Creative AI","floor":16},{"not_picked":["Barrage","Leap"],"picked":"Turbo","floor":18},{"not_picked":["Turbo","Streamline"],"picked":"Capacitor","floor":20},{"not_picked":["Stack","Compile Driver"],"picked":"Beam Cell+1","floor":24},{"not_picked":["Self Repair","Lockon"],"picked":"Blizzard","floor":29},{"not_picked":["Hyperbeam","Machine Learning"],"picked":"Buffer","floor":33},{"not_picked":["Melter","Stack"],"picked":"Go for the Eyes","floor":35},{"not_picked":["Storm+1","Genetic Algorithm+1"],"picked":"Chill","floor":37},{"not_picked":["Cold Snap+1","Barrage","Ball Lightning"],"picked":"SKIP","floor":38},{"not_picked":["BootSequence+1","Cold Snap"],"picked":"Consume","floor":41}],"player_experience":409989,"relics_obtained":[{"floor":9,"key":"Pantograph"},{"floor":10,"key":"Ancient Tea Set"},{"floor":26,"key":"Potion Belt"}],"event_choices":[{"damage_healed":0,"gold_gain":175,"player_choice":"AGREE","damage_taken":0,"max_hp_gain":0,"max_hp_loss":0,"event_name":"Liars Game","floor":3,"gold_loss":0,"cards_obtained":["Doubt"]},{"cards_removed":["Doubt"],"damage_healed":0,"gold_gain":0,"player_choice":"Card Removal","damage_taken":0,"max_hp_gain":0,"max_hp_loss":0,"event_name":"The Cleric","floor":4,"gold_loss":50},{"damage_healed":0,"gold_gain":0,"player_choice":"Entered Light","damage_taken":15,"max_hp_gain":0,"max_hp_loss":0,"event_name":"Shining Light","floor":14,"gold_loss":0,"cards_upgraded":["Impatience","Sweeping Beam"]},{"damage_healed":0,"gold_gain":0,"cards_transformed":["Strike_B","Strike_B"],"player_choice":"Became Test Subject","damage_taken":0,"max_hp_gain":0,"max_hp_loss":0,"event_name":"Drug Dealer","floor":22,"gold_loss":0,"cards_obtained":["Doom and Gloom","Steam Power"]},{"damage_healed":0,"gold_gain":0,"player_choice":"Opened","damage_taken":0,"relics_obtained":["Centennial Puzzle"],"max_hp_gain":0,"max_hp_loss":0,"event_name":"The Mausoleum","floor":25,"gold_loss":0},{"damage_healed":0,"gold_gain":0,"player_choice":"Fight","damage_taken":0,"max_hp_gain":0,"max_hp_loss":0,"event_name":"Colosseum","floor":27,"gold_loss":0},{"damage_healed":0,"gold_gain":0,"player_choice":"Fled From Nobs","damage_taken":0,"max_hp_gain":0,"max_hp_loss":0,"event_name":"Colosseum","floor":27,"gold_loss":0},{"cards_removed":["Steam Power"],"damage_healed":43,"gold_gain":0,"player_choice":"Offered Uncommon","damage_taken":0,"max_hp_gain":0,"max_hp_loss":0,"event_name":"Bonfire Elementals","floor":31,"gold_loss":0},{"damage_healed":0,"gold_gain":0,"player_choice":"Memory 1","damage_taken":0,"max_hp_gain":0,"max_hp_loss":0,"event_name":"SensoryStone","floor":39,"gold_loss":0}],"is_beta":false,"boss_relics":[{"not_picked":["Velvet Choker","Philosopher\u0027s Stone"],"picked":"White Beast Statue"},{"not_picked":["Sozu","Coffee Dripper"],"picked":"Nuclear Battery"}],"items_purged_floors":[],"is_endless":false,"potions_floor_spawned":[7,12,18,20,24,27,29,33,35,37,38,41],"killed_by":"Giant Head","ascension_level":7}