{"gold_per_floor":[113,113,127,53,65,65,77,110,136,149,75,103,103,103,103,205,205,220,220,236,236,246,246],"floor_reached":23,"playtime":843,"items_purged":[],"score":260,"play_id":"76f01d51-2793-4f97-81ad-e6dbdf75bf5f","local_time":"20190109155345","is_ascension_mode":true,"campfire_choices":[{"data":"Noxious Fumes","floor":6.0,"key":"SMITH"},{"data":"Catalyst","floor":13,"key":"SMITH"},{"floor":15,"key":"REST"}],"neow_cost":"NONE","seed_source_timestamp":48618661117183,"circlet_count":0,"master_deck":["Defend_G","Defend_G","Defend_G","Defend_G","Defend_G","Strike_G","Survivor","Neutralize","Deadly Poison","Bouncing Flask","Noxious Fumes+1","Well Laid Plans","Corpse Explosion","Cloak And Dagger","Catalyst+1","Sucker Punch","Burst","Flying Knee+1","Bullet Time+1","Predator+1","Distraction","Backflip","Footwork"],"special_seed":0,"relics":["Ring of the Snake","NeowsBlessing","Ancient Tea Set","PreservedInsect","Potion Belt","Oddly Smooth Stone","Astrolabe","Singing Bowl"],"potions_floor_usage":[18,22,23],"damage_taken":[{"damage":0.0,"enemies":"Jaw Worm","floor":1.0,"turns":1.0},{"damage":0.0,"enemies":"Cultist","floor":3.0,"turns":1.0},{"damage":0.0,"enemies":"2 Louse","floor":5.0,"turns":1.0},{"damage":4.0,"enemies":"Blue Slaver","floor":7.0,"turns":4.0},{"damage":18.0,"enemies":"Gremlin Nob","floor":8.0,"turns":4.0},{"damage":0.0,"enemies":"Large Slime","floor":10.0,"turns":5.0},{"damage":12,"enemies":"Lagavulin","floor":12,"turns":5},{"damage":7,"enemies":"Hexaghost","floor":16,"turns":7},{"damage":12,"enemies":"3 Byrds","floor":18,"turns":3},{"damage":21,"enemies":"Spheric Guardian","floor":20,"turns":4},{"damage":0,"enemies":"Centurion and Healer","floor":22,"turns":3},{"damage":36,"enemies":"Slavers","floor":23,"turns":2}],"seed_played":"-3992172789992951230","potions_obtained":[{"floor":1.0,"key":"SkillPotion"},{"floor":8.0,"key":"SpeedPotion"},{"floor":12,"key":"Strength Potion"},{"floor":16,"key":"Explosive Potion"}],"is_trial":false,"path_per_floor":["M","?","M","$","M","R","M","E","T","M","$","E","R","?","R","B",null,"M","?","M","?","M","E"],"character_chosen":"THE_SILENT","items_purchased":["Noxious Fumes","Catalyst"],"campfire_rested":1,"item_purchase_floors":[4,11],"current_hp_per_floor":[70,70,70,70,70,70,66,48,48,48,48,36,36,24,45,38,70,58,58,37,30,30,0],"gold":246,"neow_bonus":"THREE_ENEMY_KILL","is_prod":false,"is_daily":false,"chose_seed":false,"campfire_upgraded":2,"win_rate":0,"timestamp":1547070825,"path_taken":["M","?","?","$","M","R","M","E","T","M","?","E","R","?","R","BOSS","M","?","M","?","?","E"],"build_version":"2019-01-03v4","purchased_purges":0,"victory":false,"max_hp_per_floor":[70,70,70,70,70,70,70,70,70,70,70,70,70,70,70,70,70,70,70,70,70,70,70],"card_choices":[{"not_picked":["Masterful Stab","Sucker Punch"],"picked":"Deadly Poison","floor":1.0},{"not_picked":["Blade Dance","Backflip"],"picked":"Bouncing Flask","floor":3.0},{"not_picked":["Dagger Throw","Deflect"],"picked":"Well Laid Plans","floor":5.0},{"not_picked":["Sucker Punch","Backflip"],"picked":"Corpse Explosion","floor":7.0},{"not_picked":["Deflect","Riddle With Holes","Predator"],"picked":"SKIP","floor":8.0},{"not_picked":["Calculated Gamble","Dodge and Roll"],"picked":"Cloak And Dagger","floor":10.0},{"not_picked":["Phantasmal Killer","Underhanded Strike"],"picked":"Sucker Punch","floor":12},{"not_picked":["Corpse Explosion","Unload"],"picked":"Burst","floor":16},{"not_picked":["Sucker Punch","Underhanded Strike"],"picked":"Distraction","floor":18},{"not_picked":["Accuracy","Reflex"],"picked":"Backflip","floor":20},{"not_picked":["Distraction","Dagger Throw"],"picked":"Footwork","floor":22}],"player_experience":77525,"relics_obtained":[{"floor":8.0,"key":"Ancient Tea Set"},{"floor":9.0,"key":"PreservedInsect"},{"floor":12,"key":"Potion Belt"}],"event_choices":[{"cards_removed":["Strike_G"],"damage_healed":0.0,"max_hp_gain":0.0,"max_hp_loss":0.0,"gold_gain":0.0,"event_name":"Bonfire Elementals","player_choice":"Offered Basic","floor":2.0,"gold_loss":0.0,"damage_taken":0.0},{"damage_healed":0,"gold_gain":0,"player_choice":"Success","damage_taken":12,"relics_obtained":["Oddly Smooth Stone"],"max_hp_gain":0,"max_hp_loss":0,"event_name":"Scrap Ooze","floor":14,"gold_loss":0},{"damage_healed":0,"gold_gain":0,"player_choice":"Opened","damage_taken":0,"relics_obtained":["Singing Bowl"],"max_hp_gain":0,"max_hp_loss":0,"event_name":"The Mausoleum","floor":19,"gold_loss":0},{"damage_healed":0,"gold_gain":0,"player_choice":"","damage_taken":7,"max_hp_gain":0,"max_hp_loss":0,"event_name":"Knowing Skull","floor":21,"potions_obtained":[],"gold_loss":0,"cards_obtained":[]}],"is_beta":false,"boss_relics":[{"not_picked":["Calling Bell","Snecko Eye"],"picked":"Astrolabe"}],"items_purged_floors":[],"is_endless":false,"potions_floor_spawned":[1,8,12,16],"killed_by":"Slavers","ascension_level":3}