{"gold_per_floor":[115,115,115,130,155,189,139,139,185,185,185,185,260,298,310,448,460,492,504,516,548,760,772,800,812,851,883,909,946,1024,1111,1123,1256,1268,1296,1358,1384,733,749,749,762,776,776,776,776,776,76,96,96,96],"floor_reached":50,"playtime":5362,"items_purged":["Normality","Injury"],"score":694,"play_id":"287928aa-f995-4da4-bcb4-784365e06849","local_time":"20180731120526","is_ascension_mode":true,"campfire_choices":[{"data":"Defragment","floor":8.0,"key":"SMITH"},{"data":"Loop","floor":12.0,"key":"SMITH"},{"data":"Streamline","floor":15.0,"key":"SMITH"},{"floor":23.0,"key":"REST"},{"data":"Machine Learning","floor":25.0,"key":"SMITH"},{"data":"Chaos","floor":32.0,"key":"SMITH"},{"data":"Deep Breath","floor":40,"key":"SMITH"},{"data":"Seek","floor":44,"key":"SMITH"},{"floor":49,"key":"REST"}],"neow_cost":"NONE","seed_source_timestamp":0,"circlet_count":0,"master_deck":["Dualcast","Melter","Ball Lightning","Self Repair","Cold Snap","Loop+1","Streamline+1","Defragment+1","BootSequence","Defragment+1","Cold Snap","BootSequence","Machine Learning+1","Conserve Battery+1","Defragment","Leap+1","Chaos+1","Seek+1","Parasite","Chill","Chaos+1","Auto Shields","Deep Breath+1","Compile Driver+1","Multi-Cast","Capacitor","Multi-Cast","Stack+1"],"special_seed":0,"relics":["Pandora\u0027s Box","Golden Idol","Bag of Marbles","Happy Flower","Pear","MawBank","Philosopher\u0027s Stone","Nilry\u0027s Codex","Pen Nib","Tiny Chest","Bottled Tornado","Calling Bell","Symbiotic Virus","Ancient Tea Set","Turnip","Bronze Scales","Gremlin Horn","Frozen Eye","Smiling Mask","DollysMirror","Bottled Flame"],"potions_floor_usage":[37,37,50,50],"damage_taken":[{"damage":9.0,"enemies":"Jaw Worm","floor":1.0,"turns":4.0},{"damage":1.0,"enemies":"Small Slimes","floor":4.0,"turns":3.0},{"damage":0.0,"enemies":"2 Louse","floor":5.0,"turns":2.0},{"damage":1.0,"enemies":"Lagavulin","floor":6.0,"turns":6.0},{"damage":6.0,"enemies":"3 Sentries","floor":14.0,"turns":6.0},{"damage":9.0,"enemies":"Slime Boss","floor":16.0,"turns":8.0},{"damage":47.0,"enemies":"3 Byrds","floor":18.0,"turns":3.0},{"damage":3.0,"enemies":"Shell Parasite","floor":21.0,"turns":4.0},{"damage":0.0,"enemies":"Sentry and Sphere","floor":24.0,"turns":4.0},{"damage":21.0,"enemies":"Centurion and Healer","floor":27.0,"turns":6.0},{"damage":8.0,"enemies":"Snake Plant","floor":28.0,"turns":4.0},{"damage":12.0,"enemies":"Cultist and Chosen","floor":29.0,"turns":33.0},{"damage":3.0,"enemies":"Book of Stabbing","floor":30.0,"turns":8.0},{"damage":14.0,"enemies":"Automaton","floor":33.0,"turns":11.0},{"damage":42,"enemies":"Flame Bruiser 1 Orb","floor":35,"turns":5},{"damage":0,"enemies":"Orb Walker","floor":37,"turns":2},{"damage":0,"enemies":"Flame Bruiser 2 Orb","floor":39,"turns":6},{"damage":8,"enemies":"4 Shapes","floor":41,"turns":4},{"damage":0,"enemies":"Spire Growth","floor":42,"turns":5},{"damage":15,"enemies":"3 Darklings","floor":48,"turns":4},{"damage":96,"enemies":"Awakened One","floor":50,"turns":9}],"seed_played":"-3976708853696589549","potions_obtained":[{"floor":1.0,"key":"Weak Potion"},{"floor":5.0,"key":"Swift Potion"},{"floor":24.0,"key":"Block Potion"},{"floor":29.0,"key":"Swift Potion"},{"floor":33.0,"key":"Energy Potion"},{"floor":48,"key":"FairyPotion"}],"is_trial":false,"path_per_floor":["M","?","?","M","M","E","?","R","T","T","?","R","?","E","R","B",null,"M","?","?","M","?","R","M","R","T","M","M","M","E","T","R","B",null,"M","T","M","$","M","R","M","M","T","R","?","?","$","M","R"],"character_chosen":"DEFECT","items_purchased":["Auto Shields","Gremlin Horn","Frozen Eye","Deep Breath","Capacitor","DollysMirror","Dexterity Potion","PowerPotion","Weak Potion","Bottled Flame"],"campfire_rested":2,"item_purchase_floors":[38,38,38,38,47,47,47,47,47,47],"current_hp_per_floor":[66,48,41,47,54,60,60,60,60,70,70,70,59,60,60,58,78,31,31,15,19,19,44,51,51,51,30,29,52,56,56,56,49,76,41,41,48,48,55,55,54,61,61,61,61,61,61,53,78,0],"gold":96,"neow_bonus":"BOSS_RELIC","is_prod":false,"is_daily":false,"chose_seed":false,"campfire_upgraded":7,"win_rate":0,"timestamp":1533031526,"path_taken":["M","?","?","M","?","E","?","R","T","?","?","R","?","E","R","BOSS","M","?","?","M","?","R","?","R","T","M","M","?","E","?","R","BOSS","M","?","M","$","M","R","M","?","T","R","?","?","$","M","R","BOSS"],"build_version":"2018-07-26","purchased_purges":2,"victory":false,"max_hp_per_floor":[75,75,75,75,75,75,75,75,75,85,85,85,85,85,85,85,85,85,85,85,85,85,85,85,85,85,85,85,85,85,85,85,85,85,85,85,85,85,85,85,85,85,85,85,85,85,85,85,85,85],"card_choices":[{"not_picked":["Redo","Cold Snap"],"picked":"Conserve Battery","floor":1.0},{"not_picked":["Rip and Tear","Ball Lightning"],"picked":"BootSequence","floor":4.0},{"not_picked":["Double Energy","Recycle"],"picked":"Defragment","floor":5.0},{"not_picked":["Sunder","Turbo"],"picked":"Cold Snap","floor":6.0},{"not_picked":["Electrodynamics","Go for the Eyes"],"picked":"BootSequence","floor":14.0},{"not_picked":["All For One","Hyperbeam"],"picked":"Machine Learning","floor":16.0},{"not_picked":["Beam Cell","Consume"],"picked":"Conserve Battery+1","floor":18.0},{"not_picked":["Cold Snap","White Noise"],"picked":"Defragment","floor":21.0},{"not_picked":["Ball Lightning","Double Energy+1"],"picked":"Leap+1","floor":24.0},{"not_picked":["Compile Driver","Rip and Tear","Conserve Battery"],"picked":"SKIP","floor":27.0},{"not_picked":["Rebound+1","Melter+1","Hologram"],"picked":"SKIP","floor":28.0},{"not_picked":["Fusion","Redo","Melter+1"],"picked":"SKIP","floor":29.0},{"not_picked":["Defragment","BootSequence"],"picked":"Chaos","floor":30.0},{"not_picked":["Biased Cognition","Reboot"],"picked":"Seek","floor":33.0},{"not_picked":["Go for the Eyes+1","Rebound"],"picked":"Chill","floor":35},{"not_picked":["Storm","Recycle+1"],"picked":"Chaos+1","floor":37},{"not_picked":["Aggregate","Cold Snap"],"picked":"Compile Driver+1","floor":39},{"not_picked":["Barrage","Undo+1","Auto Shields+1"],"picked":"SKIP","floor":41},{"not_picked":["Go for the Eyes+1","White Noise"],"picked":"Multi-Cast","floor":42},{"not_picked":["Gash","Redo"],"picked":"Stack+1","floor":48}],"player_experience":235785,"relics_obtained":[{"floor":6.0,"key":"Bag of Marbles"},{"floor":9.0,"key":"Happy Flower"},{"floor":10.0,"key":"Pear"},{"floor":14.0,"key":"MawBank"},{"floor":20.0,"key":"Nilry\u0027s Codex"},{"floor":26.0,"key":"Pen Nib"},{"floor":30.0,"key":"Tiny Chest"},{"floor":31.0,"key":"Bottled Tornado"},{"floor":34,"key":"Symbiotic Virus"},{"floor":34,"key":"Ancient Tea Set"},{"floor":34,"key":"Turnip"},{"floor":36,"key":"Bronze Scales"},{"floor":43,"key":"Smiling Mask"}],"event_choices":[{"event_name":"Golden Idol","player_choice":"Take Damage","floor":2.0,"damage_taken":0.0},{"event_name":"Golden Wing","player_choice":"Card Removal","floor":3.0,"damage_taken":0.0},{"event_name":"The Cleric","player_choice":"Card Removal","floor":7.0,"damage_taken":0.0},{"event_name":"Upgrade Shrine","player_choice":"Upgraded","floor":11.0,"damage_taken":0.0},{"event_name":"World of Goop","player_choice":"Gather Gold","floor":13.0,"damage_taken":0.0},{"event_name":"Ghosts","player_choice":"Ignored","floor":19.0,"damage_taken":0.0},{"event_name":"Cursed Tome","player_choice":"Obtained Book","floor":20.0,"damage_taken":0.0},{"event_name":"The Joust","player_choice":"Bet on Owner","floor":22.0,"damage_taken":0.0},{"event_name":"Falling","player_choice":"Removed Skill","floor":45,"damage_taken":0},{"event_name":"Tomb of Lord Red Mask","player_choice":"Ignored","floor":46,"damage_taken":0}],"is_beta":false,"boss_relics":[{"not_picked":["Runic Pyramid","Fusion Hammer"],"picked":"Philosopher\u0027s Stone"},{"not_picked":["Orrery","Velvet Choker"],"picked":"Calling Bell"}],"items_purged_floors":[38,47],"is_endless":false,"potions_floor_spawned":[1,5,24,29,33,48],"killed_by":"Awakened One","ascension_level":6}