{"gold_per_floor":[218,234,3,19,19,19,29,41,64,64,94,15,15,30,30,130,130,148,49,66,85,85,85,0,17,44,44,55,72,88,88,88,185,185,197,210,77,88,88,88,88,107,107,125,225,225,225,55,55,55],"floor_reached":51,"playtime":2666,"items_purged":["Strike_B","Parasite"],"score":789,"play_id":"3754e5ef-a9d6-4b93-8acb-9b3fca83e541","local_time":"20190203025309","is_ascension_mode":true,"campfire_choices":[{"data":"Chill","floor":6,"key":"SMITH"},{"data":"Conserve Battery","floor":10,"key":"SMITH"},{"data":"Defragment","floor":13,"key":"SMITH"},{"floor":15,"key":"REST"},{"floor":23,"key":"REST"},{"floor":27,"key":"REST"},{"data":"Go for the Eyes","floor":32,"key":"SMITH"},{"data":"Capacitor","floor":40,"key":"SMITH"},{"data":"Trip","floor":46,"key":"SMITH"},{"floor":49,"key":"REST"}],"neow_cost":"NONE","seed_source_timestamp":1489911831297533,"circlet_count":0,"master_deck":["Defend_B","Defend_B","Defend_B+1","Defend_B","Zap+1","Dualcast","Capacitor+1","Conserve Battery+1","BootSequence","Chill+1","Electrodynamics","Hologram","Defragment+1","Go for the Eyes+1","Ball Lightning","Double Energy+1","Leap","Coolheaded","FTL","Barrage","Thunder Strike","Gash+1","All For One+1","Hello World+1","Glacier+1","Loop+1","Trip+1","Self Repair","Compile Driver","Cold Snap+1","Coolheaded+1","Defragment"],"relics":["Cracked Core","HandDrill","Bag of Preparation","Lizard Tail","War Paint","Bronze Scales","Astrolabe","Gremlin Horn","Pear","Emotion Chip"],"potions_floor_usage":[16,30,33,33,42,50],"damage_taken":[{"damage":7,"enemies":"Small Slimes","floor":1,"turns":4},{"damage":0,"enemies":"Cultist","floor":2,"turns":4},{"damage":0,"enemies":"2 Louse","floor":4,"turns":2},{"damage":6,"enemies":"Exordium Thugs","floor":7,"turns":6},{"damage":1,"enemies":"3 Louse","floor":8,"turns":4},{"damage":1,"enemies":"Blue Slaver","floor":14,"turns":3},{"damage":42,"enemies":"Hexaghost","floor":16,"turns":11},{"damage":12,"enemies":"Spheric Guardian","floor":18,"turns":5},{"damage":0,"enemies":"Chosen","floor":20,"turns":5},{"damage":15,"enemies":"Centurion and Healer","floor":21,"turns":7},{"damage":14,"enemies":"Snake Plant","floor":25,"turns":4},{"damage":12,"enemies":"Sentry and Sphere","floor":28,"turns":5},{"damage":0,"enemies":"Centurion and Healer","floor":29,"turns":5},{"damage":11,"enemies":"Snecko","floor":30,"turns":5},{"damage":28,"enemies":"Champ","floor":33,"turns":12},{"damage":0,"enemies":"3 Shapes","floor":35,"turns":4},{"damage":23,"enemies":"3 Darklings","floor":36,"turns":4},{"damage":0,"enemies":"Writhing Mass","floor":38,"turns":7},{"damage":0,"enemies":"Jaw Worm Horde","floor":42,"turns":4},{"damage":18,"enemies":"Spire Growth","floor":44,"turns":6},{"damage":10,"enemies":"Mind Bloom Boss Battle","floor":45,"turns":8},{"damage":15,"enemies":"Time Eater","floor":50,"turns":11}],"seed_played":"1761817943252649608","potions_obtained":[{"floor":2,"key":"SpeedPotion"},{"floor":16,"key":"Ancient Potion"},{"floor":20,"key":"Energy Potion"},{"floor":25,"key":"SpeedPotion"},{"floor":33,"key":"EssenceOfSteel"},{"floor":42,"key":"FocusPotion"},{"floor":45,"key":"SteroidPotion"}],"is_trial":false,"path_per_floor":["M","M","$","M","?","R","M","M","T","R","?","$","R","M","R","B",null,"M","$","M","M","?","R","?","M","T","R","M","M","M","?","R","B",null,"M","M","$","M","T","R","?","M","T","M","?","R","?","$","R","B",null],"character_chosen":"DEFECT","items_purchased":["HandDrill","BootSequence","Defragment","Ball Lightning","PowerPotion","Trip","Defragment"],"campfire_rested":4,"item_purchase_floors":[3,3,12,19,37,37,48],"current_hp_per_floor":[68,68,68,68,68,68,62,61,61,61,61,61,61,60,75,33,65,53,53,53,38,24,48,48,34,34,58,46,46,35,80,80,52,73,73,50,50,50,50,50,50,57,67,56,53,53,53,53,79,64],"gold":55,"neow_bonus":"HUNDRED_GOLD","is_prod":false,"is_daily":false,"chose_seed":false,"campfire_upgraded":6,"win_rate":0,"timestamp":1549180389,"path_taken":["M","M","$","M","?","R","M","?","T","R","?","?","R","M","R","BOSS","M","$","M","M","?","R","?","M","T","R","M","M","M","?","R","BOSS","M","M","$","M","?","R","?","M","T","?","?","R","?","?","R","BOSS"],"build_version":"2019-01-23","purchased_purges":2,"victory":true,"max_hp_per_floor":[75,75,75,75,75,75,75,75,75,75,75,75,75,75,75,75,75,75,75,75,75,80,80,80,80,80,80,80,80,80,80,80,80,80,80,80,80,80,80,80,80,80,90,90,90,90,90,87,87,87],"card_choices":[{"not_picked":["Rebound","Glacier"],"picked":"Capacitor","floor":1},{"not_picked":["Blizzard","Rebound"],"picked":"Conserve Battery","floor":2},{"not_picked":["Compile Driver","Leap"],"picked":"Chill","floor":4},{"not_picked":["Leap","Heatsinks"],"picked":"Electrodynamics","floor":7},{"not_picked":["Undo","Streamline"],"picked":"Hologram","floor":8},{"not_picked":["Chaos","Sunder","Chill"],"picked":"SKIP","floor":14},{"not_picked":["Barrage","Streamline"],"picked":"Go for the Eyes","floor":18},{"not_picked":["Turbo","Barrage"],"picked":"Double Energy","floor":20},{"not_picked":["Heatsinks","Double Energy"],"picked":"Leap","floor":21},{"not_picked":["Go for the Eyes","Stack"],"picked":"Coolheaded","floor":25},{"not_picked":["Melter","Beam Cell"],"picked":"FTL","floor":28},{"not_picked":["BootSequence","Ball Lightning"],"picked":"Barrage","floor":29},{"not_picked":["Chaos","Sweeping Beam"],"picked":"Sunder","floor":30},{"not_picked":["Rainbow","Meteor Strike"],"picked":"Thunder Strike","floor":33},{"not_picked":["Leap","Fusion+1"],"picked":"Glacier+1","floor":35},{"not_picked":["Stack+1","Recycle"],"picked":"Loop+1","floor":36},{"not_picked":["Auto Shields+1","Stack","Barrage"],"picked":"SKIP","floor":38},{"not_picked":["Leap","Conserve Battery"],"picked":"Compile Driver","floor":42},{"not_picked":["Fission","Stack+1"],"picked":"Cold Snap+1","floor":44},{"not_picked":["Tempest+1","Hologram"],"picked":"Coolheaded+1","floor":45}],"player_experience":333906,"relics_obtained":[{"floor":9,"key":"Bag of Preparation"},{"floor":26,"key":"Bronze Scales"},{"floor":39,"key":"Gremlin Horn"},{"floor":43,"key":"Pear"},{"floor":45,"key":"Emotion Chip"}],"event_choices":[{"damage_healed":0,"gold_gain":0,"player_choice":"Forge","damage_taken":0,"max_hp_gain":0,"max_hp_loss":0,"event_name":"Accursed Blacksmith","floor":5,"gold_loss":0,"cards_upgraded":["Zap"]},{"damage_healed":0,"gold_gain":30,"player_choice":"Searched \u00271\u0027 times","damage_taken":0,"max_hp_gain":0,"max_hp_loss":0,"event_name":"Dead Adventurer","floor":11,"gold_loss":0},{"damage_healed":0,"gold_gain":0,"player_choice":"Shed Blood","damage_taken":19,"max_hp_gain":5,"max_hp_loss":0,"event_name":"Forgotten Altar","floor":22,"gold_loss":0},{"damage_healed":0,"gold_gain":0,"player_choice":"Obtained Relic","damage_taken":0,"relics_obtained":["War Paint"],"max_hp_gain":0,"max_hp_loss":0,"event_name":"Addict","floor":24,"gold_loss":85},{"damage_healed":45,"gold_gain":0,"player_choice":"Full Heal","damage_taken":0,"max_hp_gain":0,"max_hp_loss":0,"event_name":"Wheel of Change","floor":31,"gold_loss":0},{"damage_healed":0,"gold_gain":0,"cards_transformed":["Sunder"],"player_choice":"Transformed","damage_taken":0,"max_hp_gain":0,"max_hp_loss":0,"event_name":"Transmorgrifier","floor":41,"gold_loss":0,"cards_obtained":["Self Repair"]},{"damage_healed":0,"gold_gain":0,"player_choice":"Fight","damage_taken":0,"max_hp_gain":0,"max_hp_loss":0,"event_name":"MindBloom","floor":45,"gold_loss":0},{"damage_healed":0,"gold_gain":0,"player_choice":"Ignored","damage_taken":0,"max_hp_gain":0,"max_hp_loss":0,"event_name":"Tomb of Lord Red Mask","floor":47,"gold_loss":0}],"is_beta":false,"boss_relics":[{"not_picked":["Empty Cage","Cursed Key"],"picked":"Lizard Tail"},{"not_picked":["Eternal Feather","Runic Dome"],"picked":"Astrolabe"}],"items_purged_floors":[19,48],"is_endless":false,"potions_floor_spawned":[2,16,20,25,33,42,45],"ascension_level":5}