{"gold_per_floor":[119,129,129,11,11,45,45,73,127,140,173,173,199,212,212,308,308,318,318,338,338,438,438],"floor_reached":23,"playtime":1787,"items_purged":[],"score":365,"play_id":"4ad0e735-6a90-454b-86e1-a0df948c91cd","local_time":"20190212003911","is_ascension_mode":true,"campfire_choices":[{"data":"Buffer","floor":7,"key":"SMITH"},{"data":"Defragment","floor":12,"key":"SMITH"},{"data":"Creative AI","floor":15,"key":"SMITH"}],"neow_cost":"NONE","seed_source_timestamp":347827795800492,"circlet_count":0,"master_deck":["Defend_B","Defend_B","Defend_B","Zap","Dualcast","Cold Snap","FTL","Defragment+1","Chaos","Buffer+1","Go for the Eyes","Consume","Creative AI+1","Sunder","Compile Driver","Electrodynamics","Streamline","Core Surge","Turbo"],"relics":["Cracked Core","NeowsBlessing","Happy Flower","Bronze Scales","Omamori","Strawberry","Boot","Empty Cage","Kunai","WingedGreaves","Darkstone Periapt"],"potions_floor_usage":[8,11,22,22],"damage_taken":[{"damage":0,"enemies":"Small Slimes","floor":1,"turns":1},{"damage":0,"enemies":"Cultist","floor":2,"turns":1},{"damage":0,"enemies":"3 Sentries","floor":6,"turns":2},{"damage":10,"enemies":"Lagavulin","floor":8,"turns":6},{"damage":9,"enemies":"2 Louse","floor":10,"turns":1},{"damage":20,"enemies":"3 Sentries","floor":11,"turns":6},{"damage":0,"enemies":"Gremlin Nob","floor":13,"turns":4},{"damage":10,"enemies":"Large Slime","floor":14,"turns":4},{"damage":0,"enemies":"Slime Boss","floor":16,"turns":7},{"damage":7,"enemies":"Chosen","floor":18,"turns":3},{"damage":14,"enemies":"2 Thieves","floor":20,"turns":2},{"damage":8,"enemies":"Colosseum Slavers","floor":22,"turns":4},{"damage":47,"enemies":"Colosseum Nobs","floor":22,"turns":7},{"damage":6,"enemies":"Gremlin Leader","floor":23,"turns":3}],"seed_played":"-8728342533947572514","potions_obtained":[{"floor":2,"key":"Dexterity Potion"},{"floor":8,"key":"GamblersBrew"},{"floor":10,"key":"Ancient Potion"},{"floor":13,"key":"FearPotion"},{"floor":18,"key":"FearPotion"},{"floor":20,"key":"LiquidBronze"}],"is_trial":false,"path_per_floor":["?","$","?","?","?","?"],"character_chosen":"DEFECT","items_purchased":["Defragment","Chaos"],"campfire_rested":0,"item_purchase_floors":[4,4],"current_hp_per_floor":[75,75,75,75,75,75,75,65,65,56,43,43,43,33,33,33,82,75,75,61,61,6,0],"gold":438,"neow_bonus":"THREE_ENEMY_KILL","is_prod":false,"is_daily":false,"chose_seed":false,"campfire_upgraded":3,"win_rate":0,"timestamp":1549928351,"path_taken":["M","M","?","?","?","E","R","E","T","M","E","R","E","M","R","BOSS","M","?","M","?","?","E"],"build_version":"2019-01-23","purchased_purges":0,"victory":false,"max_hp_per_floor":[75,75,75,75,75,75,75,75,75,75,82,82,82,82,82,82,82,82,82,82,82,82,82],"card_choices":[{"not_picked":["Leap","Steam"],"picked":"Cold Snap","floor":1},{"not_picked":["Sweeping Beam","Beam Cell","Streamline"],"picked":"SKIP","floor":2},{"not_picked":["Gash","Seek"],"picked":"Buffer","floor":6},{"not_picked":["Steam","Rebound"],"picked":"Go for the Eyes","floor":8},{"not_picked":["Coolheaded","Barrage"],"picked":"Consume","floor":10},{"not_picked":["Streamline","Core Surge"],"picked":"Creative AI","floor":11},{"not_picked":["Beam Cell","Conserve Battery"],"picked":"Sunder","floor":13},{"not_picked":["Cold Snap","Rebound"],"picked":"Compile Driver","floor":14},{"not_picked":["Amplify","Fission"],"picked":"Electrodynamics","floor":16},{"not_picked":["Compile Driver","Sweeping Beam","Doom and Gloom"],"picked":"SKIP","floor":18},{"not_picked":["Gash","Doom and Gloom","Hello World"],"picked":"SKIP","floor":20},{"not_picked":["Coolheaded","Consume"],"picked":"Turbo","floor":22}],"player_experience":127117,"relics_obtained":[{"floor":6,"key":"Happy Flower"},{"floor":8,"key":"Bronze Scales"},{"floor":9,"key":"Omamori"},{"floor":11,"key":"Strawberry"},{"floor":13,"key":"Boot"},{"floor":22,"key":"WingedGreaves"},{"floor":22,"key":"Darkstone Periapt"}],"event_choices":[{"damage_healed":0,"gold_gain":0,"cards_transformed":["Strike_B"],"player_choice":"Transformed","damage_taken":0,"max_hp_gain":0,"max_hp_loss":0,"event_name":"Transmorgrifier","floor":3,"gold_loss":0,"cards_obtained":["FTL"]},{"damage_healed":0,"gold_gain":0,"player_choice":"Leave","damage_taken":0,"max_hp_gain":0,"max_hp_loss":0,"event_name":"The Cleric","floor":5,"gold_loss":0},{"damage_healed":0,"gold_gain":0,"player_choice":"Opened","damage_taken":0,"relics_obtained":["Kunai"],"max_hp_gain":0,"max_hp_loss":0,"event_name":"The Mausoleum","floor":19,"gold_loss":0,"cards_obtained":["Writhe"]},{"damage_healed":0,"gold_gain":0,"cards_transformed":["Defend_B","Strike_B"],"player_choice":"Became Test Subject","damage_taken":0,"max_hp_gain":0,"max_hp_loss":0,"event_name":"Drug Dealer","floor":21,"gold_loss":0,"cards_obtained":["Streamline","Core Surge"]},{"damage_healed":0,"gold_gain":0,"player_choice":"Fight","damage_taken":0,"max_hp_gain":0,"max_hp_loss":0,"event_name":"Colosseum","floor":22,"gold_loss":0},{"damage_healed":0,"gold_gain":0,"player_choice":"Fought Nobs","damage_taken":0,"max_hp_gain":0,"max_hp_loss":0,"event_name":"Colosseum","floor":22,"gold_loss":0}],"is_beta":false,"boss_relics":[{"not_picked":["Runic Dome","Lizard Tail"],"picked":"Empty Cage"}],"items_purged_floors":[],"is_endless":false,"potions_floor_spawned":[2,8,10,13,18,20],"killed_by":"Gremlin Leader","ascension_level":3}