{"gold_per_floor":[109,109,121,19,19,19,38,38,38,38,57,92,34,50,50,176,176,192,192,217,38,38,38,53,53,53,53,53],"floor_reached":28,"playtime":1862,"items_purged":["Regret"],"score":295,"play_id":"c33b48c3-1336-41f0-b245-975d83d9e9c6","local_time":"20190131010600","is_ascension_mode":true,"campfire_choices":[{"data":"Zap","floor":6,"key":"SMITH"},{"data":"Conserve Battery","floor":10,"key":"SMITH"},{"floor":15,"key":"REST"},{"data":"Creative AI","floor":23,"key":"SMITH"},{"floor":25,"key":"REST"}],"neow_cost":"NONE","seed_source_timestamp":1225090989812449,"circlet_count":0,"master_deck":["Defend_B","Defend_B+1","Defend_B","Zap+1","Dualcast","Cold Snap","Hologram+1","Conserve Battery+1","Beam Cell","Conserve Battery","Sweeping Beam","Blizzard","Creative AI+1","Undo+1","Bite","Bite","Bite","Bite","Bite","Consume+1","Capacitor","Conserve Battery"],"relics":["Cracked Core","Orichalcum","The Courier","Golden Idol","Sundial","War Paint","Empty Cage","Bronze Scales","Juzu Bracelet"],"potions_floor_usage":[16,16,16,24],"damage_taken":[{"damage":0,"enemies":"2 Louse","floor":1,"turns":3},{"damage":0,"enemies":"Small Slimes","floor":3,"turns":2},{"damage":5,"enemies":"Jaw Worm","floor":7,"turns":2},{"damage":3,"enemies":"3 Louse","floor":11,"turns":4},{"damage":15,"enemies":"3 Sentries","floor":12,"turns":11},{"damage":10,"enemies":"Exordium Wildlife","floor":14,"turns":5},{"damage":22,"enemies":"Slime Boss","floor":16,"turns":7},{"damage":3,"enemies":"3 Byrds","floor":18,"turns":5},{"damage":29,"enemies":"2 Thieves","floor":20,"turns":5},{"damage":33,"enemies":"Centurion and Healer","floor":24,"turns":7},{"damage":46,"enemies":"3 Cultists","floor":28,"turns":4}],"seed_played":"-8493187773383505686","potions_obtained":[{"floor":3,"key":"AttackPotion"},{"floor":11,"key":"PowerPotion"},{"floor":14,"key":"AttackPotion"},{"floor":20,"key":"Regen Potion"}],"is_trial":false,"path_per_floor":["M","?","M","$","?","R","M","?","T","R","M","E","$","M","R","B",null,"M","?","M","$","?","R","M","R","T","$","M"],"character_chosen":"DEFECT","items_purchased":["Conserve Battery","Blizzard","Capacitor","Bronze Scales"],"campfire_rested":2,"item_purchase_floors":[4,13,21,21],"current_hp_per_floor":[75,75,75,75,75,75,70,70,70,70,67,52,52,42,64,42,67,64,52,33,33,33,33,21,36,36,36,0],"gold":53,"neow_bonus":"RANDOM_COMMON_RELIC","is_prod":false,"is_daily":false,"chose_seed":false,"campfire_upgraded":3,"win_rate":0,"timestamp":1548914760,"path_taken":["M","?","M","$","?","R","M","?","T","R","M","E","$","M","R","BOSS","M","?","M","$","?","R","M","R","T","$","M"],"build_version":"2019-01-23","purchased_purges":1,"victory":false,"max_hp_per_floor":[75,75,75,75,75,75,75,75,75,75,75,75,75,75,75,75,75,75,52,52,52,52,52,52,52,52,52,52],"card_choices":[{"not_picked":["Compile Driver","Coolheaded"],"picked":"Cold Snap","floor":1},{"not_picked":["Recycle","Ball Lightning"],"picked":"Hologram","floor":3},{"not_picked":["Skim","Compile Driver"],"picked":"Beam Cell","floor":7},{"not_picked":["Reprogram","Ball Lightning"],"picked":"Conserve Battery","floor":11},{"not_picked":["Barrage","Steam"],"picked":"Sweeping Beam","floor":12},{"not_picked":["Aggregate","Scrape","Beam Cell"],"picked":"SKIP","floor":14},{"not_picked":["Reboot","Meteor Strike"],"picked":"Creative AI","floor":16},{"not_picked":["Beam Cell","Cold Snap"],"picked":"Undo+1","floor":18},{"not_picked":["Stack","Melter"],"picked":"Consume+1","floor":20},{"not_picked":["Blizzard","Cold Snap"],"picked":"Conserve Battery","floor":24}],"player_experience":286001,"relics_obtained":[{"floor":9,"key":"Sundial"},{"floor":12,"key":"War Paint"},{"floor":26,"key":"Juzu Bracelet"}],"event_choices":[{"damage_healed":0,"gold_gain":0,"player_choice":"Box","damage_taken":0,"relics_obtained":["The Courier"],"max_hp_gain":0,"max_hp_loss":0,"event_name":"Big Fish","floor":2,"gold_loss":0,"cards_obtained":["Regret"]},{"damage_healed":0,"gold_gain":0,"cards_transformed":["Strike_B"],"player_choice":"Change","damage_taken":0,"max_hp_gain":0,"max_hp_loss":0,"event_name":"Living Wall","floor":5,"gold_loss":0,"cards_obtained":["Amplify"]},{"damage_healed":0,"gold_gain":0,"player_choice":"Take Wound","damage_taken":0,"relics_obtained":["Golden Idol"],"max_hp_gain":0,"max_hp_loss":0,"event_name":"Golden Idol","floor":8,"gold_loss":0,"cards_obtained":["Injury"]},{"damage_healed":0,"gold_gain":0,"player_choice":"Became a vampire","damage_taken":0,"max_hp_gain":0,"max_hp_loss":23,"event_name":"Vampires","floor":19,"gold_loss":0,"cards_obtained":["Bite","Bite","Bite","Bite","Bite"]},{"cards_removed":["Defend_B"],"damage_healed":0,"gold_gain":0,"player_choice":"Elegance","damage_taken":0,"max_hp_gain":0,"max_hp_loss":0,"event_name":"Back to Basics","floor":22,"gold_loss":0}],"is_beta":false,"boss_relics":[{"not_picked":["Runic Pyramid","Tiny House"],"picked":"Empty Cage"}],"items_purged_floors":[4],"is_endless":false,"potions_floor_spawned":[3,11,14,20],"killed_by":"3 Cultists","ascension_level":5}