{"gold_per_floor":[119,119,119,119,138,138,188,227,251,251,271,294,294],"floor_reached":13,"playtime":752,"items_purged":[],"score":149,"play_id":"6304d187-d254-4f89-91b4-e897a51250f4","local_time":"20190107202432","is_ascension_mode":true,"campfire_choices":[{"data":"Defend_R","floor":6.0,"key":"SMITH"},{"floor":10.0,"key":"REST"}],"neow_cost":"PERCENT_DAMAGE","seed_source_timestamp":9499110326324,"circlet_count":0,"master_deck":["AscendersBane","Strike_R","Strike_R","Strike_R","Strike_R","Strike_R","Defend_R+1","Defend_R","Defend_R","Defend_R","Bash","Barricade","Seeing Red","Shrug It Off"],"special_seed":0,"relics":["Burning Blood","Golden Idol","Letter Opener","Boot"],"potions_floor_usage":[13],"damage_taken":[{"damage":0.0,"enemies":"Small Slimes","floor":1.0,"turns":3.0},{"damage":0.0,"enemies":"2 Louse","floor":5.0,"turns":3.0},{"damage":41.0,"enemies":"3 Sentries","floor":8.0,"turns":14.0},{"damage":5.0,"enemies":"Cultist","floor":11.0,"turns":4.0},{"damage":23.0,"enemies":"Large Slime","floor":12.0,"turns":8.0},{"damage":36,"enemies":"Lagavulin","floor":13,"turns":8}],"seed_played":"-2366232213660073649","potions_obtained":[{"floor":1.0,"key":"Energy Potion"},{"floor":8.0,"key":"FearPotion"}],"is_trial":false,"path_per_floor":["M","?","$","?","M","R","?","E","T","R","M","M","E"],"character_chosen":"IRONCLAD","items_purchased":[],"campfire_rested":1,"item_purchase_floors":[],"current_hp_per_floor":[56,56,56,56,62,62,56,21,21,41,42,25,0],"gold":294,"neow_bonus":"THREE_RARE_CARDS","is_prod":false,"is_daily":false,"chose_seed":false,"campfire_upgraded":1,"win_rate":0,"timestamp":1546889072,"path_taken":["M","?","$","?","M","R","?","E","T","R","M","M","E"],"build_version":"2019-01-03v4","purchased_purges":0,"victory":false,"max_hp_per_floor":[75,75,75,68,68,68,68,68,68,68,68,68,68],"card_choices":[{"not_picked":["Immolate","Reaper"],"picked":"Barricade","floor":0.0},{"not_picked":["Rage","Havoc","Burning Pact"],"picked":"SKIP","floor":1.0},{"not_picked":["Pommel Strike","Perfected Strike"],"picked":"Seeing Red","floor":5.0},{"not_picked":["True Grit","Twin Strike","Thunderclap"],"picked":"SKIP","floor":8.0},{"not_picked":["Pummel","Perfected Strike","Hemokinesis"],"picked":"SKIP","floor":11.0},{"not_picked":["Infernal Blade","Rage"],"picked":"Shrug It Off","floor":12.0}],"player_experience":701564,"relics_obtained":[{"floor":8.0,"key":"Letter Opener"},{"floor":9.0,"key":"Boot"}],"event_choices":[{"damage_healed":0.0,"max_hp_gain":0.0,"max_hp_loss":0.0,"gold_gain":0.0,"event_name":"Scrap Ooze","player_choice":"Fled","floor":2.0,"gold_loss":0.0,"damage_taken":0.0},{"damage_healed":0.0,"max_hp_gain":0.0,"max_hp_loss":7.0,"gold_gain":0.0,"event_name":"Golden Idol","player_choice":"Lose Max HP","floor":4.0,"gold_loss":0.0,"damage_taken":0.0,"relics_obtained":["Golden Idol"]},{"damage_healed":0.0,"max_hp_gain":0.0,"max_hp_loss":0.0,"gold_gain":50.0,"event_name":"FaceTrader","player_choice":"Touch","floor":7.0,"gold_loss":0.0,"damage_taken":6.0}],"is_beta":false,"boss_relics":[],"items_purged_floors":[],"is_endless":false,"potions_floor_spawned":[1,8],"killed_by":"Lagavulin","ascension_level":16}