{"gold_per_floor":[363,373,373,386,50,79,79,4,50,50,50,65,65,80,80,80],"floor_reached":16,"playtime":339,"items_purged":[],"score":195,"play_id":"7bce7389-46c6-471d-b21a-bd1c2c240187","local_time":"20190210083224","is_ascension_mode":true,"campfire_choices":[{"data":"Defragment","floor":11,"key":"SMITH"},{"data":"Genetic Algorithm","floor":15,"key":"SMITH"}],"neow_cost":"PERCENT_DAMAGE","seed_source_timestamp":317744133598313,"circlet_count":0,"master_deck":["AscendersBane","Strike_B","Strike_B","Defend_B","Defend_B","Defend_B","Defend_B","Zap","Dualcast","ReplayTheSpireMod:Calculation Training","Defragment+1","strawberrySpire:Adapter","Static Discharge","Static Discharge","Reinforced Body","Genetic Algorithm+1","Genetic Algorithm"],"relics":["Cracked Core","hubris:Icosahedron","hubris:SoftwareUpdate","hubris:RGBLights","Replay:WaspNest","Oddly Smooth Stone","Regal Pillow"],"potions_floor_usage":[],"damage_taken":[{"damage":2,"enemies":"Jaw Worm","floor":1,"turns":3},{"damage":0,"enemies":"Cultist","floor":2,"turns":3},{"damage":10,"enemies":"Small Slimes","floor":4,"turns":3},{"damage":35,"enemies":"3 Sentries","floor":6,"turns":5},{"damage":3,"enemies":"Blue Slaver","floor":12,"turns":3},{"damage":0,"enemies":"Exordium Thugs","floor":14,"turns":6},{"damage":54,"enemies":"Slime Boss","floor":16,"turns":5}],"seed_played":"2811823355904821745","potions_obtained":[{"floor":4,"key":"Strength Potion"},{"floor":6,"key":"FocusPotion"}],"is_trial":false,"path_per_floor":["M","M","?","M","$","E","T","?","T","T","R","M","?","M","R","B"],"character_chosen":"DEFECT","items_purchased":["Static Discharge","hubris:SoftwareUpdate"],"campfire_rested":0,"item_purchase_floors":[5,5],"current_hp_per_floor":[44,44,44,34,34,56,56,56,56,56,56,53,53,53,53,0],"gold":80,"neow_bonus":"TWO_FIFTY_GOLD","is_prod":false,"is_daily":false,"chose_seed":false,"campfire_upgraded":2,"win_rate":0,"timestamp":1549747944,"path_taken":["M","M","?","?","$","E","?","?","T","?","R","M","?","M","R","BOSS"],"build_version":"2019-01-23","purchased_purges":0,"victory":false,"max_hp_per_floor":[71,71,71,71,71,71,71,71,71,71,71,71,71,71,71,71],"card_choices":[{"not_picked":["Stack","Cold Snap"],"picked":"ReplayTheSpireMod:Calculation Training","floor":1},{"not_picked":["Static Discharge","Stack"],"picked":"Defragment","floor":2},{"not_picked":["Compile Driver","Steam"],"picked":"strawberrySpire:Adapter","floor":4},{"not_picked":["strawberrySpire:Adapter","Stack"],"picked":"Reinforced Body","floor":6},{"not_picked":["BootSequence","Coolheaded"],"picked":"Genetic Algorithm","floor":12},{"not_picked":["Conserve Battery","Redo"],"picked":"Genetic Algorithm","floor":14}],"player_experience":421001,"relics_obtained":[{"floor":6,"key":"hubris:RGBLights"},{"floor":7,"key":"Replay:WaspNest"},{"floor":9,"key":"Oddly Smooth Stone"},{"floor":10,"key":"Regal Pillow"}],"event_choices":[{"cards_removed":["Strike_B"],"damage_healed":0,"gold_gain":0,"player_choice":"Card Removal","damage_taken":0,"max_hp_gain":0,"max_hp_loss":0,"event_name":"The Cleric","floor":8,"gold_loss":75},{"cards_removed":["Strike_B"],"damage_healed":0,"gold_gain":0,"player_choice":"Forget","damage_taken":0,"max_hp_gain":0,"max_hp_loss":0,"event_name":"Living Wall","floor":13,"gold_loss":0}],"is_beta":false,"boss_relics":[],"items_purged_floors":[],"is_endless":false,"potions_floor_spawned":[4,6,12],"killed_by":"Slime Boss","ascension_level":19}