{"gold_per_floor":[110,110,34,50,70,70,95,95,95,95,95,124,14,24,24,121,121,134,134,186,209,47,47,81,180,180,180],"floor_reached":27,"playtime":866,"items_purged":["Strike_B","Strike_B"],"score":379,"play_id":"1dbc74ca-a928-4080-8de9-f86490b42a67","local_time":"20190219092001","is_ascension_mode":true,"campfire_choices":[{"data":"Zap","floor":6,"key":"SMITH"},{"data":"Darkness","floor":8,"key":"SMITH"},{"floor":10,"key":"REST"},{"floor":15,"key":"REST"},{"floor":23,"key":"REST"}],"neow_cost":"NONE","seed_source_timestamp":488107137702025,"circlet_count":0,"master_deck":["AscendersBane","Strike_B","Defend_B","Defend_B","Defend_B","Zap+1","Dualcast","Conserve Battery","Cold Snap","Coolheaded","Darkness+1","Go for the Eyes","Steam","Self Repair","Leap","Seek","FTL","Seek","Go for the Eyes+1"],"relics":["Cracked Core","NeowsBlessing","Mummified Hand","Singing Bowl","Symbiotic Virus","Inserter","MawBank","Ancient Tea Set","Question Card"],"potions_floor_usage":[16,24,27],"damage_taken":[{"damage":0,"enemies":"Small Slimes","floor":1,"turns":1},{"damage":0,"enemies":"Cultist","floor":4,"turns":1},{"damage":0,"enemies":"Jaw Worm","floor":5,"turns":1},{"damage":18,"enemies":"3 Sentries","floor":7,"turns":7},{"damage":40,"enemies":"Gremlin Nob","floor":12,"turns":5},{"damage":0,"enemies":"Large Slime","floor":14,"turns":4},{"damage":10,"enemies":"Slime Boss","floor":16,"turns":7},{"damage":1,"enemies":"Shell Parasite","floor":18,"turns":6},{"damage":35,"enemies":"Colosseum Slavers","floor":19,"turns":5},{"damage":14,"enemies":"Spheric Guardian","floor":21,"turns":4},{"damage":36,"enemies":"Book of Stabbing","floor":24,"turns":7},{"damage":28,"enemies":"Gremlin Leader","floor":27,"turns":10}],"seed_played":"6509047439015058205","potions_obtained":[{"floor":5,"key":"Energy Potion"},{"floor":12,"key":"PowerPotion"},{"floor":16,"key":"SkillPotion"}],"is_trial":false,"path_per_floor":["M","?","$","M","M","R","E","R","T","R","?","E","$","M","R","B",null,"M","?","T","M","$","R","E","?","T","E"],"character_chosen":"DEFECT","items_purchased":["Cold Snap","Coolheaded","Self Repair","Seek"],"campfire_rested":3,"item_purchase_floors":[3,3,13,22],"current_hp_per_floor":[68,68,68,68,68,68,50,50,50,72,72,34,34,41,64,61,73,77,42,42,37,37,60,24,24,24,0],"gold":180,"neow_bonus":"THREE_ENEMY_KILL","is_prod":false,"is_daily":false,"chose_seed":false,"campfire_upgraded":2,"win_rate":0,"timestamp":1550586001,"path_taken":["M","?","$","?","M","R","E","R","T","R","?","E","$","?","R","BOSS","M","?","?","M","$","R","E","?","T","E"],"build_version":"2019-01-23","purchased_purges":2,"victory":false,"max_hp_per_floor":[75,75,75,75,75,75,75,75,75,75,75,77,77,77,77,77,77,77,77,77,79,79,79,79,79,79,79],"card_choices":[{"not_picked":["Beam Cell","Stack"],"picked":"Conserve Battery","floor":1},{"not_picked":["Barrage","Compile Driver"],"picked":"Darkness","floor":4},{"not_picked":["Doom and Gloom","Leap"],"picked":"Go for the Eyes","floor":5},{"not_picked":["Beam Cell","Recycle","Rebound"],"picked":"SKIP","floor":7},{"not_picked":["Hyperbeam","Coolheaded","Consume"],"picked":"Singing Bowl","floor":12},{"not_picked":["Beam Cell","Streamline"],"picked":"Leap","floor":14},{"not_picked":["Thunder Strike","Machine Learning"],"picked":"Seek","floor":16},{"not_picked":["Skim","Streamline"],"picked":"FTL","floor":18},{"not_picked":["Reinforced Body","Genetic Algorithm","Stack"],"picked":"Singing Bowl","floor":21},{"not_picked":["Hologram+1","Steam"],"picked":"Go for the Eyes+1","floor":24}],"player_experience":541467,"relics_obtained":[{"floor":7,"key":"Mummified Hand"},{"floor":9,"key":"Singing Bowl"},{"floor":12,"key":"Symbiotic Virus"},{"floor":20,"key":"MawBank"},{"floor":24,"key":"Ancient Tea Set"},{"floor":26,"key":"Question Card"}],"event_choices":[{"cards_removed":["Strike_B"],"damage_healed":0,"gold_gain":0,"player_choice":"Purged","damage_taken":0,"max_hp_gain":0,"max_hp_loss":0,"event_name":"Purifier","floor":2,"gold_loss":0},{"damage_healed":0,"gold_gain":0,"cards_transformed":["Defend_B"],"player_choice":"Transformed","damage_taken":0,"max_hp_gain":0,"max_hp_loss":0,"event_name":"Transmorgrifier","floor":11,"gold_loss":0,"cards_obtained":["Steam"]},{"damage_healed":0,"gold_gain":0,"player_choice":"Fight","damage_taken":0,"max_hp_gain":0,"max_hp_loss":0,"event_name":"Colosseum","floor":19,"gold_loss":0},{"damage_healed":0,"gold_gain":0,"player_choice":"Fled From Nobs","damage_taken":0,"max_hp_gain":0,"max_hp_loss":0,"event_name":"Colosseum","floor":19,"gold_loss":0},{"damage_healed":0,"gold_gain":99,"player_choice":"Stole From Cult","damage_taken":0,"max_hp_gain":0,"max_hp_loss":0,"event_name":"Nest","floor":25,"gold_loss":0}],"is_beta":false,"boss_relics":[{"not_picked":["Runic Pyramid","FrozenCore"],"picked":"Inserter"}],"items_purged_floors":[13,22],"is_endless":false,"potions_floor_spawned":[5,12,16,21],"killed_by":"Gremlin Leader","ascension_level":12}