{"gold_per_floor":[111,111,111,130,44,44,71,87,87,87,36,65,76,95,95,197,247,262,262,17,17,33,33,50,60,60,60,80,80,80,114,114,217,217,235,235,235,247,95,95,113,0,0,0,18,53,65,77],"floor_reached":48,"playtime":2029,"items_purged":["Shame"],"score":684,"play_id":"12ad832f-7b5a-4dbe-bfb1-2a9df92d7b5f","local_time":"20190204062646","is_ascension_mode":true,"campfire_choices":[{"data":"Zap","floor":6,"key":"SMITH"},{"floor":10,"key":"REST"},{"floor":15,"key":"REST"},{"data":"White Noise","floor":23,"key":"SMITH"},{"floor":27,"key":"REST"},{"floor":32,"key":"REST"},{"floor":40,"key":"REST"},{"floor":44,"key":"REST"}],"neow_cost":"NONE","seed_source_timestamp":1589784897063687,"circlet_count":0,"master_deck":["Defend_B","Defend_B","Defend_B+1","Defend_B","Zap+1","Dualcast","Loop","Melter","Self Repair","Ball Lightning","Rip and Tear","Hologram","Cold Snap","Leap","Conserve Battery","Biased Cognition","White Noise+1","White Noise","Glacier","Panacea","Hologram+1","FTL","Steam+1","Bite","Bite","Bite","Bite","Echo Form","Loop","Amplify","Madness","Madness","Streamline+1","Capacitor","Cold Snap+1","Stack","Forethought"],"relics":["Cracked Core","Sundial","Ice Cream","Juzu Bracelet","Calipers","Tiny House","DataDisk","PreservedInsect","Anchor","Prayer Wheel","Busted Crown","Red Mask","Ancient Tea Set","MawBank"],"potions_floor_usage":[7,13,13,18,18,33,35,45,46],"damage_taken":[{"damage":0,"enemies":"2 Louse","floor":1,"turns":1},{"damage":8,"enemies":"Small Slimes","floor":4,"turns":3},{"damage":24,"enemies":"Gremlin Nob","floor":7,"turns":4},{"damage":7,"enemies":"Jaw Worm","floor":8,"turns":2},{"damage":40,"enemies":"3 Sentries","floor":12,"turns":5},{"damage":0,"enemies":"3 Louse","floor":13,"turns":2},{"damage":23,"enemies":"Exordium Thugs","floor":14,"turns":5},{"damage":7,"enemies":"Slime Boss","floor":16,"turns":10},{"damage":6,"enemies":"3 Byrds","floor":18,"turns":6},{"damage":0,"enemies":"Chosen","floor":22,"turns":4},{"damage":16,"enemies":"Sentry and Sphere","floor":24,"turns":4},{"damage":17,"enemies":"Snake Plant","floor":25,"turns":5},{"damage":0,"enemies":"Centurion and Healer","floor":28,"turns":7},{"damage":19,"enemies":"Gremlin Leader","floor":31,"turns":6},{"damage":28,"enemies":"Champ","floor":33,"turns":10},{"damage":23,"enemies":"Orb Walker","floor":35,"turns":4},{"damage":13,"enemies":"3 Shapes","floor":38,"turns":4},{"damage":49,"enemies":"3 Darklings","floor":41,"turns":7},{"damage":11,"enemies":"Spire Growth","floor":45,"turns":7},{"damage":54,"enemies":"Giant Head","floor":46,"turns":9},{"damage":29,"enemies":"Reptomancer","floor":48,"turns":2}],"seed_played":"1775022060691241799","potions_obtained":[{"floor":7,"key":"GamblersBrew"},{"floor":12,"key":"AttackPotion"},{"floor":16,"key":"Regen Potion"},{"floor":17,"key":"SteroidPotion"},{"floor":24,"key":"Regen Potion"},{"floor":33,"key":"GamblersBrew"},{"floor":35,"key":"Dexterity Potion"},{"floor":45,"key":"Fruit Juice"},{"floor":46,"key":"Energy Potion"}],"is_trial":false,"path_per_floor":["M","?","?","M","$","R","E","M","T","R","$","E","M","M","R","B",null,"M","?","$","?","M","R","M","M","T","R","M","?","?","E","R","B",null,"M","?","?","M","$","R","M","?","T","R","M","E","?","E"],"character_chosen":"DEFECT","items_purchased":["Self Repair","PowerPotion","Hologram","DataDisk","Panacea","Capacitor"],"campfire_rested":6,"item_purchase_floors":[5,5,11,20,20,39],"current_hp_per_floor":[75,75,68,60,60,60,50,50,50,74,74,41,41,18,42,42,77,87,87,87,87,87,87,71,54,54,80,87,60,60,43,60,60,60,51,43,43,39,39,57,22,22,22,40,53,21,21,0],"gold":77,"neow_bonus":"TEN_PERCENT_HP_BONUS","is_prod":false,"is_daily":false,"chose_seed":false,"campfire_upgraded":2,"win_rate":0,"timestamp":1549279606,"path_taken":["M","?","?","M","$","R","E","M","T","R","?","E","M","M","R","BOSS","M","?","$","?","M","R","M","M","T","R","M","?","?","E","R","BOSS","M","?","?","M","$","R","M","?","T","R","M","E","?","E"],"build_version":"2019-01-23","purchased_purges":1,"victory":false,"max_hp_per_floor":[82,82,82,82,82,82,82,82,82,82,82,82,82,82,82,82,87,87,87,87,87,87,87,87,87,87,87,87,60,60,60,60,60,60,60,60,60,60,60,60,60,60,60,60,60,65,65,65],"card_choices":[{"not_picked":["Turbo","Beam Cell"],"picked":"Loop","floor":1},{"not_picked":["Steam","Ball Lightning"],"picked":"Melter","floor":4},{"not_picked":["Gash","Stack"],"picked":"Ball Lightning","floor":7},{"not_picked":["Sweeping Beam","Beam Cell"],"picked":"Rip and Tear","floor":8},{"not_picked":["Gash","Scrape"],"picked":"Cold Snap","floor":12},{"not_picked":["Ball Lightning","Barrage"],"picked":"Leap","floor":13},{"not_picked":["Redo","BootSequence"],"picked":"Conserve Battery","floor":14},{"not_picked":["Core Surge","Thunder Strike"],"picked":"Biased Cognition","floor":16},{"not_picked":["Beam Cell","Darkness"],"picked":"White Noise","floor":17},{"not_picked":["Hologram+1","Cold Snap+1"],"picked":"White Noise","floor":18},{"not_picked":["Steam Power","Lockon"],"picked":"Hologram+1","floor":22},{"not_picked":["Go for the Eyes","Chaos"],"picked":"FTL","floor":24},{"not_picked":["Streamline+1","Turbo+1"],"picked":"Steam+1","floor":25},{"not_picked":["Streamline","Redo","Sweeping Beam"],"picked":"SKIP","floor":28},{"not_picked":["Thunder Strike","Fusion"],"picked":"Loop","floor":31},{"not_picked":["Rainbow","Biased Cognition"],"picked":"Amplify","floor":33},{"not_picked":["Melter"],"picked":"SKIP","floor":35},{"not_picked":["Rebound+1"],"picked":"SKIP","floor":35},{"not_picked":[],"picked":"Streamline+1","floor":38},{"not_picked":["Barrage"],"picked":"SKIP","floor":38},{"not_picked":[],"picked":"Cold Snap+1","floor":41},{"not_picked":["Beam Cell"],"picked":"SKIP","floor":41},{"not_picked":[],"picked":"Stack","floor":45},{"not_picked":["Hologram+1"],"picked":"SKIP","floor":45},{"not_picked":["Tempest"],"picked":"SKIP","floor":46},{"not_picked":[],"picked":"Forethought","floor":47}],"player_experience":354336,"relics_obtained":[{"floor":7,"key":"Ice Cream"},{"floor":9,"key":"Juzu Bracelet"},{"floor":12,"key":"Calipers"},{"floor":26,"key":"Anchor"},{"floor":31,"key":"Prayer Wheel"},{"floor":43,"key":"Ancient Tea Set"},{"floor":46,"key":"MawBank"}],"event_choices":[{"damage_healed":0,"gold_gain":0,"player_choice":"Box","damage_taken":0,"relics_obtained":["Sundial"],"max_hp_gain":0,"max_hp_loss":0,"event_name":"Big Fish","floor":2,"gold_loss":0,"cards_obtained":["Regret"]},{"cards_removed":["Regret"],"damage_healed":0,"gold_gain":0,"player_choice":"Card Removal","damage_taken":7,"max_hp_gain":0,"max_hp_loss":0,"event_name":"Golden Wing","floor":3,"gold_loss":0},{"damage_healed":0,"gold_gain":0,"cards_transformed":["Strike_B"],"player_choice":"Transformed","damage_taken":0,"max_hp_gain":0,"max_hp_loss":0,"event_name":"Transmorgrifier","floor":19,"gold_loss":0,"cards_obtained":["Glacier"]},{"damage_healed":0,"gold_gain":0,"player_choice":"Stole Relic","damage_taken":0,"relics_obtained":["PreservedInsect"],"max_hp_gain":0,"max_hp_loss":0,"event_name":"Addict","floor":21,"gold_loss":0,"cards_obtained":["Shame"]},{"damage_healed":0,"gold_gain":0,"player_choice":"Became a vampire","damage_taken":0,"max_hp_gain":0,"max_hp_loss":27,"event_name":"Vampires","floor":29,"gold_loss":0,"cards_obtained":["Bite","Bite","Bite","Bite","Bite"]},{"damage_healed":0,"gold_gain":0,"player_choice":"Read","damage_taken":0,"max_hp_gain":0,"max_hp_loss":0,"event_name":"The Library","floor":30,"gold_loss":0,"cards_obtained":["Echo Form"]},{"damage_healed":0,"gold_gain":0,"player_choice":"Embrace Madness","damage_taken":8,"max_hp_gain":0,"max_hp_loss":0,"event_name":"Winding Halls","floor":36,"gold_loss":0,"cards_obtained":["Madness","Madness"]},{"cards_removed":["Bite"],"damage_healed":0,"gold_gain":0,"player_choice":"Removed Attack","damage_taken":0,"max_hp_gain":0,"max_hp_loss":0,"event_name":"Falling","floor":37,"gold_loss":0},{"damage_healed":0,"gold_gain":0,"player_choice":"Paid","damage_taken":0,"relics_obtained":["Red Mask"],"max_hp_gain":0,"max_hp_loss":0,"event_name":"Tomb of Lord Red Mask","floor":42,"gold_loss":113},{"damage_healed":0,"gold_gain":0,"player_choice":"Memory 1","damage_taken":0,"max_hp_gain":0,"max_hp_loss":0,"event_name":"SensoryStone","floor":47,"gold_loss":0}],"is_beta":false,"boss_relics":[{"not_picked":["Orrery","Coffee Dripper"],"picked":"Tiny House"},{"not_picked":["Lizard Tail","White Beast Statue"],"picked":"Busted Crown"}],"items_purged_floors":[39],"is_endless":false,"potions_floor_spawned":[7,12,16,24,33,35,45,46],"killed_by":"Reptomancer","ascension_level":6}