{"gold_per_floor":[109,17,17,30,50,80,94,111,189,255,255,271,283,294,294,368,368,354,366,50,69,69],"floor_reached":22,"playtime":2164,"items_purged":[],"score":326,"play_id":"c6fda2cf-924f-4459-90e5-17cca2da5060","local_time":"20181130195513","is_ascension_mode":true,"campfire_choices":[{"floor":15,"key":"REST"}],"neow_cost":"NONE","seed_source_timestamp":6135129889940,"circlet_count":0,"master_deck":["AscendersBane","Defend_G","Defend_G","Defend_G","Defend_G","Defend_G","Strike_G","Strike_G","Strike_G","Strike_G","Strike_G","Survivor","Neutralize","Blur","Accuracy","Blade Dance+1","Riddle With Holes","Escape Plan","Footwork","Slice","Die Die Die","PiercingWail+1","Riddle With Holes","After Image","Backflip+1","Blade Dance+1","Panache","Infinite Blades"],"relics":["Fusion Hammer","StoneCalendar","Toxic Egg 2","WristBlade","Tiny Chest"],"potions_floor_usage":[6,7,16,16],"damage_taken":[{"damage":0,"enemies":"Cultist","floor":1,"turns":5},{"damage":1,"enemies":"Jaw Worm","floor":4,"turns":4},{"damage":0,"enemies":"Small Slimes","floor":5,"turns":4},{"damage":38,"enemies":"Gremlin Nob","floor":6,"turns":5},{"damage":1,"enemies":"Looter","floor":7,"turns":4},{"damage":0,"enemies":"Large Slime","floor":8,"turns":7},{"damage":0,"enemies":"Gremlin Gang","floor":12,"turns":2},{"damage":0,"enemies":"Exordium Thugs","floor":13,"turns":5},{"damage":1,"enemies":"Blue Slaver","floor":14,"turns":3},{"damage":19,"enemies":"The Guardian","floor":16,"turns":16},{"damage":17,"enemies":"2 Thieves","floor":18,"turns":4},{"damage":7,"enemies":"Shell Parasite","floor":19,"turns":7},{"damage":20,"enemies":"Shelled Parasite and Fungi","floor":21,"turns":4},{"damage":25,"enemies":"Snecko","floor":22,"turns":4}],"seed_played":"-5223511707126852915","potions_obtained":[{"floor":1,"key":"Fire Potion"},{"floor":5,"key":"Fruit Juice"},{"floor":6,"key":"SkillPotion"},{"floor":8,"key":"Fire Potion"},{"floor":14,"key":"Dexterity Potion"},{"floor":18,"key":"Strength Potion"},{"floor":19,"key":"Energy Potion"}],"is_trial":false,"path_per_floor":["M","$","$","M","M","E","M","M","T","?","?","M","M","M","R","B",null,"M","M","$","M","M"],"character_chosen":"THE_SILENT","items_purchased":["Accuracy","Blade Dance","Panache","Tiny Chest"],"campfire_rested":1,"item_purchase_floors":[2,2,20,20],"current_hp_per_floor":[59,59,59,58,58,25,24,24,24,24,24,24,24,23,44,25,60,43,36,36,16,0],"gold":69,"neow_bonus":"BOSS_RELIC","is_prod":false,"is_daily":false,"chose_seed":false,"campfire_upgraded":0,"win_rate":0,"timestamp":1543604113,"path_taken":["M","?","$","?","M","E","M","M","T","?","?","M","M","M","R","BOSS","M","M","$","M","M"],"build_version":"2018-11-15","purchased_purges":0,"victory":false,"max_hp_per_floor":[66,66,66,66,66,71,71,71,71,71,71,71,71,71,71,71,71,71,71,71,71,71],"card_choices":[{"not_picked":["Concentrate","Prepared"],"picked":"Blur","floor":1},{"not_picked":["Flying Knee","Heel Hook"],"picked":"Riddle With Holes","floor":4},{"not_picked":["Tactician","Crippling Poison"],"picked":"Escape Plan","floor":5},{"not_picked":["Dodge and Roll","Setup"],"picked":"Footwork","floor":6},{"not_picked":["Prepared","Acrobatics"],"picked":"Slice","floor":7},{"not_picked":["Deflect","Bane"],"picked":"Die Die Die","floor":8},{"not_picked":["Quick Slash","Setup+1"],"picked":"PiercingWail+1","floor":12},{"not_picked":["Outmaneuver+1","Bouncing Flask+1"],"picked":"Riddle With Holes","floor":13},{"not_picked":["Flying Knee","Poisoned Stab","Underhanded Strike"],"picked":"SKIP","floor":14},{"not_picked":["Venomology+1","Grand Finale"],"picked":"After Image","floor":16},{"not_picked":["Prepared+1","Crippling Poison+1"],"picked":"Backflip+1","floor":18},{"not_picked":["Riddle With Holes","Quick Slash+1"],"picked":"Blade Dance+1","floor":19},{"not_picked":["Dagger Throw","Acrobatics+1"],"picked":"Infinite Blades","floor":21}],"player_experience":563341,"relics_obtained":[{"floor":6,"key":"StoneCalendar"},{"floor":9,"key":"Toxic Egg 2"}],"event_choices":[{"damage_healed":0,"gold_gain":66,"player_choice":"Gained Gold","damage_taken":0,"max_hp_gain":0,"max_hp_loss":0,"event_name":"Golden Wing","floor":10,"gold_loss":0},{"damage_healed":0,"gold_gain":0,"player_choice":"Grow","damage_taken":0,"max_hp_gain":0,"max_hp_loss":0,"event_name":"Living Wall","floor":11,"gold_loss":0,"cards_upgraded":["Blade Dance"]}],"is_beta":false,"boss_relics":[{"not_picked":["Empty Cage","Runic Pyramid"],"picked":"WristBlade"}],"items_purged_floors":[],"is_endless":false,"potions_floor_spawned":[1,5,6,8,14,18,19],"killed_by":"Snecko","ascension_level":14}