{"gold_per_floor":[17,32,44,4,24,24,358,358,437,448,448],"floor_reached":11,"playtime":913,"items_purged":[],"score":75,"play_id":"6e329a37-747e-4d17-ab25-f2dd9c9df0e3","local_time":"20190222032327","is_ascension_mode":false,"campfire_choices":[{"data":"Envenom","floor":6,"key":"SMITH"},{"data":"Cloak And Dagger","floor":8,"key":"SMITH"}],"neow_cost":"NO_GOLD","seed_source_timestamp":17179637958994,"circlet_count":0,"master_deck":["Defend_G","Defend_G","Defend_G","Defend_G","Defend_G","Strike_G","Strike_G","Strike_G","Strike_G","Strike_G","Survivor","Neutralize","Envenom+1","Escape Plan","Cloak And Dagger+1","Terror","Escape Plan","Flying Knee","PiercingWail"],"relics":["Ring of the Snake","Old Coin","Question Card"],"potions_floor_usage":[7],"damage_taken":[{"damage":2,"enemies":"Jaw Worm","floor":1,"turns":5},{"damage":3,"enemies":"Small Slimes","floor":2,"turns":3},{"damage":0,"enemies":"Cultist","floor":3,"turns":4},{"damage":1,"enemies":"3 Louse","floor":5,"turns":5},{"damage":33,"enemies":"Gremlin Nob","floor":7,"turns":4},{"damage":9,"enemies":"Lots of Slimes","floor":10,"turns":5},{"damage":25,"enemies":"3 Sentries","floor":11,"turns":5}],"seed_played":"-311287839938120061","potions_obtained":[{"floor":1,"key":"Fire Potion"},{"floor":2,"key":"Dexterity Potion"},{"floor":5,"key":"Ancient Potion"},{"floor":7,"key":"SteroidPotion"}],"is_trial":false,"path_per_floor":[],"character_chosen":"THE_SILENT","items_purchased":["Terror"],"campfire_rested":0,"item_purchase_floors":[4],"current_hp_per_floor":[68,65,65,65,64,64,31,31,31,22,0],"gold":448,"neow_bonus":"THREE_RARE_CARDS","is_prod":false,"is_daily":false,"chose_seed":false,"campfire_upgraded":2,"win_rate":0.0,"timestamp":1550823807,"path_taken":["M","M","M","$","M","R","E","R","T","M","E"],"build_version":"2019-01-23","purchased_purges":0,"victory":false,"max_hp_per_floor":[70,70,70,70,70,70,70,70,70,70,70],"card_choices":[{"not_picked":["Phantasmal Killer","Wraith Form v2"],"picked":"Envenom","floor":0},{"not_picked":["Skewer","Caltrops"],"picked":"Escape Plan","floor":1},{"not_picked":["Masterful Stab","Flechettes","Bane"],"picked":"SKIP","floor":2},{"not_picked":["Prepared","Flying Knee"],"picked":"Cloak And Dagger","floor":3},{"not_picked":["Tactician","Slice"],"picked":"Escape Plan","floor":5},{"not_picked":["Riddle With Holes","Blade Dance"],"picked":"Flying Knee","floor":7},{"not_picked":["Slice","Terror","Backflip"],"picked":"PiercingWail","floor":10}],"player_experience":44746,"relics_obtained":[{"floor":7,"key":"Old Coin"},{"floor":9,"key":"Question Card"}],"event_choices":[],"is_beta":false,"boss_relics":[],"items_purged_floors":[],"is_endless":false,"potions_floor_spawned":[1,2,5,7],"killed_by":"3 Sentries","ascension_level":0}