{"gold_per_floor":[117,131,144,69,53,53,53,53,109,120,120,176,176,186,186,261,261,271,284,284,295,295,295,323,323,323,28,62,62,62,80,80,80],"floor_reached":33,"playtime":2098,"items_purged":["Strike_R"],"score":520,"play_id":"f4b3d00c-7c6c-4f55-a967-d029c345b217","local_time":"20190102232909","is_ascension_mode":true,"campfire_choices":[{"data":"Searing Blow","floor":6.0,"key":"SMITH"},{"data":"Searing Blow+1","floor":11.0,"key":"SMITH"},{"data":"Searing Blow+2","floor":13.0,"key":"SMITH"},{"data":"Searing Blow+3","floor":15.0,"key":"SMITH"},{"data":"Armaments","floor":23.0,"key":"SMITH"},{"floor":25.0,"key":"REST"},{"data":"Searing Blow+4","floor":29.0,"key":"SMITH"},{"floor":32.0,"key":"REST"}],"neow_cost":"NONE","seed_source_timestamp":42259104962295,"circlet_count":0,"master_deck":["AscendersBane","Strike_R","Strike_R","Strike_R+1","Defend_R","Defend_R","Defend_R","Defend_R","Bash+1","Flame Barrier","Inflame","Searing Blow+5","Headbutt","Power Through","Berserk","Armaments+1","Dual Wield","Shockwave","Master of Strategy","Dark Shackles"],"special_seed":0,"relics":["Burning Blood","Tiny Chest","Whetstone","Busted Crown","The Courier","Meat on the Bone","Pear"],"potions_floor_usage":[33],"damage_taken":[{"damage":1.0,"enemies":"Cultist","floor":1.0,"turns":3.0},{"damage":9.0,"enemies":"Small Slimes","floor":2.0,"turns":6.0},{"damage":1.0,"enemies":"2 Louse","floor":3.0,"turns":3.0},{"damage":12.0,"enemies":"Exordium Thugs","floor":5.0,"turns":4.0},{"damage":4.0,"enemies":"Looter","floor":10.0,"turns":4.0},{"damage":8.0,"enemies":"Gremlin Nob","floor":12.0,"turns":3.0},{"damage":5.0,"enemies":"2 Fungi Beasts","floor":14.0,"turns":3.0},{"damage":13.0,"enemies":"Slime Boss","floor":16.0,"turns":6.0},{"damage":16.0,"enemies":"Shell Parasite","floor":18.0,"turns":4.0},{"damage":0.0,"enemies":"Chosen","floor":19.0,"turns":3.0},{"damage":28.0,"enemies":"Shelled Parasite and Fungi","floor":21.0,"turns":7.0},{"damage":40.0,"enemies":"Book of Stabbing","floor":24.0,"turns":5.0},{"damage":38.0,"enemies":"Slavers","floor":28.0,"turns":7.0},{"damage":18.0,"enemies":"Centurion and Healer","floor":31.0,"turns":6.0},{"damage":75,"enemies":"Collector","floor":33,"turns":7}],"seed_played":"2523064986767994389","potions_obtained":[{"floor":2.0,"key":"LiquidBronze"},{"floor":3.0,"key":"Strength Potion"},{"floor":5.0,"key":"Weak Potion"},{"floor":12.0,"key":"Strength Potion"},{"floor":24.0,"key":"AttackPotion"},{"floor":28.0,"key":"SpeedPotion"}],"is_trial":false,"path_per_floor":["M","M","M","$","M","R","$","?","T","M","R","?","R","M","R","B",null,"M","M","?","M","?","R","E","R","T","$","E","R","$","M","R","B"],"character_chosen":"IRONCLAD","items_purchased":["Searing Blow","Master of Strategy","Dark Shackles"],"campfire_rested":2,"item_purchase_floors":[4,27,27],"current_hp_per_floor":[80,77,82,82,76,76,76,81,81,83,83,81,81,82,82,75,84,74,80,80,58,58,58,24,50,60,60,40,40,40,40,69,0],"gold":80,"neow_bonus":"TEN_PERCENT_HP_BONUS","is_prod":false,"is_daily":false,"chose_seed":false,"campfire_upgraded":6,"win_rate":0,"timestamp":1546468149,"path_taken":["M","?","M","?","M","R","$","?","T","M","R","?","R","M","R","BOSS","M","M","?","?","?","R","E","R","T","$","E","R","?","M","R","BOSS"],"build_version":"2018-12-20","purchased_purges":1,"victory":false,"max_hp_per_floor":[82,82,82,82,82,82,82,87,87,87,87,87,87,87,87,87,87,87,87,87,87,87,87,87,87,97,97,97,97,97,97,97,97],"card_choices":[{"not_picked":["Twin Strike","Anger"],"picked":"Flame Barrier","floor":1.0},{"not_picked":["Cleave","Clash"],"picked":"Inflame","floor":2.0},{"not_picked":["Thunderclap","Clash","Flex"],"picked":"SKIP","floor":3.0},{"not_picked":["Heavy Blade","Carnage"],"picked":"Headbutt","floor":5.0},{"not_picked":["Clothesline","Anger","Bloodletting"],"picked":"SKIP","floor":10.0},{"not_picked":["Pummel","Searing Blow"],"picked":"Power Through","floor":12.0},{"not_picked":["Iron Wave","Clothesline","Carnage"],"picked":"SKIP","floor":14.0},{"not_picked":["Juggernaut","Feed"],"picked":"Berserk","floor":16.0},{"not_picked":["Armaments"],"picked":"SKIP","floor":18.0},{"not_picked":[],"picked":"Armaments","floor":18.0},{"not_picked":[],"picked":"Dual Wield","floor":19.0},{"not_picked":[],"picked":"Shockwave","floor":21.0},{"not_picked":["Rampage"],"picked":"SKIP","floor":24.0},{"not_picked":["Cleave"],"picked":"SKIP","floor":28.0},{"not_picked":["Corruption"],"picked":"SKIP","floor":31.0}],"player_experience":692116,"relics_obtained":[{"floor":9.0,"key":"Tiny Chest"},{"floor":12.0,"key":"Whetstone"},{"floor":24.0,"key":"Meat on the Bone"},{"floor":26.0,"key":"Pear"}],"event_choices":[{"damage_healed":0.0,"max_hp_gain":5.0,"max_hp_loss":0.0,"gold_gain":0.0,"event_name":"Big Fish","player_choice":"Donut","floor":8.0,"gold_loss":0.0,"damage_taken":0.0},{"damage_healed":0.0,"max_hp_gain":0.0,"max_hp_loss":0.0,"gold_gain":0.0,"event_name":"Dead Adventurer","player_choice":"Searched \u00272\u0027 times","floor":12.0,"gold_loss":0.0,"damage_taken":0.0},{"damage_healed":0.0,"max_hp_gain":0.0,"max_hp_loss":0.0,"gold_gain":0.0,"event_name":"WeMeetAgain","player_choice":"Gave Potion","floor":20.0,"gold_loss":0.0,"damage_taken":0.0,"relics_obtained":["The Courier"]},{"cards_removed":["Strike_R"],"damage_healed":0.0,"max_hp_gain":0.0,"max_hp_loss":0.0,"gold_gain":0.0,"event_name":"Purifier","player_choice":"Purged","floor":22.0,"gold_loss":0.0,"damage_taken":0.0}],"is_beta":false,"boss_relics":[{"not_picked":["Black Blood","Snecko Eye"],"picked":"Busted Crown"}],"items_purged_floors":[27],"is_endless":false,"potions_floor_spawned":[2,3,5,10,12,24,28],"killed_by":"Collector","ascension_level":16}