{"gold_per_floor":[119,138,138,153,78,78,92,92,92,92,126,126,160,160,160,237,237,257,257,257,274,291,291,303,303,303,314,325,325],"floor_reached":29,"playtime":2225,"items_purged":[],"score":411,"play_id":"aff36f55-af2a-4284-a3a6-a04c0b3849c8","local_time":"20190218205847","is_ascension_mode":true,"campfire_choices":[{"floor":6,"key":"REST"},{"data":"Neutralize","floor":10,"key":"SMITH"},{"data":"Sucker Punch","floor":12,"key":"SMITH"},{"floor":15,"key":"REST"},{"floor":23,"key":"REST"},{"floor":25,"key":"REST"}],"neow_cost":"NONE","seed_source_timestamp":497993910752595,"circlet_count":0,"master_deck":["AscendersBane","Defend_G","Defend_G","Defend_G","Defend_G","Defend_G","Strike_G","Strike_G","Strike_G","Survivor","Neutralize+1","Quick Slash","Sucker Punch+1","Dagger Spray+1","Calculated Gamble","Dash","Die Die Die","PiercingWail","Crippling Poison","After Image+1","PiercingWail","Dodge and Roll+1","Backflip","Night Terror","Cloak And Dagger"],"relics":["Ring of the Snake","Dream Catcher","Singing Bowl","StoneCalendar","Ice Cream","Black Star","Nilry\u0027s Codex","The Specimen"],"potions_floor_usage":[13,16,28,29],"damage_taken":[{"damage":0,"enemies":"Jaw Worm","floor":1,"turns":5},{"damage":0,"enemies":"2 Louse","floor":2,"turns":4},{"damage":4,"enemies":"Small Slimes","floor":4,"turns":4},{"damage":4,"enemies":"3 Louse","floor":7,"turns":4},{"damage":22,"enemies":"Gremlin Nob","floor":11,"turns":6},{"damage":17,"enemies":"Lagavulin","floor":13,"turns":7},{"damage":13,"enemies":"The Guardian","floor":16,"turns":15},{"damage":22,"enemies":"2 Thieves","floor":18,"turns":4},{"damage":15,"enemies":"3 Byrds","floor":21,"turns":4},{"damage":5,"enemies":"Centurion and Healer","floor":22,"turns":10},{"damage":8,"enemies":"Shelled Parasite and Fungi","floor":24,"turns":9},{"damage":16,"enemies":"Snake Plant","floor":27,"turns":7},{"damage":2,"enemies":"Centurion and Healer","floor":28,"turns":7},{"damage":43,"enemies":"Cultist and Chosen","floor":29,"turns":5}],"seed_played":"-3669893407706998462","potions_obtained":[{"floor":2,"key":"Ancient Potion"},{"floor":11,"key":"Fire Potion"},{"floor":24,"key":"SteroidPotion"},{"floor":27,"key":"Ancient Potion"}],"is_trial":false,"path_per_floor":["M","M","?","M","?","R","M","?","T","R","E","R","E","?","R","B",null,"M","?","?","M","M","R","M","R","T","M","M","M"],"character_chosen":"THE_SILENT","items_purchased":[],"campfire_rested":4,"item_purchase_floors":[],"current_hp_per_floor":[59,59,52,48,48,66,62,67,67,67,45,45,28,28,49,36,62,42,21,21,6,1,24,16,40,40,24,22,0],"gold":325,"neow_bonus":"RANDOM_COMMON_RELIC","is_prod":false,"is_daily":false,"chose_seed":false,"campfire_upgraded":2,"win_rate":0,"timestamp":1550552327,"path_taken":["M","M","?","M","?","R","M","?","T","R","E","R","E","?","R","BOSS","M","?","?","?","M","R","M","R","T","M","M","M"],"build_version":"2019-01-23","purchased_purges":0,"victory":false,"max_hp_per_floor":[66,66,66,66,66,66,66,71,71,71,71,71,71,71,71,71,71,73,73,73,73,73,75,75,77,77,77,77,77],"card_choices":[{"not_picked":["Acrobatics","Prepared"],"picked":"Quick Slash","floor":1},{"not_picked":["Cloak And Dagger","Slice"],"picked":"Sucker Punch","floor":2},{"not_picked":["Underhanded Strike","Blade Dance"],"picked":"Dagger Spray","floor":4},{"not_picked":["Eviscerate","Setup"],"picked":"Calculated Gamble","floor":6},{"not_picked":["Skewer","Bane"],"picked":"Dash","floor":7},{"not_picked":["Flying Knee","Sucker Punch"],"picked":"Die Die Die","floor":11},{"not_picked":["Underhanded Strike","Dagger Spray"],"picked":"PiercingWail","floor":13},{"not_picked":["Blade Dance","Predator"],"picked":"Crippling Poison","floor":15},{"not_picked":["Malaise","Die Die Die"],"picked":"After Image","floor":16},{"not_picked":["Bane","Expertise+1","Reflex"],"picked":"Singing Bowl","floor":18},{"not_picked":["Escape Plan","Distraction"],"picked":"PiercingWail","floor":21},{"not_picked":["Outmaneuver","Terror"],"picked":"Dodge and Roll+1","floor":22},{"not_picked":["Dash","Acrobatics+1","Deflect"],"picked":"Singing Bowl","floor":23},{"not_picked":["Dodge and Roll","Deflect"],"picked":"Backflip","floor":24},{"not_picked":["Eviscerate","Escape Plan","Dagger Spray"],"picked":"Singing Bowl","floor":25},{"not_picked":["Slice","Terror"],"picked":"Night Terror","floor":27},{"not_picked":["Dodge and Roll","PiercingWail"],"picked":"Cloak And Dagger","floor":28}],"player_experience":620858,"relics_obtained":[{"floor":9,"key":"Singing Bowl"},{"floor":11,"key":"StoneCalendar"},{"floor":13,"key":"Ice Cream"},{"floor":19,"key":"Nilry\u0027s Codex"},{"floor":26,"key":"The Specimen"}],"event_choices":[{"cards_removed":["Strike_G"],"damage_healed":0,"gold_gain":0,"player_choice":"Card Removal","damage_taken":7,"max_hp_gain":0,"max_hp_loss":0,"event_name":"Golden Wing","floor":3,"gold_loss":0},{"cards_removed":["Strike_G"],"damage_healed":0,"gold_gain":0,"player_choice":"Card Removal","damage_taken":0,"max_hp_gain":0,"max_hp_loss":0,"event_name":"The Cleric","floor":5,"gold_loss":75},{"damage_healed":0,"gold_gain":0,"player_choice":"Donut","damage_taken":0,"max_hp_gain":5,"max_hp_loss":0,"event_name":"Big Fish","floor":8,"gold_loss":0},{"damage_healed":0,"gold_gain":0,"player_choice":"Grow","damage_taken":0,"max_hp_gain":0,"max_hp_loss":0,"event_name":"Living Wall","floor":14,"gold_loss":0,"cards_upgraded":["Dagger Spray"]},{"damage_healed":0,"gold_gain":0,"player_choice":"Obtained Book","damage_taken":21,"max_hp_gain":0,"max_hp_loss":0,"event_name":"Cursed Tome","floor":19,"gold_loss":0},{"damage_healed":0,"gold_gain":0,"player_choice":"Forge","damage_taken":0,"max_hp_gain":0,"max_hp_loss":0,"event_name":"Accursed Blacksmith","floor":20,"gold_loss":0,"cards_upgraded":["After Image"]}],"is_beta":false,"boss_relics":[{"not_picked":["White Beast Statue","HoveringKite"],"picked":"Black Star"}],"items_purged_floors":[],"is_endless":false,"potions_floor_spawned":[2,11,24,27],"killed_by":"Cultist and Chosen","ascension_level":15}