{"gold_per_floor":[112,112,132,16,16,16,29,55,55,1,1,1,14,34,34,134,134,144,59,59,77,176,176,207,65,145,160,160],"floor_reached":28,"playtime":756,"items_purged":[],"score":251,"play_id":"b29a60a6-ca21-48e3-88aa-722b8ed71725","local_time":"20190121163827","is_ascension_mode":false,"campfire_choices":[{"floor":6,"key":"REST"},{"floor":12,"key":"REST"},{"floor":15,"key":"REST"},{"floor":23,"key":"RECALL"}],"neow_cost":"NONE","seed_source_timestamp":418111486993738,"circlet_count":0,"master_deck":["Defend_B","Defend_B","Defend_B","Defend_B+1","Zap+1","Dualcast","Biased Cognition","Sweeping Beam","Double Energy","Tempest","Loop","Melter","FTL","Conserve Battery","Static Discharge","Defragment","Echo Form","Go for the Eyes+1","Bite+1","Bite+1","Bite+1","Bite+1","Bite+1","Ball Lightning+1","Streamline+1","Electrodynamics","Reinforced Body","Machine Learning","FTL+1"],"relics":["Cracked Core","War Paint","Odd Mushroom","Molten Egg 2","Eternal Feather","Pen Nib","Prayer Wheel"],"potions_floor_usage":[16,16,24,28],"damage_taken":[{"damage":6,"enemies":"Jaw Worm","floor":1,"turns":3},{"damage":0,"enemies":"2 Louse","floor":3,"turns":2},{"damage":4,"enemies":"Small Slimes","floor":7,"turns":3},{"damage":17,"enemies":"The Mushroom Lair","floor":8,"turns":3},{"damage":14,"enemies":"3 Louse","floor":13,"turns":3},{"damage":4,"enemies":"2 Fungi Beasts","floor":14,"turns":3},{"damage":19,"enemies":"The Guardian","floor":16,"turns":8},{"damage":35,"enemies":"Shell Parasite","floor":18,"turns":4},{"damage":0,"enemies":"Spheric Guardian","floor":21,"turns":2},{"damage":31,"enemies":"Slavers","floor":24,"turns":2},{"damage":28,"enemies":"Shelled Parasite and Fungi","floor":27,"turns":7},{"damage":8,"enemies":"Centurion and Healer","floor":28,"turns":2}],"seed_played":"9011539565505354749","potions_obtained":[{"floor":3,"key":"SkillPotion"},{"floor":8,"key":"Strength Potion"},{"floor":18,"key":"PowerPotion"},{"floor":24,"key":"Strength Potion"}],"is_trial":false,"path_per_floor":["M","?","M","$","?","R","M","?","T","$","?","R","M","M","R","B",null,"M","?","?","M","?","R","E","$","T","M","M"],"character_chosen":"DEFECT","items_purchased":["Tempest","Loop","Conserve Battery","Electrodynamics","Reinforced Body"],"campfire_rested":3,"item_purchase_floors":[4,4,10,25,25],"current_hp_per_floor":[69,44,44,44,44,66,62,45,45,45,45,67,53,49,71,52,75,40,40,40,43,43,52,21,21,21,2,0],"gold":160,"neow_bonus":"ONE_RANDOM_RARE_CARD","is_prod":false,"is_daily":false,"chose_seed":false,"campfire_upgraded":0,"win_rate":0,"timestamp":1548106707,"path_taken":["M","?","M","$","?","R","M","?","T","$","?","R","M","M","R","BOSS","M","?","?","M","?","R","E","?","T","M","M"],"build_version":"2019-01-17v2","purchased_purges":0,"victory":false,"max_hp_per_floor":[75,75,75,75,75,75,75,75,75,75,75,75,75,75,75,75,75,75,75,52,52,52,52,52,52,52,52,52],"card_choices":[{"not_picked":["Streamline","Reprogram"],"picked":"Sweeping Beam","floor":1},{"not_picked":["Steam Power","Stack"],"picked":"Double Energy","floor":3},{"not_picked":["Recycle","Redo"],"picked":"Melter","floor":7},{"not_picked":["Redo","Rebound"],"picked":"FTL","floor":8},{"not_picked":["Compile Driver+1","Tempest"],"picked":"Static Discharge","floor":13},{"not_picked":["Conserve Battery","Leap"],"picked":"Defragment","floor":14},{"not_picked":["Seek","Multi-Cast"],"picked":"Echo Form","floor":16},{"not_picked":["Beam Cell+1","Ball Lightning+1"],"picked":"Go for the Eyes+1","floor":18},{"not_picked":["Sweeping Beam+1","Rebound+1"],"picked":"Ball Lightning+1","floor":21},{"not_picked":["Recycle","Undo"],"picked":"Streamline+1","floor":24},{"not_picked":["Redo","Barrage+1"],"picked":"Machine Learning","floor":27},{"not_picked":["Barrage+1","Coolheaded"],"picked":"FTL+1","floor":27}],"player_experience":162501,"relics_obtained":[{"floor":8,"key":"Odd Mushroom"},{"floor":9,"key":"Molten Egg 2"},{"floor":24,"key":"Prayer Wheel"}],"event_choices":[{"damage_healed":0,"gold_gain":0,"player_choice":"Success","damage_taken":25,"relics_obtained":["War Paint"],"max_hp_gain":0,"max_hp_loss":0,"event_name":"Scrap Ooze","floor":2,"gold_loss":0},{"damage_healed":0,"gold_gain":0,"player_choice":"Ignored","damage_taken":0,"max_hp_gain":0,"max_hp_loss":0,"event_name":"Golden Wing","floor":5,"gold_loss":0},{"damage_healed":0,"gold_gain":0,"player_choice":"Fought Mushrooms","damage_taken":0,"max_hp_gain":0,"max_hp_loss":0,"event_name":"Mushrooms","floor":8,"gold_loss":0},{"damage_healed":0,"gold_gain":0,"player_choice":"Leave","damage_taken":0,"max_hp_gain":0,"max_hp_loss":0,"event_name":"The Cleric","floor":11,"gold_loss":0},{"damage_healed":0,"gold_gain":0,"player_choice":"Obtained Relic","damage_taken":0,"relics_obtained":["Pen Nib"],"max_hp_gain":0,"max_hp_loss":0,"event_name":"Addict","floor":19,"gold_loss":85},{"damage_healed":0,"gold_gain":0,"player_choice":"Became a vampire","damage_taken":0,"max_hp_gain":0,"max_hp_loss":23,"event_name":"Vampires","floor":20,"gold_loss":0,"cards_obtained":["Bite","Bite","Bite","Bite","Bite"]},{"damage_healed":0,"gold_gain":99,"player_choice":"Stole From Cult","damage_taken":0,"max_hp_gain":0,"max_hp_loss":0,"event_name":"Nest","floor":22,"gold_loss":0}],"is_beta":false,"boss_relics":[{"not_picked":["Cursed Key","Tiny House"],"picked":"Eternal Feather"}],"items_purged_floors":[],"is_endless":false,"potions_floor_spawned":[3,8,18,24],"killed_by":"Centurion and Healer","ascension_level":0}