{"gold_per_floor":[113,132,150,38,57,57,76,76,76,76,76,76,40,56,56,186,249,270,270,270,270],"floor_reached":21,"playtime":1992,"items_purged":[],"score":169,"play_id":"c729349d-22c3-4937-9c88-653ce4abefa3","local_time":"20190114193637","is_ascension_mode":false,"campfire_choices":[{"data":"Infinite Blades","floor":8,"key":"SMITH"},{"data":"Envenom","floor":10,"key":"SMITH"},{"floor":15,"key":"REST"}],"neow_cost":"NONE","seed_source_timestamp":1723176449639644,"circlet_count":0,"master_deck":["Defend_G","Defend_G","Defend_G","Strike_G","Strike_G","Strike_G","Strike_G","Strike_G","Survivor","Neutralize","Backflip","Envenom+1","Noxious Fumes","Infinite Blades+1","Bouncing Flask","Endless Agony","Prepared","Masterful Stab","Bane+1","Unload","Underhanded Strike","Blur+1","A Thousand Cuts"],"relics":["Ring of the Snake","Golden Idol","Darkstone Periapt","Ornamental Fan","Tiny House"],"potions_floor_usage":[19],"damage_taken":[{"damage":0,"enemies":"Cultist","floor":1,"turns":3},{"damage":0,"enemies":"Small Slimes","floor":2,"turns":5},{"damage":12,"enemies":"Jaw Worm","floor":3,"turns":4},{"damage":2,"enemies":"Looter","floor":5,"turns":4},{"damage":13,"enemies":"Blue Slaver","floor":7,"turns":5},{"damage":0,"enemies":"Red Slaver","floor":14,"turns":3},{"damage":32,"enemies":"Hexaghost","floor":16,"turns":8},{"damage":31,"enemies":"3 Byrds","floor":18,"turns":5},{"damage":42,"enemies":"Colosseum Slavers","floor":19,"turns":5},{"damage":23,"enemies":"Spheric Guardian","floor":21,"turns":4}],"seed_played":"-6812554696293675854","potions_obtained":[{"floor":2,"key":"Regen Potion"},{"floor":7,"key":"FearPotion"},{"floor":16,"key":"SkillPotion"},{"floor":17,"key":"SkillPotion"}],"is_trial":false,"path_per_floor":["M","M","M","$","M","?","M","R","T","R","?","T","$","M","R","B",null,"M","?","?","M"],"character_chosen":"THE_SILENT","items_purchased":["Infinite Blades","Bouncing Flask","Masterful Stab"],"campfire_rested":1,"item_purchase_floors":[4,4,13],"current_hp_per_floor":[77,77,65,65,63,63,50,50,50,50,43,43,43,43,64,32,76,45,18,18,0],"gold":270,"neow_bonus":"TEN_PERCENT_HP_BONUS","is_prod":false,"is_daily":false,"chose_seed":false,"campfire_upgraded":2,"win_rate":0.0,"timestamp":1547512597,"path_taken":["M","M","M","$","M","?","M","R","T","R","?","?","$","M","R","BOSS","M","?","?","M"],"build_version":"2019-01-10","purchased_purges":0,"victory":false,"max_hp_per_floor":[77,77,77,77,77,71,71,71,71,71,71,71,71,71,71,71,76,76,76,76,76],"card_choices":[{"not_picked":["Quick Slash","Outmaneuver"],"picked":"Backflip","floor":1},{"not_picked":["Sucker Punch","PiercingWail"],"picked":"Envenom","floor":2},{"not_picked":["Choke","Caltrops"],"picked":"Noxious Fumes","floor":3},{"not_picked":["Prepared","Deadly Poison"],"picked":"Endless Agony","floor":5},{"not_picked":["Deflect","Backflip"],"picked":"Prepared","floor":7},{"not_picked":["Tactician","All Out Attack"],"picked":"Bane","floor":14},{"not_picked":["After Image","Glass Knife"],"picked":"Unload","floor":16},{"not_picked":["Heel Hook","Backflip"],"picked":"Underhanded Strike","floor":17},{"not_picked":["Quick Slash","Poisoned Stab+1"],"picked":"Blur+1","floor":18}],"player_experience":1918,"relics_obtained":[{"floor":9,"key":"Darkstone Periapt"},{"floor":12,"key":"Ornamental Fan"}],"event_choices":[{"damage_healed":0,"gold_gain":0,"player_choice":"Lose Max HP","damage_taken":0,"relics_obtained":["Golden Idol"],"max_hp_gain":0,"max_hp_loss":6,"event_name":"Golden Idol","floor":6,"gold_loss":0},{"cards_removed":["Defend_G"],"damage_healed":0,"gold_gain":0,"player_choice":"Card Removal","damage_taken":7,"max_hp_gain":0,"max_hp_loss":0,"event_name":"Golden Wing","floor":11,"gold_loss":0},{"damage_healed":0,"gold_gain":0,"player_choice":"Fight","damage_taken":0,"max_hp_gain":0,"max_hp_loss":0,"event_name":"Colosseum","floor":19,"gold_loss":0},{"damage_healed":0,"gold_gain":0,"player_choice":"Fled From Nobs","damage_taken":0,"max_hp_gain":0,"max_hp_loss":0,"event_name":"Colosseum","floor":19,"gold_loss":0},{"damage_healed":0,"gold_gain":0,"cards_transformed":["Defend_G"],"player_choice":"Transformed","damage_taken":0,"max_hp_gain":0,"max_hp_loss":0,"event_name":"Transmorgrifier","floor":20,"gold_loss":0,"cards_obtained":["A Thousand Cuts"]}],"is_beta":false,"boss_relics":[{"not_picked":["Runic Dome","Eternal Feather"],"picked":"Tiny House"}],"items_purged_floors":[],"is_endless":false,"potions_floor_spawned":[2,7,16,18,19],"killed_by":"Spheric Guardian","ascension_level":0}