{"gold_per_floor":[109,122,142,160,160,187,187,207,230,264,214,58,58,71,71,172,172,186,186,261,279,279,298,215,215,241,241,23,40,40,50,50,146,146,158,185,199,211,211,244,29,55,78,92,108,108,108,121,121,121,121,121,0,0],"floor_reached":54,"playtime":3268,"items_purged":["Strike_B","Recycle","Defend_B","Defend_B"],"score":880,"play_id":"a9f8b018-27e6-46b9-992f-253b76af034f","local_time":"20190118230750","is_ascension_mode":true,"campfire_choices":[{"data":"Dualcast","floor":7.0,"key":"SMITH"},{"floor":15.0,"key":"REST"},{"data":"Defragment","floor":30.0,"key":"SMITH"},{"data":"Echo Form","floor":32.0,"key":"SMITH"},{"floor":47.0,"key":"REST"},{"floor":49.0,"key":"RECALL"},{"data":"Buffer","floor":52,"key":"SMITH"}],"neow_cost":"NONE","seed_source_timestamp":101081651432198,"circlet_count":0,"master_deck":["Defend_B+1","Zap+1","Dualcast+1","Cold Snap","Ball Lightning","Loop","Ball Lightning","Buffer+1","Leap","Electrodynamics","BootSequence","Conserve Battery","Echo Form+1","Go for the Eyes+1","Hyperbeam","Redo","Bandage Up","Defragment+1","Enlightenment","Force Field+1","Chill+1","Biased Cognition","Fusion","Ball Lightning+1","Leap","Leap","Self Repair+1","Storm","Coolheaded+1","Meteor Strike","Capacitor","Deep Breath","Amplify","Conserve Battery+1","Hologram+1","Coolheaded+1"],"special_seed":0,"relics":["Darkstone Periapt","Juzu Bracelet","Centennial Puzzle","Runic Pyramid","Nloth\u0027s Gift","Bottled Lightning","Pen Nib","Orrery","Smiling Mask","Happy Flower","Bronze Scales"],"potions_floor_usage":[50],"damage_taken":[{"damage":8.0,"enemies":"2 Louse","floor":1.0,"turns":2.0},{"damage":0.0,"enemies":"Small Slimes","floor":2.0,"turns":2.0},{"damage":0.0,"enemies":"Cultist","floor":3.0,"turns":3.0},{"damage":2.0,"enemies":"Looter","floor":4.0,"turns":3.0},{"damage":21.0,"enemies":"Lagavulin","floor":6.0,"turns":5.0},{"damage":9.0,"enemies":"Red Slaver","floor":8.0,"turns":3.0},{"damage":10.0,"enemies":"Gremlin Nob","floor":10.0,"turns":4.0},{"damage":2.0,"enemies":"Exordium Thugs","floor":14.0,"turns":2.0},{"damage":8.0,"enemies":"The Guardian","floor":16.0,"turns":11.0},{"damage":7.0,"enemies":"2 Thieves","floor":18.0,"turns":2.0},{"damage":0.0,"enemies":"3 Byrds","floor":21.0,"turns":3.0},{"damage":8.0,"enemies":"Shelled Parasite and Fungi","floor":23.0,"turns":5.0},{"damage":11.0,"enemies":"Sentry and Sphere","floor":29.0,"turns":5.0},{"damage":0.0,"enemies":"Snecko","floor":31.0,"turns":6.0},{"damage":19.0,"enemies":"Collector","floor":33.0,"turns":9.0},{"damage":7.0,"enemies":"3 Shapes","floor":35.0,"turns":3.0},{"damage":7.0,"enemies":"3 Darklings","floor":37.0,"turns":4.0},{"damage":5.0,"enemies":"Writhing Mass","floor":38.0,"turns":6.0},{"damage":51.0,"enemies":"Giant Head","floor":40.0,"turns":11.0},{"damage":38.0,"enemies":"Nemesis","floor":42.0,"turns":7.0},{"damage":1.0,"enemies":"Sphere and 2 Shapes","floor":44.0,"turns":6.0},{"damage":44.0,"enemies":"Transient","floor":45.0,"turns":5.0},{"damage":19.0,"enemies":"4 Shapes","floor":48.0,"turns":4.0},{"damage":25,"enemies":"Awakened One","floor":50,"turns":9},{"damage":85,"enemies":"Shield and Spear","floor":54,"turns":5}],"seed_played":"-440578213583936919","potions_obtained":[{"floor":1.0,"key":"Fruit Juice"},{"floor":3.0,"key":"Weak Potion"},{"floor":6.0,"key":"FocusPotion"},{"floor":10.0,"key":"Poison Potion"},{"floor":16.0,"key":"PowerPotion"},{"floor":21.0,"key":"Block Potion"},{"floor":27.0,"key":"Fruit Juice"},{"floor":33.0,"key":"LiquidBronze"},{"floor":37.0,"key":"Explosive Potion"},{"floor":40.0,"key":"Block Potion"},{"floor":48.0,"key":"GamblersBrew"}],"is_trial":false,"path_per_floor":["M","M","M","M","?","E","R","M","T","E","?","$","?","M","R","B",null,"M","?","?","M","?","M","$","T","T","?","$","M","R","M","R","B",null,"M","T","M","M","?","E","$","E","T","M","M","?","R","M","R","B",null,"R","$","E"],"character_chosen":"DEFECT","items_purchased":["BootSequence","Bandage Up","Defragment","Enlightenment","Capacitor","Deep Breath","Regen Potion"],"campfire_rested":2,"item_purchase_floors":[12,24,28,28,41,41,53],"current_hp_per_floor":[67,72,72,70,54,33,33,24,24,14,14,14,14,12,36,28,67,60,60,52,52,52,44,44,44,44,49,49,42,42,46,46,31,72,69,69,85,91,88,50,50,26,26,49,19,19,45,40,40,19,71,71,71,0],"gold":0,"neow_bonus":"UPGRADE_CARD","is_prod":false,"is_daily":false,"chose_seed":false,"campfire_upgraded":4,"win_rate":0,"timestamp":1547874470,"path_taken":["M","M","M","M","?","E","R","M","T","E","?","$","?","M","R","BOSS","M","?","?","M","?","M","$","?","T","?","$","M","R","M","R","BOSS","M","?","M","M","?","E","$","E","T","M","M","?","R","M","R","BOSS","R","$","E"],"build_version":"2019-01-17v2","purchased_purges":4,"victory":false,"max_hp_per_floor":[75,80,80,80,80,80,80,80,80,80,80,80,80,80,80,80,80,80,80,80,80,80,80,80,80,80,85,85,85,85,85,85,85,85,85,85,85,91,88,88,88,88,88,88,88,88,88,88,88,88,88,88,88,88],"card_choices":[{"not_picked":["Doom and Gloom","Redo"],"picked":"Cold Snap","floor":1.0},{"not_picked":["Reinforced Body","Streamline"],"picked":"Ball Lightning","floor":2.0},{"not_picked":["Chaos","Force Field"],"picked":"Loop","floor":3.0},{"not_picked":["Skim","Undo"],"picked":"Ball Lightning","floor":4.0},{"not_picked":["Heatsinks","Chaos"],"picked":"Buffer","floor":6.0},{"not_picked":["Hologram","Compile Driver"],"picked":"Leap","floor":8.0},{"not_picked":["Steam Power","Coolheaded"],"picked":"Electrodynamics","floor":10.0},{"not_picked":["Heatsinks","Ball Lightning"],"picked":"Conserve Battery","floor":14.0},{"not_picked":["Meteor Strike","Biased Cognition"],"picked":"Echo Form","floor":16.0},{"not_picked":["Lockon","Coolheaded"],"picked":"Go for the Eyes+1","floor":18.0},{"not_picked":["Ball Lightning","Blizzard"],"picked":"Redo","floor":21.0},{"not_picked":["Streamline","Auto Shields"],"picked":"Rebound","floor":23.0},{"not_picked":["Rebound","Streamline"],"picked":"Force Field+1","floor":29.0},{"not_picked":["Barrage","Hyperbeam"],"picked":"Chill+1","floor":31.0},{"not_picked":["Thunder Strike","Fission"],"picked":"Biased Cognition","floor":33.0},{"not_picked":["Hologram","Turbo"],"picked":"Fusion","floor":34.0},{"not_picked":["Beam Cell","Go for the Eyes"],"picked":"Ball Lightning+1","floor":34.0},{"not_picked":["BootSequence","Go for the Eyes"],"picked":"Leap","floor":34.0},{"not_picked":["Beam Cell+1","Thunder Strike"],"picked":"Leap","floor":34.0},{"not_picked":["Cold Snap","Steam"],"picked":"Self Repair+1","floor":35.0},{"not_picked":["Coolheaded+1","Fission"],"picked":"Storm","floor":37.0},{"not_picked":["Beam Cell","Cold Snap"],"picked":"Coolheaded+1","floor":38.0},{"not_picked":["Blizzard+1","Go for the Eyes"],"picked":"Meteor Strike","floor":40.0},{"not_picked":["Sunder","All For One"],"picked":"Amplify","floor":42.0},{"not_picked":["Reboot","Stack"],"picked":"Conserve Battery+1","floor":44.0},{"not_picked":["Stack","Leap+1"],"picked":"Hologram+1","floor":45.0},{"not_picked":["Cold Snap+1","Conserve Battery"],"picked":"Coolheaded+1","floor":48.0}],"player_experience":116187,"relics_obtained":[{"floor":6.0,"key":"Darkstone Periapt"},{"floor":9.0,"key":"Juzu Bracelet"},{"floor":10.0,"key":"Centennial Puzzle"},{"floor":25.0,"key":"Bottled Lightning"},{"floor":26.0,"key":"Pen Nib"},{"floor":36.0,"key":"Smiling Mask"},{"floor":40.0,"key":"Happy Flower"},{"floor":42.0,"key":"Bronze Scales"}],"event_choices":[{"damage_healed":0.0,"max_hp_gain":0.0,"max_hp_loss":0.0,"gold_gain":0.0,"event_name":"Shining Light","player_choice":"Entered Light","floor":5.0,"gold_loss":0.0,"damage_taken":16.0,"cards_upgraded":["Defend_B","Strike_B"]},{"cards_removed":["Strike_B"],"damage_healed":0.0,"max_hp_gain":0.0,"max_hp_loss":0.0,"gold_gain":0.0,"event_name":"The Cleric","player_choice":"Card Removal","floor":11.0,"gold_loss":50.0,"damage_taken":0.0},{"cards_removed":["Strike_B"],"damage_healed":0.0,"max_hp_gain":0.0,"max_hp_loss":0.0,"gold_gain":0.0,"event_name":"Purifier","player_choice":"Purged","floor":13.0,"gold_loss":0.0,"damage_taken":0.0},{"damage_healed":0.0,"max_hp_gain":0.0,"max_hp_loss":0.0,"gold_gain":0.0,"cards_transformed":["Strike_B","Defend_B"],"event_name":"Drug Dealer","player_choice":"Became Test Subject","floor":19.0,"gold_loss":0.0,"damage_taken":0.0,"cards_obtained":["Recycle","Hyperbeam"]},{"damage_healed":0.0,"max_hp_gain":0.0,"max_hp_loss":0.0,"gold_gain":75.0,"event_name":"FaceTrader","player_choice":"Touch","floor":20.0,"gold_loss":0.0,"damage_taken":8.0},{"damage_healed":0.0,"max_hp_gain":0.0,"max_hp_loss":0.0,"gold_gain":0.0,"event_name":"N\u0027loth","player_choice":"Traded Relic","floor":22.0,"relics_lost":["Cracked Core"],"gold_loss":0.0,"damage_taken":0.0,"relics_obtained":["Nloth\u0027s Gift"]},{"damage_healed":0.0,"max_hp_gain":0.0,"max_hp_loss":0.0,"gold_gain":0.0,"event_name":"Lab","player_choice":"Got Potions","floor":27.0,"gold_loss":0.0,"damage_taken":0.0},{"cards_removed":["Parasite"],"damage_healed":0.0,"max_hp_gain":0.0,"max_hp_loss":0.0,"gold_gain":0.0,"event_name":"Wheel of Change","player_choice":"Card Removal","floor":39.0,"gold_loss":0.0,"damage_taken":0.0},{"cards_removed":["Rebound"],"damage_healed":0.0,"max_hp_gain":0.0,"max_hp_loss":0.0,"gold_gain":0.0,"event_name":"Falling","player_choice":"Removed Attack","floor":46.0,"gold_loss":0.0,"damage_taken":0.0}],"is_beta":false,"boss_relics":[{"not_picked":["Sozu","Snecko Eye"],"picked":"Runic Pyramid"},{"not_picked":["White Beast Statue","Busted Crown"],"picked":"Orrery"}],"items_purged_floors":[12,28,41,53],"is_endless":false,"potions_floor_spawned":[1,3,6,10,16,21,33,37,38,40,48],"killed_by":"Shield and Spear","ascension_level":5}