{"gold_per_floor":[113,113,113,131,154,181,181,193,193,193,204,232,212,228,228,228],"floor_reached":16,"playtime":1401,"items_purged":[],"score":187,"play_id":"d431b9ea-49e4-4e13-b597-2cba445bc20f","local_time":"20181103001730","is_ascension_mode":true,"campfire_choices":[{"floor":7.0,"key":"REST"},{"floor":10.0,"key":"REST"},{"floor":15,"key":"REST"}],"neow_cost":"NONE","seed_source_timestamp":29800522399864,"circlet_count":0,"master_deck":["AscendersBane","Defend_G","Defend_G","Defend_G","Defend_G","Defend_G","Strike_G","Strike_G","Strike_G","Strike_G","Survivor","Neutralize","Predator","Pain","Dodge and Roll","Phantasmal Killer","Backflip","Doppelganger","Blur","Backflip"],"special_seed":0,"relics":["Black Star","WarpedTongs","Boot","Question Card","Bottled Flame","Incense Burner","Snake Skull","Juzu Bracelet"],"potions_floor_usage":[12,16,16],"damage_taken":[{"damage":0.0,"enemies":"2 Louse","floor":1.0,"turns":5.0},{"damage":3.0,"enemies":"Cultist","floor":4.0,"turns":4.0},{"damage":38.0,"enemies":"Gremlin Nob","floor":6.0,"turns":5.0},{"damage":1.0,"enemies":"Small Slimes","floor":8.0,"turns":4.0},{"damage":10.0,"enemies":"Red Slaver","floor":11.0,"turns":5.0},{"damage":15,"enemies":"Lagavulin","floor":12,"turns":7},{"damage":9,"enemies":"3 Louse","floor":14,"turns":5},{"damage":46,"enemies":"Slime Boss","floor":16,"turns":27}],"seed_played":"6503664296571578553","potions_obtained":[{"floor":6.0,"key":"FearPotion"},{"floor":11.0,"key":"FairyPotion"},{"floor":13,"key":"Poison Potion"},{"floor":14,"key":"GhostInAJar"}],"is_trial":false,"path_per_floor":["M","?","?","M","T","E","R","M","T","R","M","E","?","M","R","B"],"character_chosen":"THE_SILENT","items_purchased":[],"campfire_rested":3,"item_purchase_floors":[],"current_hp_per_floor":[59,59,59,56,56,18,37,36,36,55,45,30,30,21,40,0],"gold":228,"neow_bonus":"BOSS_RELIC","is_prod":false,"is_daily":false,"chose_seed":false,"campfire_upgraded":0,"win_rate":0,"timestamp":1541200650,"path_taken":["M","?","?","?","?","E","R","?","T","R","M","E","?","M","R","BOSS"],"build_version":"2018-11-01","purchased_purges":0,"victory":false,"max_hp_per_floor":[66,66,66,66,66,66,66,66,66,66,66,66,66,66,66,66],"card_choices":[{"not_picked":["Prepared","Eviscerate","Outmaneuver"],"picked":"SKIP","floor":1.0},{"not_picked":["Poisoned Stab","Sucker Punch"],"picked":"Dodge and Roll","floor":4.0},{"not_picked":["Cloak And Dagger","Sucker Punch"],"picked":"Phantasmal Killer","floor":6.0},{"not_picked":["Catalyst","Dagger Spray","Endless Agony"],"picked":"Backflip","floor":8.0},{"not_picked":["Noxious Fumes","Slice","Skewer"],"picked":"Doppelganger","floor":11.0},{"not_picked":["Riddle With Holes","Deflect","Acrobatics"],"picked":"Blur","floor":12},{"not_picked":["Acrobatics","Quick Slash","Storm of Steel"],"picked":"Backflip","floor":14}],"player_experience":502468,"relics_obtained":[{"floor":5.0,"key":"Boot"},{"floor":6.0,"key":"Question Card"},{"floor":6.0,"key":"Bottled Flame"},{"floor":9.0,"key":"Incense Burner"},{"floor":12,"key":"Snake Skull"},{"floor":12,"key":"Juzu Bracelet"}],"event_choices":[{"damage_healed":0.0,"max_hp_gain":0.0,"max_hp_loss":0.0,"gold_gain":0.0,"cards_transformed":["Strike_G"],"event_name":"Living Wall","player_choice":"Change","floor":2.0,"gold_loss":0.0,"damage_taken":0.0,"cards_obtained":["Predator"]},{"damage_healed":0.0,"max_hp_gain":0.0,"max_hp_loss":0.0,"gold_gain":0.0,"event_name":"Accursed Blacksmith","player_choice":"Rummage","floor":3.0,"gold_loss":0.0,"damage_taken":0.0,"relics_obtained":["WarpedTongs"],"cards_obtained":["Pain"]},{"damage_healed":0,"gold_gain":0,"player_choice":"Bought 1 Potion","damage_taken":0,"max_hp_gain":0,"max_hp_loss":0,"event_name":"The Woman in Blue","floor":13,"gold_loss":0}],"is_beta":false,"boss_relics":[],"items_purged_floors":[],"is_endless":false,"potions_floor_spawned":[6,11,14],"killed_by":"Slime Boss","ascension_level":14}