{"path_per_floor":["M","$","M","M","M","E","$","R","T","R","?","E","$","M","R","B",null,"M"],"character_chosen":"DEFECT","items_purchased":["Capacitor","Stack","Capacitor"],"gold_per_floor":[10,10,26,45,65,95,42,42,42,42,117,147,51,61,61,166,166,179,179],"floor_reached":19,"campfire_rested":1,"playtime":877,"current_hp_per_floor":[75,75,68,68,56,57,57,57,57,57,46,37,37,28,56,13,96,56,0],"items_purged":[],"gold":179,"score":202,"play_id":"cd351fa7-cc77-4485-9d28-601a37556f6b","local_time":"20180429213942","is_prod":false,"is_daily":false,"chose_seed":false,"is_ascension_mode":false,"campfire_upgraded":2,"timestamp":1525001982,"path_taken":["M","$","?","M","M","E","?","R","T","R","?","E","$","M","R","BOSS","M","M"],"build_version":"2018-04-27v3","seed_source_timestamp":153834669840851,"purchased_purges":0,"victory":false,"master_deck":["Strike_B","Strike_B","Strike_B","Strike_B","Defend_B","Defend_B","Defend_B","Defend_B","Zap","Dualcast","Ball Lightning+1","Coolheaded","Chill","Ball Lightning+1","Cold Snap","Capacitor","Undo","Stack","Capacitor","Hello World","Fusion","Cold Snap"],"max_hp_per_floor":[75,75,75,75,75,82,82,82,82,82,82,96,96,96,96,96,96,96,96],"relics":["Cracked Core","Sundial","Strawberry","Matryoshka","Mango","Inserter"],"card_choices":[{"not_picked":["Hologram","Chaos"],"picked":"Ball Lightning","floor":1},{"not_picked":["Blaster","Melter"],"picked":"Coolheaded","floor":3},{"not_picked":["Undo","Go for the Eyes"],"picked":"Chill","floor":4},{"not_picked":["Go for the Eyes","Axe Kick"],"picked":"Ball Lightning","floor":5},{"not_picked":["Creative AI","Coolheaded"],"picked":"Cold Snap","floor":6},{"not_picked":["Axe Kick","Scrape"],"picked":"Undo","floor":12},{"not_picked":["Turbo","Heatsinks"],"picked":"Hello World","floor":14},{"not_picked":["Prime","Biased Cognition"],"picked":"Fusion","floor":16},{"not_picked":["Coolheaded","Chaos"],"picked":"Cold Snap","floor":18}],"player_experience":11869,"potions_floor_usage":[5],"damage_taken":[{"damage":0,"enemies":"Cultist","floor":1,"turns":3},{"damage":7,"enemies":"Jaw Worm","floor":3,"turns":4},{"damage":0,"enemies":"2 Louse","floor":4,"turns":3},{"damage":12,"enemies":"Exordium Thugs","floor":5,"turns":4},{"damage":6,"enemies":"3 Sentries","floor":6,"turns":6},{"damage":23,"enemies":"Gremlin Nob","floor":12,"turns":4},{"damage":9,"enemies":"Red Slaver","floor":14,"turns":4},{"damage":43,"enemies":"Hexaghost","floor":16,"turns":11},{"damage":40,"enemies":"3 Byrds","floor":18,"turns":5},{"damage":60,"enemies":"Chosen","floor":19,"turns":7}],"event_choices":[{"event_name":"World of Goop","player_choice":"Gather Gold","floor":11,"damage_taken":0}],"boss_relics":[{"not_picked":["Eternal Feather","Tiny House"],"picked":"Inserter"}],"potions_floor_spawned":[4,5,6,14,16],"seed_played":"7544225039599354460","killed_by":"Chosen","ascension_level":0,"is_trial":false}