{"gold_per_floor":[110,110,120,134,12,41,102,126,138,150,175,187,148,148,148,148],"floor_reached":16,"playtime":471,"items_purged":[],"score":100,"play_id":"39241e42-8b5c-405c-98da-797f84d90026","local_time":"20190108190341","is_ascension_mode":false,"campfire_choices":[{"data":"Shrug It Off","floor":12,"key":"SMITH"},{"data":"Armaments","floor":15,"key":"SMITH"}],"neow_cost":"NONE","seed_source_timestamp":803762490589395,"circlet_count":0,"master_deck":["Strike_R","Strike_R","Strike_R","Strike_R","Defend_R","Defend_R","Defend_R","Bash","Iron Wave","Shrug It Off+1","Shrug It Off","Dropkick","Armaments+1","Immolate","Pommel Strike","Twin Strike","Heavy Blade+1","Clothesline+1"],"relics":["Burning Blood","NeowsBlessing","Mummified Hand","MawBank","Molten Egg 2"],"potions_floor_usage":[],"damage_taken":[{"damage":0,"enemies":"Cultist","floor":1,"turns":1},{"damage":0,"enemies":"Small Slimes","floor":3,"turns":1},{"damage":0,"enemies":"Jaw Worm","floor":4,"turns":1},{"damage":30,"enemies":"3 Sentries","floor":6,"turns":12},{"damage":14,"enemies":"3 Sentries","floor":7,"turns":6},{"damage":1,"enemies":"Exordium Wildlife","floor":8,"turns":4},{"damage":27,"enemies":"Exordium Thugs","floor":11,"turns":4},{"damage":81,"enemies":"Hexaghost","floor":16,"turns":12}],"seed_played":"-4549147211433490586","potions_obtained":[{"floor":3,"key":"FearPotion"},{"floor":7,"key":"Dexterity Potion"},{"floor":8,"key":"Strength Potion"}],"is_trial":false,"path_per_floor":["M","?","M","M","$","E","?","M","T","?","M","R","$","?","R","B"],"character_chosen":"IRONCLAD","items_purchased":["Dropkick","Armaments","Clothesline+1"],"campfire_rested":0,"item_purchase_floors":[5,5,13],"current_hp_per_floor":[80,80,80,80,80,56,48,53,53,53,32,32,32,80,80,0],"gold":148,"neow_bonus":"THREE_ENEMY_KILL","is_prod":false,"is_daily":false,"chose_seed":false,"campfire_upgraded":2,"win_rate":0,"timestamp":1546995821,"path_taken":["M","?","M","?","$","E","?","M","T","?","?","R","$","?","R","BOSS"],"build_version":"2019-01-03v4","purchased_purges":0,"victory":false,"max_hp_per_floor":[80,80,80,80,80,80,80,80,80,80,80,80,80,80,80,80],"card_choices":[{"not_picked":["Warcry","Wild Strike"],"picked":"Iron Wave","floor":1},{"not_picked":["Wild Strike","True Grit"],"picked":"Shrug It Off","floor":3},{"not_picked":["Rupture","Fire Breathing"],"picked":"Shrug It Off","floor":4},{"not_picked":["Clothesline","Bloodletting"],"picked":"Immolate","floor":6},{"not_picked":["Dropkick","Anger"],"picked":"Pommel Strike","floor":7},{"not_picked":["Iron Wave","Infernal Blade"],"picked":"Twin Strike","floor":8},{"not_picked":["Reckless Charge+1","Cleave+1"],"picked":"Heavy Blade+1","floor":11}],"player_experience":67951,"relics_obtained":[{"floor":6,"key":"Mummified Hand"},{"floor":7,"key":"MawBank"},{"floor":9,"key":"Molten Egg 2"}],"event_choices":[{"cards_removed":["Strike_R"],"damage_healed":0,"gold_gain":0,"player_choice":"Purged","damage_taken":0,"max_hp_gain":0,"max_hp_loss":0,"event_name":"Purifier","floor":2,"gold_loss":0},{"damage_healed":0,"gold_gain":30,"player_choice":"Searched \u00273\u0027 times","damage_taken":0,"max_hp_gain":0,"max_hp_loss":0,"event_name":"Dead Adventurer","floor":7,"gold_loss":0},{"damage_healed":0,"gold_gain":0,"cards_transformed":["Defend_R"],"player_choice":"Change","damage_taken":0,"max_hp_gain":0,"max_hp_loss":0,"event_name":"Living Wall","floor":10,"gold_loss":0,"cards_obtained":["Burning Pact"]},{"cards_removed":["Burning Pact"],"damage_healed":48,"gold_gain":0,"player_choice":"Offered Uncommon","damage_taken":0,"max_hp_gain":0,"max_hp_loss":0,"event_name":"Bonfire Elementals","floor":14,"gold_loss":0}],"is_beta":false,"boss_relics":[],"items_purged_floors":[],"is_endless":false,"potions_floor_spawned":[3,7,8],"killed_by":"Hexaghost","ascension_level":0}