{"gold_per_floor":[109,128,47,47,66,66,91,91,141,176,194,194,194,206,206,206],"floor_reached":16,"playtime":365,"items_purged":[],"score":182,"play_id":"f84ab43d-5498-4216-9ca7-25438b707a5a","local_time":"20190204183425","is_ascension_mode":true,"campfire_choices":[{"data":"Genetic Algorithm","floor":6,"key":"SMITH"},{"data":"Zap","floor":8,"key":"SMITH"},{"floor":12,"key":"REST"},{"data":"Dualcast","floor":15,"key":"SMITH"}],"neow_cost":"TEN_PERCENT_HP_LOSS","seed_source_timestamp":232133957158038,"circlet_count":0,"master_deck":["AscendersBane","Strike_B","Strike_B","Strike_B","Defend_B","Defend_B","Defend_B","Defend_B","Zap+1","Dualcast+1","Ball Lightning","Gash","Genetic Algorithm+1","Ball Lightning","Leap","Gash","Coolheaded","Beam Cell"],"relics":["Cracked Core","Girya","Potion Belt","Turnip"],"potions_floor_usage":[],"damage_taken":[{"damage":2,"enemies":"Jaw Worm","floor":1,"turns":3},{"damage":6,"enemies":"Cultist","floor":2,"turns":3},{"damage":0,"enemies":"Small Slimes","floor":5,"turns":2},{"damage":30,"enemies":"Lagavulin","floor":7,"turns":6},{"damage":23,"enemies":"3 Sentries","floor":10,"turns":7},{"damage":4,"enemies":"2 Fungi Beasts","floor":11,"turns":3},{"damage":2,"enemies":"Red Slaver","floor":14,"turns":3},{"damage":23,"enemies":"The Guardian","floor":16,"turns":9}],"seed_played":"-180750927407116393","potions_obtained":[{"floor":5,"key":"SteroidPotion"},{"floor":10,"key":"Poison Potion"}],"is_trial":false,"path_per_floor":["M","M","$","?","M","R","E","R","T","E","M","R","?","M","R","B"],"character_chosen":"DEFECT","items_purchased":["Genetic Algorithm"],"campfire_rested":1,"item_purchase_floors":[3],"current_hp_per_floor":[66,60,60,60,60,60,30,30,30,7,3,23,23,21,21,0],"gold":206,"neow_bonus":"ONE_RARE_RELIC","is_prod":false,"is_daily":false,"chose_seed":false,"campfire_upgraded":3,"win_rate":0,"timestamp":1549326865,"path_taken":["M","M","$","?","M","R","E","R","T","E","M","R","?","?","R","BOSS"],"build_version":"2019-01-23","purchased_purges":0,"victory":false,"max_hp_per_floor":[68,68,68,68,68,68,68,68,68,68,68,68,68,68,68,68],"card_choices":[{"not_picked":["Sweeping Beam","Stack"],"picked":"Ball Lightning","floor":1},{"not_picked":["Undo","Barrage"],"picked":"Gash","floor":2},{"not_picked":["Redo","Turbo"],"picked":"Ball Lightning","floor":5},{"not_picked":["Rip and Tear","Coolheaded"],"picked":"Leap","floor":7},{"not_picked":["Steam Power","White Noise"],"picked":"Gash","floor":10},{"not_picked":["Fission","Stack"],"picked":"Coolheaded","floor":11},{"not_picked":["Sweeping Beam","Lockon"],"picked":"Beam Cell","floor":14}],"player_experience":168745,"relics_obtained":[{"floor":7,"key":"Potion Belt"},{"floor":10,"key":"Turnip"}],"event_choices":[{"damage_healed":0,"gold_gain":0,"player_choice":"Leave","damage_taken":0,"max_hp_gain":0,"max_hp_loss":0,"event_name":"The Cleric","floor":4,"gold_loss":0},{"cards_removed":["Strike_B"],"damage_healed":0,"gold_gain":0,"player_choice":"Offered Basic","damage_taken":0,"max_hp_gain":0,"max_hp_loss":0,"event_name":"Bonfire Elementals","floor":13,"gold_loss":0}],"is_beta":false,"boss_relics":[],"items_purged_floors":[],"is_endless":false,"potions_floor_spawned":[5,10],"killed_by":"The Guardian","ascension_level":13}