{"gold_per_floor":[119,119,119,130,145,145,162,174,174,202,202,202,202,1,1,96,96,109,109,36,50,50,76,1,13,62,88,100],"floor_reached":28,"playtime":2391,"items_purged":["Doubt"],"score":381,"play_id":"ac2e01ed-efd2-4f5f-af28-3f2304ca91e3","local_time":"20180920192612","is_ascension_mode":true,"campfire_choices":[{"data":"Endless Agony","floor":6,"key":"SMITH"},{"data":"Riddle With Holes","floor":15,"key":"SMITH"}],"neow_cost":"","seed_source_timestamp":1494228836839,"circlet_count":0,"master_deck":["Defend_G","Defend_G","Defend_G","Defend_G","Defend_G","Strike_G","Strike_G","Strike_G","Survivor","Neutralize","AscendersBane","Endless Agony+1","Acrobatics","Well Laid Plans","Backflip","Riddle With Holes+1","Endless Agony+1","Phantasmal Killer","Doubt","Writhe","Endless Agony","Calculated Gamble","Deflect","Die Die Die","Tactician","Concentrate"],"relics":["Ring of the Snake","Shuriken","Art of War","Ice Cream","Dodecahedron","DollysMirror","Calling Bell","Happy Flower","Mercury Hourglass","Tingsha","FaceOfCleric","Bottled Tornado","Matryoshka","MawBank","Vajra"],"potions_floor_usage":[10,16,21,23,27],"damage_taken":[{"damage":0,"enemies":"Jaw Worm","floor":1,"turns":5},{"damage":0,"enemies":"2 Louse","floor":4,"turns":3},{"damage":1,"enemies":"Cultist","floor":5,"turns":3},{"damage":1,"enemies":"Looter","floor":7,"turns":4},{"damage":4,"enemies":"Red Slaver","floor":8,"turns":4},{"damage":3,"enemies":"3 Sentries","floor":10,"turns":11},{"damage":12,"enemies":"Hexaghost","floor":16,"turns":9},{"damage":11,"enemies":"Shell Parasite","floor":18,"turns":6},{"damage":23,"enemies":"2 Thieves","floor":21,"turns":4},{"damage":9,"enemies":"Gremlin Leader","floor":23,"turns":6},{"damage":0,"enemies":"Cultist and Chosen","floor":25,"turns":5},{"damage":2,"enemies":"Shelled Parasite and Fungi","floor":27,"turns":5},{"damage":22,"enemies":"Snecko","floor":28,"turns":3}],"seed_played":"6004270235351516026","potions_obtained":[{"floor":1,"key":"EssenceOfSteel"},{"floor":5,"key":"Dexterity Potion"},{"floor":10,"key":"Dexterity Potion"},{"floor":18,"key":"PowerPotion"},{"floor":25,"key":"SkillPotion"}],"is_trial":false,"path_per_floor":["M","?","T","M","M","R","M","M","T","E","?","T","?","$","R","B",null,"M","?","$","M","T","E","$","M","T","M"],"character_chosen":"THE_SILENT","items_purchased":["DollysMirror","Calculated Gamble"],"campfire_rested":0,"item_purchase_floors":[14,20],"current_hp_per_floor":[63,63,63,63,62,62,61,57,57,54,54,54,54,54,54,42,63,52,52,52,30,30,22,22,23,23,22,0],"gold":100,"neow_bonus":"","is_prod":false,"is_daily":false,"chose_seed":false,"campfire_upgraded":2,"win_rate":0,"timestamp":1537464372,"path_taken":["M","?","?","M","M","R","M","?","T","E","?","?","?","?","R","BOSS","M","?","?","M","?","E","?","?","T","M","M"],"build_version":"2018-09-06","purchased_purges":1,"victory":false,"max_hp_per_floor":[70,70,70,70,70,70,70,70,70,70,70,70,70,70,70,70,70,70,70,70,71,71,72,72,73,73,74,74],"card_choices":[{"not_picked":["Prepared","Blur"],"picked":"Endless Agony","floor":1},{"not_picked":["Cloak And Dagger","Leg Sweep"],"picked":"Acrobatics","floor":4},{"not_picked":["Deadly Poison","Dagger Spray"],"picked":"Well Laid Plans","floor":5},{"not_picked":["Outmaneuver","Setup","Envenom"],"picked":"SKIP","floor":7},{"not_picked":["Setup","Sucker Punch"],"picked":"Backflip","floor":8},{"not_picked":["A Thousand Cuts","Slice"],"picked":"Riddle With Holes","floor":10},{"not_picked":["Glass Knife","Night Terror"],"picked":"Phantasmal Killer","floor":16},{"not_picked":["Acrobatics","Deflect"],"picked":"Endless Agony","floor":18},{"not_picked":["Sucker Punch+1","Riddle With Holes+1"],"picked":"Deflect","floor":21},{"not_picked":["Eviscerate","Deadly Poison"],"picked":"Die Die Die","floor":23},{"not_picked":["Well Laid Plans","Prepared"],"picked":"Tactician","floor":25},{"not_picked":["Underhanded Strike+1","Dagger Spray+1"],"picked":"Concentrate","floor":27}],"player_experience":429334,"relics_obtained":[{"floor":3,"key":"Shuriken"},{"floor":9,"key":"Art of War"},{"floor":10,"key":"Ice Cream"},{"floor":12,"key":"Dodecahedron"},{"floor":17,"key":"Happy Flower"},{"floor":17,"key":"Mercury Hourglass"},{"floor":17,"key":"Tingsha"},{"floor":22,"key":"Bottled Tornado"},{"floor":23,"key":"Matryoshka"},{"floor":26,"key":"MawBank"},{"floor":26,"key":"Vajra"}],"event_choices":[{"event_name":"Living Wall","player_choice":"Forget","floor":2,"damage_taken":0},{"event_name":"Bonfire Elementals","player_choice":"BASIC","floor":11,"damage_taken":0},{"event_name":"The Woman in Blue","player_choice":"Bought 0 Potions","floor":13,"damage_taken":0},{"event_name":"FaceTrader","player_choice":"Trade","floor":19,"damage_taken":0}],"is_beta":false,"boss_relics":[{"not_picked":["Eternal Feather","Runic Pyramid"],"picked":"Calling Bell"}],"items_purged_floors":[24],"is_endless":false,"potions_floor_spawned":[1,5,10,18,25],"killed_by":"Snecko","ascension_level":12}