{"gold_per_floor":[117,117,117,82,82,82,95,114,114,114,131,145,145,145,145,145],"floor_reached":16,"playtime":875,"items_purged":[],"score":135,"play_id":"3eb0d6f4-eae4-46bc-9b37-253e1335e11e","local_time":"20180823211407","is_ascension_mode":true,"campfire_choices":[{"data":"Defend_B","floor":6,"key":"SMITH"},{"data":"Auto Shields","floor":10,"key":"SMITH"},{"data":"Recycle","floor":13,"key":"SMITH"},{"data":"Go for the Eyes","floor":15,"key":"SMITH"}],"neow_cost":"","seed_source_timestamp":12611976147459,"circlet_count":0,"master_deck":["Strike_B","Strike_B","Strike_B","Defend_B","Defend_B+1","Defend_B+1","Defend_B","Zap","Dualcast","AscendersBane","Steam Power+1","Regret","Auto Shields+1","Go for the Eyes+1","Recycle+1"],"relics":["Cracked Core","Mummified Hand","Frozen Egg 2","Thread and Needle"],"potions_floor_usage":[16,16],"damage_taken":[{"damage":2,"enemies":"Jaw Worm","floor":1,"turns":3},{"damage":4,"enemies":"2 Louse","floor":7,"turns":3},{"damage":2,"enemies":"Small Slimes","floor":8,"turns":3},{"damage":2,"enemies":"Exordium Wildlife","floor":11,"turns":6},{"damage":2,"enemies":"Looter","floor":12,"turns":4},{"damage":59,"enemies":"Hexaghost","floor":16,"turns":17}],"seed_played":"9167934258561843909","potions_obtained":[{"floor":11,"key":"EssenceOfSteel"},{"floor":12,"key":"FearPotion"}],"is_trial":false,"path_per_floor":["M","?","?","?","?","R","M","M","T","R","M","M","R","T","R"],"character_chosen":"DEFECT","items_purchased":[],"campfire_rested":0,"item_purchase_floors":[],"current_hp_per_floor":[66,66,51,69,69,69,65,63,63,63,61,59,59,59,59,0],"gold":145,"neow_bonus":"","is_prod":false,"is_daily":false,"chose_seed":false,"campfire_upgraded":4,"win_rate":0,"timestamp":1535051647,"path_taken":["M","?","?","?","?","R","?","M","T","R","M","?","R","?","R","BOSS"],"build_version":"2018-08-16","purchased_purges":0,"victory":false,"max_hp_per_floor":[75,75,75,75,75,75,75,75,75,75,75,75,75,75,75,75],"card_choices":[{"not_picked":["Ball Lightning","Beam Cell","Barrage"],"picked":"SKIP","floor":1},{"not_picked":["Streamline","Turbo"],"picked":"Auto Shields","floor":7},{"not_picked":["Auto Shields","Leap"],"picked":"Go for the Eyes","floor":8},{"not_picked":["Hologram","Rebound"],"picked":"Recycle","floor":11},{"not_picked":["Rebound","Beam Cell","Conserve Battery"],"picked":"SKIP","floor":12}],"player_experience":318743,"relics_obtained":[{"floor":9,"key":"Frozen Egg 2"},{"floor":14,"key":"Thread and Needle"}],"event_choices":[{"event_name":"Living Wall","player_choice":"Change","floor":2,"damage_taken":0},{"event_name":"Shining Light","player_choice":"Entered Light","floor":3,"damage_taken":0},{"event_name":"The Cleric","player_choice":"Healed","floor":4,"damage_taken":0},{"event_name":"Big Fish","player_choice":"Box","floor":5,"damage_taken":0}],"is_beta":false,"boss_relics":[],"items_purged_floors":[],"is_endless":false,"potions_floor_spawned":[11,12],"killed_by":"Hexaghost","ascension_level":10}