{"gold_per_floor":[110,35,35,52,66,66,76,76,76,101,101,129,149,166,166,243,243,259,259,272,272,282,282,317,232,232,17,17,35,35,45,45,45],"floor_reached":33,"playtime":1243,"items_purged":["Defend_B","Strike_B"],"score":654,"play_id":"7d0121df-f6fc-48d7-bd0c-d9107526a62e","local_time":"20190223220018","is_ascension_mode":true,"campfire_choices":[{"data":"Dualcast","floor":6.0,"key":"SMITH"},{"data":"Cold Snap","floor":8.0,"key":"SMITH"},{"floor":11.0,"key":"REST"},{"floor":15.0,"key":"REST"},{"floor":23.0,"key":"REST"},{"floor":28.0,"key":"REST"},{"floor":30.0,"key":"REST"},{"floor":32.0,"key":"REST"}],"neow_cost":"NONE","seed_source_timestamp":29121850110600,"circlet_count":0,"master_deck":["AscendersBane","Strike_B","Strike_B","Strike_B","Defend_B","Defend_B","Defend_B","Zap+1","Dualcast+1","Leap","Cold Snap+1","Cold Snap","White Noise","Conserve Battery","Biased Cognition","White Noise","Beam Cell+1"],"special_seed":0,"relics":["Cracked Core","Oddly Smooth Stone","Vajra","The Courier","Blue Candle","Cursed Key","Darkstone Periapt","Kunai","Happy Flower"],"potions_floor_usage":[33,33,33],"damage_taken":[{"damage":8.0,"enemies":"2 Louse","floor":1.0,"turns":4.0},{"damage":0.0,"enemies":"Cultist","floor":4.0,"turns":3.0},{"damage":8.0,"enemies":"Small Slimes","floor":5.0,"turns":3.0},{"damage":0.0,"enemies":"2 Fungi Beasts","floor":7.0,"turns":4.0},{"damage":20.0,"enemies":"Gremlin Nob","floor":10.0,"turns":4.0},{"damage":18.0,"enemies":"Lagavulin","floor":12.0,"turns":7.0},{"damage":7.0,"enemies":"Exordium Wildlife","floor":13.0,"turns":3.0},{"damage":0.0,"enemies":"Looter","floor":14.0,"turns":3.0},{"damage":0.0,"enemies":"Slime Boss","floor":16.0,"turns":9.0},{"damage":2.0,"enemies":"2 Thieves","floor":18.0,"turns":5.0},{"damage":10.0,"enemies":"Spheric Guardian","floor":20.0,"turns":4.0},{"damage":33.0,"enemies":"Shelled Parasite and Fungi","floor":22.0,"turns":6.0},{"damage":39.0,"enemies":"Gremlin Leader","floor":24.0,"turns":7.0},{"damage":25.0,"enemies":"Chosen and Byrds","floor":29.0,"turns":11.0},{"damage":5.0,"enemies":"Centurion and Healer","floor":31.0,"turns":11.0},{"damage":50,"enemies":"Automaton","floor":33,"turns":6}],"seed_played":"1755829086695868721","potions_obtained":[{"floor":4.0,"key":"FocusPotion"},{"floor":12.0,"key":"Strength Potion"},{"floor":18.0,"key":"SkillPotion"},{"floor":29.0,"key":"EntropicBrew"}],"is_trial":false,"path_per_floor":["M","$","?","M","M","R","M","R","T","E","R","E","M","M","R","B",null,"M","?","M","?","M","R","E","?","T","$","R","M","R","M","R","B"],"character_chosen":"DEFECT","items_purchased":["Happy Flower"],"campfire_rested":6,"item_purchase_floors":[27],"current_hp_per_floor":[56,56,56,56,48,48,48,48,48,28,49,31,24,24,45,45,65,63,71,61,61,28,49,10,10,10,10,31,6,27,22,43,0],"gold":45,"neow_bonus":"RANDOM_COMMON_RELIC","is_prod":false,"is_daily":false,"chose_seed":false,"campfire_upgraded":2,"win_rate":0,"timestamp":1550952018,"path_taken":["M","$","?","?","M","R","M","R","T","E","R","E","M","M","R","BOSS","M","?","M","?","M","R","E","?","T","$","R","?","R","M","R","BOSS"],"build_version":"2019-01-23","purchased_purges":2,"victory":false,"max_hp_per_floor":[71,71,71,71,71,71,71,71,71,71,71,71,71,71,71,71,71,71,71,71,71,71,71,71,71,71,71,71,71,71,71,71,71],"card_choices":[{"not_picked":["Steam","Turbo"],"picked":"Leap","floor":1.0},{"not_picked":["Streamline","Hologram","Storm"],"picked":"SKIP","floor":4.0},{"not_picked":["Beam Cell","Go for the Eyes"],"picked":"Cold Snap","floor":5.0},{"not_picked":["Gash","Chaos"],"picked":"Cold Snap","floor":7.0},{"not_picked":["Undo","Loop","Steam Power"],"picked":"SKIP","floor":10.0},{"not_picked":["Aggregate","Skim","Leap"],"picked":"SKIP","floor":12.0},{"not_picked":["Glacier","Loop"],"picked":"White Noise","floor":13.0},{"not_picked":["Leap","Hologram"],"picked":"Conserve Battery","floor":14.0},{"not_picked":["Machine Learning","Fission"],"picked":"Biased Cognition","floor":16.0},{"not_picked":["Storm+1","Consume","Reinforced Body"],"picked":"SKIP","floor":18.0},{"not_picked":["Rip and Tear","Sweeping Beam","Streamline"],"picked":"SKIP","floor":20.0},{"not_picked":["Undo","Cold Snap"],"picked":"White Noise","floor":22.0},{"not_picked":["Compile Driver","Force Field","Streamline"],"picked":"SKIP","floor":24.0},{"not_picked":["Conserve Battery","Coolheaded"],"picked":"Beam Cell+1","floor":29.0},{"not_picked":["Coolheaded","Rebound","Fission"],"picked":"SKIP","floor":31.0}],"player_experience":930144,"relics_obtained":[{"floor":9.0,"key":"Vajra"},{"floor":10.0,"key":"The Courier"},{"floor":12.0,"key":"Blue Candle"},{"floor":24.0,"key":"Darkstone Periapt"}],"event_choices":[{"damage_healed":0.0,"max_hp_gain":0.0,"max_hp_loss":0.0,"gold_gain":0.0,"event_name":"Upgrade Shrine","player_choice":"Upgraded","floor":3.0,"gold_loss":0.0,"damage_taken":0.0,"cards_upgraded":["Zap"]},{"damage_healed":14.0,"max_hp_gain":0.0,"max_hp_loss":0.0,"gold_gain":0.0,"event_name":"The Library","player_choice":"Heal","floor":19.0,"gold_loss":0.0,"damage_taken":0.0},{"damage_healed":0.0,"max_hp_gain":0.0,"max_hp_loss":0.0,"gold_gain":0.0,"event_name":"Ghosts","player_choice":"Ignored","floor":21.0,"gold_loss":0.0,"damage_taken":0.0},{"damage_healed":0.0,"max_hp_gain":0.0,"max_hp_loss":0.0,"gold_gain":0.0,"event_name":"Addict","player_choice":"Obtained Relic","floor":25.0,"gold_loss":85.0,"damage_taken":0.0,"relics_obtained":["Kunai"]}],"is_beta":false,"boss_relics":[{"not_picked":["Calling Bell","FrozenCore"],"picked":"Cursed Key"}],"items_purged_floors":[2,27],"is_endless":false,"potions_floor_spawned":[4,12,13,14,18,29],"killed_by":"Automaton","ascension_level":20}