{"gold_per_floor":[112,112,122,67,84,84,28,54,54,68,68,82,92,92,92,92],"floor_reached":16,"playtime":450,"items_purged":[],"score":204,"play_id":"f37c7735-d7d9-4104-a0f4-0382f1c828e8","local_time":"20190214175857","is_ascension_mode":true,"campfire_choices":[{"data":"Zap","floor":6.0,"key":"SMITH"},{"data":"Consume","floor":11,"key":"SMITH"},{"floor":15,"key":"REST"}],"neow_cost":"NONE","seed_source_timestamp":135612494602094,"circlet_count":0,"master_deck":["AscendersBane","Strike_B","Strike_B","Strike_B","Defend_B","Defend_B","Defend_B","Defend_B","Zap+1","Dualcast","Sweeping Beam","Consume+1","Stack","Compile Driver","Conserve Battery","Glacier","Capacitor","Ball Lightning"],"special_seed":0,"relics":["Cracked Core","CultistMask","Darkstone Periapt","Bottled Flame","Unceasing Top"],"potions_floor_usage":[],"damage_taken":[{"damage":5.0,"enemies":"Small Slimes","floor":1.0,"turns":3.0},{"damage":2.0,"enemies":"Cultist","floor":3.0,"turns":4.0},{"damage":7.0,"enemies":"2 Louse","floor":5.0,"turns":3.0},{"damage":12,"enemies":"Lagavulin","floor":8,"turns":6},{"damage":17,"enemies":"Exordium Thugs","floor":10,"turns":7},{"damage":7,"enemies":"Lots of Slimes","floor":12,"turns":4},{"damage":0,"enemies":"2 Fungi Beasts","floor":13,"turns":4},{"damage":29,"enemies":"The Guardian","floor":16,"turns":2}],"seed_played":"-3665488801719450047","potions_obtained":[{"floor":3.0,"key":"Explosive Potion"},{"floor":8,"key":"Strength Potion"}],"is_trial":false,"path_per_floor":["M","?","M","?","M","R","$","E","T","M","R","M","M","?","R","B"],"character_chosen":"DEFECT","items_purchased":["Conserve Battery"],"campfire_rested":1,"item_purchase_floors":[7],"current_hp_per_floor":[59,59,57,57,50,50,50,38,38,21,21,14,14,7,28,0],"gold":92,"neow_bonus":"THREE_CARDS","is_prod":false,"is_daily":false,"chose_seed":false,"campfire_upgraded":2,"win_rate":0,"timestamp":1550127537,"path_taken":["M","?","?","?","M","R","?","E","T","?","R","M","M","?","R","BOSS"],"build_version":"2019-01-23","purchased_purges":0,"victory":false,"max_hp_per_floor":[71,71,71,71,71,71,71,71,71,71,71,71,71,71,71,71],"card_choices":[{"not_picked":["Streamline","Skim"],"picked":"Sweeping Beam","floor":0.0},{"not_picked":["Conserve Battery","Hologram"],"picked":"Consume","floor":1.0},{"not_picked":["Skim","Lockon"],"picked":"Stack","floor":3.0},{"not_picked":["Darkness","Streamline"],"picked":"Compile Driver","floor":5.0},{"not_picked":["Aggregate","Hologram"],"picked":"Glacier","floor":8},{"not_picked":["Skim","Barrage","Gash"],"picked":"SKIP","floor":10},{"not_picked":["Redo","Go for the Eyes"],"picked":"Capacitor","floor":12},{"not_picked":["Hologram","Recycle"],"picked":"Ball Lightning","floor":13}],"player_experience":347376,"relics_obtained":[{"floor":8,"key":"Bottled Flame"},{"floor":9,"key":"Unceasing Top"}],"event_choices":[{"damage_healed":0.0,"max_hp_gain":0.0,"max_hp_loss":0.0,"gold_gain":0.0,"event_name":"FaceTrader","player_choice":"Trade","floor":2.0,"gold_loss":0.0,"damage_taken":0.0,"relics_obtained":["CultistMask"]},{"damage_healed":0.0,"max_hp_gain":0.0,"max_hp_loss":0.0,"gold_gain":0.0,"event_name":"WeMeetAgain","player_choice":"Paid Gold","floor":4.0,"gold_loss":55.0,"damage_taken":0.0,"relics_obtained":["Darkstone Periapt"]},{"cards_removed":["Strike_B"],"damage_healed":0,"gold_gain":0,"player_choice":"Card Removal","damage_taken":7,"max_hp_gain":0,"max_hp_loss":0,"event_name":"Golden Wing","floor":14,"gold_loss":0}],"is_beta":false,"boss_relics":[],"items_purged_floors":[],"is_endless":false,"potions_floor_spawned":[3,8,10,12],"killed_by":"The Guardian","ascension_level":20}