{"gold_per_floor":[418,430,53,64,77,77,77,94,94,94,124,124,141,161,161,266,266,283,293,41,41,59,94,94,113,137,137,172,172,172,32,32,127,127,137,137,147,98,115,115,115,115,115,115,143,143,156,168,168,168],"floor_reached":51,"playtime":2436,"items_purged":["Strike_B","Strike_B"],"score":1088,"play_id":"a8f7de2c-799a-4499-9f63-3eeeb42d2c4a","local_time":"20190127030355","is_ascension_mode":true,"campfire_choices":[{"data":"Zap","floor":6.0,"key":"SMITH"},{"data":"Dualcast","floor":10.0,"key":"SMITH"},{"data":"Go for the Eyes","floor":12.0,"key":"SMITH"},{"data":"Glacier","floor":15.0,"key":"SMITH"},{"data":"Consume","floor":27.0,"key":"SMITH"},{"data":"Fission","floor":30.0,"key":"SMITH"},{"data":"Defragment","floor":32.0,"key":"SMITH"},{"data":"Echo Form","floor":40.0,"key":"SMITH"},{"data":"Consume","floor":42.0,"key":"SMITH"},{"floor":44.0,"key":"REST"},{"data":"Buffer","floor":49,"key":"SMITH"}],"neow_cost":"TEN_PERCENT_HP_LOSS","seed_source_timestamp":542807757392805,"circlet_count":0,"master_deck":["Defend_B","Defend_B+1","Defend_B","Defend_B","Zap+1","Dualcast+1","Go for the Eyes+1","Coolheaded","Glacier+1","Go for the Eyes","BootSequence","Sweeping Beam","White Noise+1","Reboot","Ball Lightning","Defragment+1","Consume+1","Hologram","Fission+1","Buffer+1","Capacitor","Echo Form+1","Seek","Consume+1","Conserve Battery","Ball Lightning","Glacier+1","Parasite"],"special_seed":0,"relics":["Cracked Core","Old Coin","Meat on the Bone","Thread and Needle","Shuriken","Inserter","War Paint","Cables","Bronze Scales","Nunchaku","Sozu","Pen Nib"],"potions_floor_usage":[],"damage_taken":[{"damage":12.0,"enemies":"Small Slimes","floor":1.0,"turns":2.0},{"damage":2.0,"enemies":"Jaw Worm","floor":2.0,"turns":3.0},{"damage":0.0,"enemies":"2 Louse","floor":4.0,"turns":2.0},{"damage":10.0,"enemies":"Exordium Wildlife","floor":5.0,"turns":4.0},{"damage":0.0,"enemies":"Gremlin Gang","floor":7.0,"turns":1.0},{"damage":0.0,"enemies":"2 Fungi Beasts","floor":8.0,"turns":3.0},{"damage":0.0,"enemies":"3 Sentries","floor":11.0,"turns":6.0},{"damage":0.0,"enemies":"Blue Slaver","floor":13.0,"turns":3.0},{"damage":0.0,"enemies":"Exordium Wildlife","floor":14.0,"turns":4.0},{"damage":8.0,"enemies":"Hexaghost","floor":16.0,"turns":10.0},{"damage":16.0,"enemies":"3 Byrds","floor":18.0,"turns":7.0},{"damage":7.0,"enemies":"Chosen","floor":19.0,"turns":6.0},{"damage":6.0,"enemies":"3 Cultists","floor":22.0,"turns":5.0},{"damage":23.0,"enemies":"Gremlin Leader","floor":23.0,"turns":8.0},{"damage":0.0,"enemies":"Centurion and Healer","floor":25.0,"turns":9.0},{"damage":6.0,"enemies":"Slavers","floor":28.0,"turns":3.0},{"damage":27.0,"enemies":"Collector","floor":33.0,"turns":9.0},{"damage":0.0,"enemies":"Orb Walker","floor":35.0,"turns":4.0},{"damage":30.0,"enemies":"3 Shapes","floor":37.0,"turns":4.0},{"damage":0.0,"enemies":"Spire Growth","floor":39.0,"turns":6.0},{"damage":0.0,"enemies":"Giant Head","floor":45.0,"turns":12.0},{"damage":0.0,"enemies":"Sphere and 2 Shapes","floor":47.0,"turns":8.0},{"damage":0,"enemies":"Writhing Mass","floor":48,"turns":7},{"damage":0,"enemies":"Donu and Deca","floor":50,"turns":11}],"seed_played":"2910927073406199098","potions_obtained":[{"floor":1.0,"key":"SmokeBomb"},{"floor":8.0,"key":"Fire Potion"},{"floor":11.0,"key":"Poison Potion"},{"floor":13.0,"key":"SteroidPotion"},{"floor":19.0,"key":"EssenceOfSteel"},{"floor":23.0,"key":"PowerPotion"},{"floor":25.0,"key":"Regen Potion"},{"floor":33.0,"key":"Poison Potion"}],"is_trial":false,"path_per_floor":["M","M","$","M","M","R","M","M","T","R","E","R","M","M","R","B",null,"M","M","$","?","M","E","?","M","T","R","E","?","R","$","R","B",null,"M","?","M","$","M","R","$","R","T","R","E","?","M","M","R","B",null],"character_chosen":"DEFECT","items_purchased":["Meat on the Bone","Coolheaded","War Paint","Echo Form","Conserve Battery"],"campfire_rested":1,"item_purchase_floors":[3,3,20,31,38],"current_hp_per_floor":[56,54,54,54,44,44,44,44,44,44,44,44,44,44,44,36,60,44,37,37,37,43,32,32,44,44,44,38,38,38,38,38,23,57,57,57,39,39,39,39,39,39,39,59,59,53,53,53,53,53],"gold":168,"neow_bonus":"ONE_RARE_RELIC","is_prod":false,"is_daily":false,"chose_seed":false,"campfire_upgraded":10,"win_rate":0,"timestamp":1548579835,"path_taken":["M","M","$","M","M","R","M","M","T","R","E","R","M","M","R","BOSS","M","M","$","?","M","E","?","M","T","R","E","?","R","$","R","BOSS","M","?","M","$","M","R","$","R","T","R","E","?","M","M","R","BOSS"],"build_version":"2019-01-23","purchased_purges":2,"victory":true,"max_hp_per_floor":[68,68,68,68,68,68,68,68,68,68,68,68,68,68,68,68,68,68,68,68,68,68,68,68,68,68,68,68,68,68,68,68,68,68,68,68,68,68,68,68,68,68,68,68,68,68,68,68,68,68],"card_choices":[{"not_picked":["Tempest","Hologram"],"picked":"Go for the Eyes","floor":1.0},{"not_picked":["Turbo","Tempest"],"picked":"Ball Lightning","floor":2.0},{"not_picked":["Turbo","Gash","Storm"],"picked":"SKIP","floor":4.0},{"not_picked":["Redo","Hologram"],"picked":"Glacier","floor":5.0},{"not_picked":["Beam Cell","Tempest"],"picked":"Go for the Eyes","floor":8.0},{"not_picked":["Barrage","Leap"],"picked":"BootSequence","floor":11.0},{"not_picked":["Auto Shields","Gash"],"picked":"Sweeping Beam","floor":13.0},{"not_picked":["Tempest","Chaos"],"picked":"White Noise","floor":14.0},{"not_picked":["Buffer","Meteor Strike"],"picked":"Reboot","floor":16.0},{"not_picked":["Force Field","Go for the Eyes","Beam Cell"],"picked":"SKIP","floor":18.0},{"not_picked":["Static Discharge+1","Chaos"],"picked":"Ball Lightning","floor":19.0},{"not_picked":["Capacitor","Turbo"],"picked":"Defragment","floor":22.0},{"not_picked":["Storm","Redo"],"picked":"Consume","floor":23.0},{"not_picked":["Glacier","Compile Driver"],"picked":"Hologram","floor":25.0},{"not_picked":["White Noise","Cold Snap"],"picked":"Fission","floor":28.0},{"not_picked":["Hyperbeam","Fission"],"picked":"Seek","floor":33.0},{"not_picked":["Rebound+1","Gash","Barrage+1"],"picked":"SKIP","floor":35.0},{"not_picked":["Streamline+1","Tempest"],"picked":"Consume","floor":37.0},{"not_picked":["Gash","Streamline"],"picked":"Ball Lightning","floor":39.0},{"not_picked":["Leap+1","Skim+1"],"picked":"Glacier+1","floor":45.0},{"not_picked":["Auto Shields","Sweeping Beam+1","Steam Power+1"],"picked":"SKIP","floor":47.0},{"not_picked":["Gash+1","Barrage+1","Sweeping Beam+1"],"picked":"SKIP","floor":48}],"player_experience":135112,"relics_obtained":[{"floor":9.0,"key":"Thread and Needle"},{"floor":11.0,"key":"Shuriken"},{"floor":23.0,"key":"Cables"},{"floor":26.0,"key":"Bronze Scales"},{"floor":28.0,"key":"Nunchaku"},{"floor":45.0,"key":"Pen Nib"}],"event_choices":[{"damage_healed":0.0,"max_hp_gain":0.0,"max_hp_loss":0.0,"gold_gain":0.0,"event_name":"Vampires","player_choice":"Ignored","floor":21.0,"gold_loss":0.0,"damage_taken":0.0},{"damage_healed":0.0,"max_hp_gain":0.0,"max_hp_loss":0.0,"gold_gain":0.0,"event_name":"Ghosts","player_choice":"Ignored","floor":24.0,"gold_loss":0.0,"damage_taken":0.0},{"damage_healed":0.0,"max_hp_gain":0.0,"max_hp_loss":0.0,"gold_gain":0.0,"cards_transformed":["Strike_B","Strike_B"],"event_name":"Drug Dealer","player_choice":"Became Test Subject","floor":29.0,"gold_loss":0.0,"damage_taken":0.0,"cards_obtained":["Buffer","Capacitor"]},{"cards_removed":["Ball Lightning"],"damage_healed":0.0,"max_hp_gain":0.0,"max_hp_loss":0.0,"gold_gain":0.0,"event_name":"Falling","player_choice":"Removed Attack","floor":36.0,"gold_loss":0.0,"damage_taken":0.0},{"damage_healed":0.0,"max_hp_gain":0.0,"max_hp_loss":0.0,"gold_gain":0.0,"event_name":"Wheel of Change","player_choice":"Damaged","floor":46.0,"gold_loss":0.0,"damage_taken":6.0}],"is_beta":false,"boss_relics":[{"not_picked":["Lizard Tail","Snecko Eye"],"picked":"Inserter"},{"not_picked":["Orrery","Calling Bell"],"picked":"Sozu"}],"items_purged_floors":[3,20],"is_endless":false,"potions_floor_spawned":[1,8,11,13,19,23,25,33,35,47,48],"ascension_level":7}