{"gold_per_floor":[115,39,39,39,39,39,54,54,54,54,67,67,82,105,105,229,229,169,18,32,57,57],"floor_reached":22,"playtime":533,"items_purged":[],"score":235,"play_id":"89059f0b-2e92-4484-9634-8d2695db87ca","local_time":"20190206032150","is_ascension_mode":true,"campfire_choices":[{"data":"Zap","floor":6,"key":"SMITH"},{"data":"Reinforced Body","floor":8,"key":"SMITH"},{"data":"Gash","floor":10,"key":"SMITH"},{"data":"White Noise","floor":15,"key":"SMITH"}],"neow_cost":"NONE","seed_source_timestamp":1752993443733563,"circlet_count":0,"master_deck":["Strike_B","Strike_B","Strike_B","Strike_B","Defend_B","Defend_B","Defend_B","Defend_B","Zap+1","Dualcast","Streamline","Reinforced Body+1","Gash+1","White Noise+1","Coolheaded","Leap","Echo Form","Go for the Eyes","Go for the Eyes+1","Coolheaded"],"relics":["Cracked Core","Golden Idol","Dodecahedron","Snecko Eye","PreservedInsect"],"potions_floor_usage":[13,13,14,16],"damage_taken":[{"damage":0,"enemies":"2 Louse","floor":1,"turns":2},{"damage":0,"enemies":"Small Slimes","floor":7,"turns":3},{"damage":1,"enemies":"Cultist","floor":11,"turns":3},{"damage":11,"enemies":"Lots of Slimes","floor":13,"turns":3},{"damage":0,"enemies":"Gremlin Gang","floor":14,"turns":2},{"damage":11,"enemies":"Slime Boss","floor":16,"turns":7},{"damage":12,"enemies":"2 Thieves","floor":18,"turns":4},{"damage":16,"enemies":"3 Byrds","floor":20,"turns":3},{"damage":43,"enemies":"Sentry and Sphere","floor":21,"turns":6},{"damage":14,"enemies":"Colosseum Slavers","floor":22,"turns":1}],"seed_played":"2079941093369994176","potions_obtained":[{"floor":7,"key":"PowerPotion"},{"floor":11,"key":"Poison Potion"},{"floor":12,"key":"LiquidBronze"},{"floor":12,"key":"AttackPotion"},{"floor":13,"key":"Explosive Potion"}],"is_trial":false,"path_per_floor":["M","$","?","$","?","R","M","R","T","R","M","?","M","M","R","B",null,"M","$","M","M","?"],"character_chosen":"DEFECT","items_purchased":["Reinforced Body","PreservedInsect"],"campfire_rested":0,"item_purchase_floors":[2,19],"current_hp_per_floor":[75,75,55,55,82,82,82,82,82,82,81,81,70,70,70,59,76,64,64,48,5,0],"gold":57,"neow_bonus":"TEN_PERCENT_HP_BONUS","is_prod":false,"is_daily":false,"chose_seed":false,"campfire_upgraded":4,"win_rate":0,"timestamp":1549441310,"path_taken":["M","$","?","$","?","R","M","R","T","R","M","?","?","M","R","BOSS","M","$","?","?","?"],"build_version":"2019-01-23","purchased_purges":0,"victory":false,"max_hp_per_floor":[82,82,82,82,82,82,82,82,82,82,82,82,82,82,82,82,82,82,82,82,82,82],"card_choices":[{"not_picked":["Barrage","Compile Driver"],"picked":"Streamline","floor":1},{"not_picked":["Sweeping Beam","Steam"],"picked":"Gash","floor":7},{"not_picked":["Genetic Algorithm","Force Field"],"picked":"White Noise","floor":11},{"not_picked":["Turbo","Leap"],"picked":"Coolheaded","floor":13},{"not_picked":["Barrage","Hyperbeam"],"picked":"Leap","floor":14},{"not_picked":["Amplify","Reboot"],"picked":"Echo Form","floor":16},{"not_picked":["Streamline","Scrape"],"picked":"Go for the Eyes","floor":18},{"not_picked":["Stack","Coolheaded"],"picked":"Go for the Eyes+1","floor":20},{"not_picked":["Aggregate+1","Streamline+1"],"picked":"Coolheaded","floor":21}],"player_experience":394919,"relics_obtained":[{"floor":9,"key":"Dodecahedron"}],"event_choices":[{"damage_healed":0,"gold_gain":0,"player_choice":"Take Damage","damage_taken":20,"relics_obtained":["Golden Idol"],"max_hp_gain":0,"max_hp_loss":0,"event_name":"Golden Idol","floor":3,"gold_loss":0},{"damage_healed":27,"gold_gain":0,"player_choice":"Banana","damage_taken":0,"max_hp_gain":0,"max_hp_loss":0,"event_name":"Big Fish","floor":5,"gold_loss":0},{"damage_healed":0,"gold_gain":0,"player_choice":"Got Potions","damage_taken":0,"max_hp_gain":0,"max_hp_loss":0,"event_name":"Lab","floor":12,"gold_loss":0},{"damage_healed":0,"gold_gain":0,"player_choice":"Fight","damage_taken":0,"max_hp_gain":0,"max_hp_loss":0,"event_name":"Colosseum","floor":22,"gold_loss":0}],"is_beta":false,"boss_relics":[{"not_picked":["Runic Pyramid","Fusion Hammer"],"picked":"Snecko Eye"}],"items_purged_floors":[],"is_endless":false,"potions_floor_spawned":[7,11,13],"killed_by":"Colosseum Slavers","ascension_level":7}