{"gold_per_floor":[117,133,83,8,8,8,37,37,37,55,70,70,70,90,90,195,195,177,189,205,205,205,236,236,271,271,4,39,39,69,86,86,190,190,200,27,47,61,71,71,71,71,95,20,20,31,44,56,56,56,56,56,7,39,39],"floor_reached":56,"playtime":5613,"items_purged":["Defend_B","Hello World"],"score":1328,"play_id":"d8891a35-a7b6-440b-aefc-9aaf66845d54","local_time":"20190212214903","is_ascension_mode":true,"campfire_choices":[{"data":"Dualcast","floor":6,"key":"SMITH"},{"floor":12,"key":"RECALL"},{"data":"Defragment","floor":15,"key":"SMITH"},{"data":"Capacitor","floor":29,"key":"SMITH"},{"data":"Redo","floor":32,"key":"SMITH"},{"data":"Defragment","floor":40,"key":"SMITH"},{"data":"Coolheaded","floor":41,"key":"SMITH"},{"data":"Defragment","floor":49,"key":"SMITH"},{"data":"Coolheaded","floor":52,"key":"SMITH"}],"neow_cost":"PERCENT_DAMAGE","seed_source_timestamp":2107030108931990,"circlet_count":0,"master_deck":["Strike_B+1","Defend_B","Zap","Dualcast+1","Coolheaded+1","Defragment+1","Coolheaded+1","Seek","Machine Learning","Blizzard+1","Capacitor+1","Glacier","Redo+1","Defragment+1","Defragment+1"],"relics":["FrozenCore","Art of War","WingedGreaves","Potion Belt","Matryoshka","Lee\u0027s Waffle","Bronze Scales","Du-Vu Doll","Philosopher\u0027s Stone","Singing Bowl","DataDisk","Whetstone"],"potions_floor_usage":[7,18,23,23,25,30,46,46,48,55,55,55],"damage_taken":[{"damage":1,"enemies":"Cultist","floor":1,"turns":3},{"damage":0,"enemies":"2 Louse","floor":2,"turns":4},{"damage":13,"enemies":"3 Sentries","floor":7,"turns":7},{"damage":4,"enemies":"Small Slimes","floor":10,"turns":3},{"damage":0,"enemies":"3 Louse","floor":11,"turns":4},{"damage":10,"enemies":"Large Slime","floor":14,"turns":6},{"damage":0,"enemies":"The Guardian","floor":16,"turns":10},{"damage":8,"enemies":"2 Thieves","floor":18,"turns":5},{"damage":0,"enemies":"Shell Parasite","floor":19,"turns":6},{"damage":15,"enemies":"Chosen and Byrds","floor":20,"turns":7},{"damage":6,"enemies":"Book of Stabbing","floor":23,"turns":7},{"damage":45,"enemies":"Gremlin Leader","floor":25,"turns":7},{"damage":24,"enemies":"Slavers","floor":28,"turns":6},{"damage":7,"enemies":"Book of Stabbing","floor":30,"turns":6},{"damage":0,"enemies":"Snecko","floor":31,"turns":7},{"damage":0,"enemies":"Collector","floor":33,"turns":10},{"damage":0,"enemies":"3 Shapes","floor":35,"turns":5},{"damage":5,"enemies":"3 Darklings","floor":37,"turns":4},{"damage":53,"enemies":"4 Shapes","floor":38,"turns":6},{"damage":0,"enemies":"Spire Growth","floor":39,"turns":6},{"damage":13,"enemies":"Transient","floor":46,"turns":5},{"damage":0,"enemies":"Sphere and 2 Shapes","floor":47,"turns":5},{"damage":13,"enemies":"4 Shapes","floor":48,"turns":5},{"damage":3,"enemies":"Time Eater","floor":50,"turns":12},{"damage":9,"enemies":"Shield and Spear","floor":54,"turns":9},{"damage":36,"enemies":"The Heart","floor":55,"turns":11}],"seed_played":"8524466118305807331","potions_obtained":[{"floor":2,"key":"Energy Potion"},{"floor":7,"key":"Swift Potion"},{"floor":16,"key":"Explosive Potion"},{"floor":20,"key":"Energy Potion"},{"floor":23,"key":"Dexterity Potion"},{"floor":28,"key":"Swift Potion"},{"floor":30,"key":"Energy Potion"},{"floor":33,"key":"Energy Potion"},{"floor":38,"key":"Ancient Potion"},{"floor":47,"key":"SkillPotion"},{"floor":54,"key":"FearPotion"}],"is_trial":false,"path_per_floor":["M","M","?","$","?","R","E","$","T","M","M","R","?","M","R","B",null,"M","M","M","?","?","E","?","E","T","$","E","R","E","M","R","B",null,"M","$","M","M","M","R","R","?","T","$","?","M","M","M","R","B",null,"R","$","E","B",null],"character_chosen":"DEFECT","items_purchased":["Lee\u0027s Waffle","Capacitor","Defragment","Defragment","Dexterity Potion"],"campfire_rested":0,"item_purchase_floors":[27,27,36,44,53],"current_hp_per_floor":[53,53,53,53,53,53,40,40,40,36,36,36,29,19,19,19,75,67,67,52,38,64,58,58,13,13,87,63,63,56,56,56,56,87,87,87,82,29,29,29,29,76,76,76,76,65,67,56,56,53,82,82,82,75,39],"gold":39,"neow_bonus":"REMOVE_TWO","is_prod":false,"is_daily":false,"chose_seed":false,"campfire_upgraded":8,"win_rate":0,"timestamp":1550004543,"path_taken":["M","M","?","$","?","R","E","$","T","M","M","R","?","M","R","BOSS","M","M","M","?","?","E","?","E","T","$","E","R","E","M","R","BOSS","M","$","M","M","M","R","R","?","T","$","?","M","M","M","R","BOSS","R","$","E","BOSS"],"build_version":"2019-01-23","purchased_purges":2,"victory":true,"max_hp_per_floor":[75,75,75,75,75,75,75,75,75,75,75,75,75,75,75,75,75,75,75,75,80,80,80,80,80,80,87,87,87,87,87,87,87,87,87,87,87,87,87,87,87,76,76,76,76,78,80,82,82,82,82,82,82,84,84],"card_choices":[{"not_picked":["Gash","Steam"],"picked":"Coolheaded","floor":1},{"not_picked":["Auto Shields","Rip and Tear"],"picked":"Hello World","floor":2},{"not_picked":["Cold Snap","Turbo"],"picked":"Defragment","floor":7},{"not_picked":["Blizzard","Go for the Eyes"],"picked":"Coolheaded","floor":10},{"not_picked":["Melter","Rebound","Recycle"],"picked":"SKIP","floor":11},{"not_picked":["Turbo","Steam"],"picked":"Seek","floor":14},{"not_picked":["Core Surge","Reboot"],"picked":"Machine Learning","floor":16},{"not_picked":["Rip and Tear+1","Reprogram+1"],"picked":"Blizzard+1","floor":18},{"not_picked":["White Noise","Hologram","Leap"],"picked":"SKIP","floor":19},{"not_picked":["Chaos+1","Rip and Tear+1","Stack+1"],"picked":"SKIP","floor":20},{"not_picked":["Streamline","Darkness+1","Redo+1"],"picked":"SKIP","floor":23},{"not_picked":["Hologram","Hyperbeam","Sweeping Beam"],"picked":"SKIP","floor":25},{"not_picked":["Thunder Strike","Lockon","Barrage+1"],"picked":"SKIP","floor":28},{"not_picked":["Rebound+1","Undo+1"],"picked":"Glacier","floor":30},{"not_picked":["White Noise","Beam Cell+1"],"picked":"Redo","floor":31},{"not_picked":["Hologram+1","Stack+1","Storm+1"],"picked":"SKIP","floor":35},{"not_picked":["Rebound","Go for the Eyes+1","Gash+1"],"picked":"SKIP","floor":37},{"not_picked":["Stack","Scrape+1","Doom and Gloom+1"],"picked":"SKIP","floor":38},{"not_picked":["Gash+1","Consume","Beam Cell"],"picked":"SKIP","floor":39},{"not_picked":["Storm","Thunder Strike","Cold Snap"],"picked":"Singing Bowl","floor":46},{"not_picked":["Ball Lightning","Steam","FTL+1"],"picked":"Singing Bowl","floor":47},{"not_picked":["Barrage+1","Fusion","Sweeping Beam+1"],"picked":"Singing Bowl","floor":48},{"not_picked":["Turbo","Double Energy+1","Reprogram"],"picked":"Singing Bowl","floor":54}],"player_experience":180543,"relics_obtained":[{"floor":7,"key":"Art of War"},{"floor":23,"key":"WingedGreaves"},{"floor":25,"key":"Potion Belt"},{"floor":26,"key":"Matryoshka"},{"floor":28,"key":"Bronze Scales"},{"floor":30,"key":"Du-Vu Doll"},{"floor":43,"key":"Singing Bowl"},{"floor":43,"key":"DataDisk"},{"floor":54,"key":"Whetstone"}],"event_choices":[{"cards_removed":["Strike_B"],"damage_healed":0,"gold_gain":0,"player_choice":"Card Removal","damage_taken":0,"max_hp_gain":0,"max_hp_loss":0,"event_name":"The Cleric","floor":3,"gold_loss":50},{"damage_healed":0,"gold_gain":0,"player_choice":"Ignored","damage_taken":0,"max_hp_gain":0,"max_hp_loss":0,"event_name":"Liars Game","floor":5,"gold_loss":0},{"cards_removed":["Defend_B"],"damage_healed":0,"gold_gain":0,"player_choice":"Card Removal","damage_taken":7,"max_hp_gain":0,"max_hp_loss":0,"event_name":"Golden Wing","floor":13,"gold_loss":0},{"damage_healed":0,"gold_gain":0,"player_choice":"Shed Blood","damage_taken":19,"max_hp_gain":5,"max_hp_loss":0,"event_name":"Forgotten Altar","floor":21,"gold_loss":0},{"damage_healed":26,"gold_gain":0,"player_choice":"Heal","damage_taken":0,"max_hp_gain":0,"max_hp_loss":0,"event_name":"The Library","floor":22,"gold_loss":0},{"damage_healed":0,"gold_gain":0,"player_choice":"Ignored","damage_taken":0,"max_hp_gain":0,"max_hp_loss":0,"event_name":"Vampires","floor":24,"gold_loss":0},{"damage_healed":76,"gold_gain":0,"player_choice":"Heal","damage_taken":0,"max_hp_gain":0,"max_hp_loss":11,"event_name":"The Moai Head","floor":42,"gold_loss":0},{"cards_removed":["Strike_B"],"damage_healed":0,"gold_gain":0,"player_choice":"Removed Attack","damage_taken":0,"max_hp_gain":0,"max_hp_loss":0,"event_name":"Falling","floor":45,"gold_loss":0}],"is_beta":false,"boss_relics":[{"not_picked":["Tiny House","Runic Pyramid"],"picked":"FrozenCore"},{"not_picked":["Calling Bell","Fusion Hammer"],"picked":"Philosopher\u0027s Stone"}],"items_purged_floors":[4,36],"is_endless":false,"potions_floor_spawned":[2,7,16,20,23,28,30,33,38,47,54],"ascension_level":1}