{"gold_per_floor":[116,116,132,148,148,173,173,186,238,238,9,9,23,42,42,42],"floor_reached":16,"playtime":547,"items_purged":[],"score":102,"play_id":"a1067fad-f2cc-48df-beb8-da91057aeb0f","local_time":"20190124170957","is_ascension_mode":false,"campfire_choices":[{"floor":7,"key":"REST"},{"floor":10,"key":"REST"},{"floor":15,"key":"REST"}],"neow_cost":"NONE","seed_source_timestamp":679421379820173,"circlet_count":0,"master_deck":["Strike_B","Strike_B","Strike_B","Strike_B","Defend_B","Defend_B","Defend_B","Defend_B","Zap","Dualcast","Storm","Steam Power","Chaos","FTL","Beam Cell","Strike_B","BootSequence","Turbo"],"relics":["Cracked Core","NeowsBlessing","Gremlin Horn","Potion Belt","HandDrill"],"potions_floor_usage":[6,16],"damage_taken":[{"damage":0,"enemies":"Small Slimes","floor":1,"turns":1},{"damage":0,"enemies":"Jaw Worm","floor":3,"turns":1},{"damage":0,"enemies":"Cultist","floor":4,"turns":1},{"damage":35,"enemies":"3 Sentries","floor":6,"turns":14},{"damage":16,"enemies":"Red Slaver","floor":8,"turns":5},{"damage":2,"enemies":"2 Fungi Beasts","floor":13,"turns":4},{"damage":10,"enemies":"Large Slime","floor":14,"turns":6},{"damage":54,"enemies":"Slime Boss","floor":16,"turns":9}],"seed_played":"3922858970503044202","potions_obtained":[{"floor":3,"key":"EssenceOfSteel"},{"floor":6,"key":"LiquidBronze"}],"is_trial":false,"path_per_floor":["M","?","M","M","?","E","R","M","T","R","$","?","M","M","R","B"],"character_chosen":"DEFECT","items_purchased":["HandDrill","Beam Cell"],"campfire_rested":3,"item_purchase_floors":[11,11],"current_hp_per_floor":[75,75,75,75,50,15,37,21,21,43,43,43,41,31,53,0],"gold":42,"neow_bonus":"THREE_ENEMY_KILL","is_prod":false,"is_daily":false,"chose_seed":false,"campfire_upgraded":0,"win_rate":0,"timestamp":1548367797,"path_taken":["M","?","M","M","?","E","R","M","T","R","$","?","?","M","R","BOSS"],"build_version":"2019-01-23","purchased_purges":0,"victory":false,"max_hp_per_floor":[75,75,75,75,75,75,75,75,75,75,75,75,75,75,75,75],"card_choices":[{"not_picked":["Beam Cell","Gash"],"picked":"Storm","floor":1},{"not_picked":["Recycle","Storm"],"picked":"Steam Power","floor":3},{"not_picked":["Sweeping Beam","Steam Power"],"picked":"Chaos","floor":4},{"not_picked":["Coolheaded","Streamline"],"picked":"Defragment","floor":6},{"not_picked":["Barrage","Gash"],"picked":"FTL","floor":8},{"not_picked":["Aggregate","Stack"],"picked":"BootSequence","floor":13},{"not_picked":["Barrage","Rip and Tear"],"picked":"Turbo","floor":14}],"player_experience":215412,"relics_obtained":[{"floor":6,"key":"Potion Belt"}],"event_choices":[{"damage_healed":0,"gold_gain":0,"player_choice":"Ignored","damage_taken":0,"max_hp_gain":0,"max_hp_loss":0,"event_name":"Golden Wing","floor":2,"gold_loss":0},{"damage_healed":0,"gold_gain":0,"player_choice":"Success","damage_taken":25,"relics_obtained":["Gremlin Horn"],"max_hp_gain":0,"max_hp_loss":0,"event_name":"Scrap Ooze","floor":5,"gold_loss":0},{"cards_removed":["Defragment"],"damage_healed":0,"gold_gain":0,"player_choice":"Took Card","damage_taken":0,"max_hp_gain":0,"max_hp_loss":0,"event_name":"NoteForYourself","floor":12,"gold_loss":0,"cards_obtained":["Strike_B"]}],"is_beta":false,"boss_relics":[],"items_purged_floors":[],"is_endless":false,"potions_floor_spawned":[3,6],"killed_by":"Slime Boss","ascension_level":0}