{"gold_per_floor":[114,134,148,148,148,148,181,181,181,196,214,214,248,248,248,344,344,361,361,361,156,156,156,169,199,275,139,139,151,33,33,33,132,132,145,158,213,149,149,183,183,215,239,239,339,353,353,353,353,448,448,466,476,476,476,551,584,634,634,687,687,687,479,479,479,479,608,608],"floor_reached":68,"playtime":3009,"items_purged":["Shame","Strike_B","Strike_B","Sickly"],"score":1426,"play_id":"640742f4-faf8-432e-a38f-724d07470c57","local_time":"20190223173258","is_ascension_mode":false,"campfire_choices":[{"data":"Defragment","floor":8.0,"key":"SMITH"},{"floor":15.0,"key":"REST"},{"data":"Hologram","floor":23.0,"key":"SMITH"},{"data":"Hologram","floor":28.0,"key":"SMITH"},{"data":"White Noise","floor":32.0,"key":"SMITH"},{"data":"hubris:PowerSurge","floor":41.0,"key":"SMITH"},{"data":"White Noise","floor":44.0,"key":"SMITH"},{"data":"Zap","floor":49.0,"key":"SMITH"},{"data":"hubris:PowerSurge","floor":59.0,"key":"SMITH"},{"data":"strawberrySpire:AnotherWinter","floor":62.0,"key":"SMITH"},{"data":"hubris:PowerSurge","floor":64.0,"key":"SMITH"},{"data":"Capacitor","floor":66.0,"key":"SMITH"}],"neow_cost":"NONE","seed_source_timestamp":0,"circlet_count":18,"master_deck":["Defend_B","Defend_B","Defend_B","Defend_B","Zap+1","Madness+1","White Noise+1","Defragment+1","Cold Snap","Clumsy","Hologram+1","Leap","Hologram+1","Madness+1","Madness","Electrodynamics","White Noise+1","Madness+1","Madness+1","Echo Form","Madness+1","Hologram+1","Madness+1","Hologram+1","Madness+1","Chill+1","Cold Snap+1","Thunder Strike","Madness","Madness","Madness","Echo Form","Hologram","Coolheaded","Capacitor+1","Defragment+1","Madness","Biased Cognition+1","Madness"],"special_seed":0,"relics":["Cracked Core","Circlet","Turnip","Juzu Bracelet","Kunai","PreservedInsect","Golden Idol"],"potions_floor_usage":[],"damage_taken":[{"damage":0.0,"enemies":"conspire:RoseBush","floor":1.0,"turns":2.0},{"damage":2.0,"enemies":"2 Louse","floor":2.0,"turns":3.0},{"damage":10.0,"enemies":"Small Slimes","floor":3.0,"turns":4.0},{"damage":22.0,"enemies":"strawberrySpire:EnergyPylons","floor":7.0,"turns":7.0},{"damage":4.0,"enemies":"2 Fungi Beasts","floor":10.0,"turns":4.0},{"damage":2.0,"enemies":"Looter","floor":11.0,"turns":4.0},{"damage":4.0,"enemies":"3 Sentries","floor":13.0,"turns":5.0},{"damage":4.0,"enemies":"Fading Forest","floor":16.0,"turns":11.0},{"damage":0.0,"enemies":"theJungle:GiantWrat","floor":18.0,"turns":5.0},{"damage":1.0,"enemies":"theJungle:MUSHROOMGANG","floor":24.0,"turns":1.0},{"damage":0.0,"enemies":"Nightmare","floor":25.0,"turns":7.0},{"damage":0.0,"enemies":"theJungle:Lyon","floor":29.0,"turns":3.0},{"damage":0.0,"enemies":"theJungle:QueenSpyder","floor":33.0,"turns":11.0},{"damage":0.0,"enemies":"3 Darklings","floor":35.0,"turns":2.0},{"damage":0.0,"enemies":"3 Shapes","floor":36.0,"turns":1.0},{"damage":2.0,"enemies":"2 Orb Walkers","floor":37.0,"turns":4.0},{"damage":0.0,"enemies":"Nightmare","floor":40.0,"turns":7.0},{"damage":0.0,"enemies":"R_Hoarder","floor":42.0,"turns":5.0},{"damage":0.0,"enemies":"infinitespire:Three Voidlings","floor":45.0,"turns":2.0},{"damage":0.0,"enemies":"Nightmare_Alpha","floor":45.0,"turns":7.0},{"damage":0.0,"enemies":"Spire Growth","floor":46.0,"turns":4.0},{"damage":0.0,"enemies":"Donu and Deca","floor":50.0,"turns":4.0},{"damage":0.0,"enemies":"conspire:RoseBush","floor":52.0,"turns":3.0},{"damage":0.0,"enemies":"Small Slimes","floor":53.0,"turns":2.0},{"damage":0.0,"enemies":"Lagavulin","floor":57.0,"turns":2.0},{"damage":0.0,"enemies":"The Guardian","floor":67.0,"turns":5.0}],"seed_played":"768778616197737046","potions_obtained":[{"floor":1.0,"key":"LifebloodPotion"},{"floor":3.0,"key":"Languid Potion"},{"floor":10.0,"key":"Dexterity Potion"},{"floor":13.0,"key":"Venom Potion"},{"floor":25.0,"key":"infinitespire:BlackPotion"},{"floor":40.0,"key":"infinitespire:BlackPotion"}],"is_trial":false,"path_per_floor":["M","M","M","?","?","R","E","R","T","M","M","?","E","?","R","B",null,"M","?","?","$","?","R","M","NM","T","$","R","M","$","?","R","B",null,"M","M","?","$","?","NM","R","E","T","R","?","M","?","?","R","B",null,"M","M","?","?","?","E","?","R","T","?","R","$","R","?","R","B",null],"character_chosen":"DEFECT","items_purchased":["Geode","hubris:PowerSurge","hubris:PowerSurge","Juzu Bracelet","Thunder Strike","Defragment+1"],"campfire_rested":1,"item_purchase_floors":[21,21,27,30,38,63],"current_hp_per_floor":[75,73,63,63,63,63,41,41,41,37,35,35,31,24,46,42,75,75,75,75,75,75,75,74,74,74,74,74,74,74,74,74,74,40,40,40,46,46,46,46,46,46,46,46,46,46,46,30,30,30,48,48,48,48,48,37,45,45,45,45,45,45,45,45,31,31,31,31],"gold":608,"neow_bonus":"ONE_RANDOM_RARE_CARD","is_prod":false,"is_daily":false,"chose_seed":false,"campfire_upgraded":11,"win_rate":0,"timestamp":1550903578,"path_taken":["M","M","M","?","?","R","E","R","T","M","M","?","E","?","R","BOSS","M","?","?","?","?","R","?","NM","T","$","R","M","$","?","R","BOSS","M","M","?","$","?","NM","R","E","T","R","?","M","?","?","R","BOSS","M","M","?","?","?","E","?","R","T","?","R","$","R","?","R","BOSS"],"build_version":"2019-01-23","purchased_purges":4,"victory":false,"max_hp_per_floor":[75,75,75,75,75,75,75,75,75,75,75,75,75,75,75,75,75,75,75,75,75,75,75,75,75,75,75,75,75,75,75,75,75,40,40,40,48,48,48,48,48,48,48,48,48,48,48,48,48,48,48,48,48,48,48,48,56,56,56,56,56,56,56,56,56,56,56,56],"card_choices":[{"not_picked":["strawberrySpire:Package","Leap"],"picked":"White Noise","floor":1.0},{"not_picked":["Ball Lightning","strawberrySpire:Adapter"],"picked":"Defragment","floor":2.0},{"not_picked":["strawberrySpire:Package","strawberrySpire:NeonFlight"],"picked":"Cold Snap","floor":3.0},{"not_picked":["Force Field","conspire:SharedLibrary"],"picked":"Hologram","floor":7.0},{"not_picked":["Compile Driver","Stack"],"picked":"Leap","floor":10.0},{"not_picked":["Genetic Algorithm","strawberrySpire:NeonFlight"],"picked":"Hologram","floor":11.0},{"not_picked":["Stack","Heatsinks"],"picked":"strawberrySpire:Ronchyble","floor":13.0},{"not_picked":["strawberrySpire:Ronchyble","Buffer"],"picked":"Electrodynamics","floor":16.0},{"not_picked":["ReplaySort","Stack"],"picked":"White Noise","floor":18.0},{"not_picked":["Coolheaded","Chill+1"],"picked":"strawberrySpire:NeonFlight+1","floor":24.0},{"not_picked":["Barrage","Genetic Algorithm"],"picked":"Hologram+1","floor":25.0},{"not_picked":["Leap+1","Consume"],"picked":"Hologram+1","floor":29.0},{"not_picked":["strawberrySpire:Refactor","Echo Form"],"picked":"strawberrySpire:AnotherWinter","floor":33.0},{"not_picked":["Hologram","strawberrySpire:NeonFlight+1"],"picked":"Cold Snap+1","floor":35.0},{"not_picked":["Barrage+1","strawberrySpire:NeonFlight"],"picked":"Chill+1","floor":36.0},{"not_picked":["strawberrySpire:BreederCore+1","ReplayTheSpireMod:Dual Polarity+1"],"picked":"Cold Snap+1","floor":37.0},{"not_picked":["Compile Driver+1","strawberrySpire:BlasterWyrm+1","conspire:SharedLibrary+1"],"picked":"SKIP","floor":40.0},{"not_picked":["Coolheaded+1","Machine Learning","Compile Driver"],"picked":"SKIP","floor":42.0},{"not_picked":["infinitespire:Gouge","infinitespire:NeuralNetwork"],"picked":"infinitespire:Menacing","floor":45.0},{"not_picked":["Ball Lightning","Loop+1","Doom and Gloom"],"picked":"SKIP","floor":46.0},{"not_picked":["strawberrySpire:AnotherWinter","Creative AI"],"picked":"Echo Form","floor":50.0},{"not_picked":["Hologram","Static Discharge","Conserve Battery"],"picked":"Hologram","floor":52.0},{"not_picked":["Compile Driver","Stack","Compile Driver"],"picked":"Coolheaded","floor":53.0},{"not_picked":["Conserve Battery","Leap","strawberrySpire:Package"],"picked":"Capacitor","floor":57.0},{"not_picked":["strawberrySpire:Gammacceleration","ReplayTheSpireMod:Fabricate Wheel","Echo Form"],"picked":"Biased Cognition","floor":67.0},{"not_picked":["ReplayTheSpireMod:Echoes of Time","infinitespire:Menacing"],"picked":"infinitespire:Gouge","floor":67.0}],"player_experience":387132,"relics_obtained":[{"floor":4.0,"key":"aspiration:AnachronicSnailShell"},{"floor":6.0,"key":"strawberrySpire:Stormfruit"},{"floor":7.0,"key":"Pet Ghost"},{"floor":9.0,"key":"Replay:Mystery Machine"},{"floor":13.0,"key":"infinitespire:Freezer"},{"floor":25.0,"key":"Turnip"},{"floor":26.0,"key":"Replay:WaspNest"},{"floor":37.0,"key":"hubris:Spice"},{"floor":40.0,"key":"Kunai"},{"floor":42.0,"key":"conspire:TopHat"},{"floor":43.0,"key":"PreservedInsect"},{"floor":45.0,"key":"strawberrySpire:BonfireDress"},{"floor":57.0,"key":"hubris:Spice"},{"floor":58.0,"key":"Ring of Greed"},{"floor":58.0,"key":"halation:IllGainedPizza"},{"floor":58.0,"key":"Golden Egg"},{"floor":60.0,"key":"aspiration:HummingbirdHeart"}],"event_choices":[{"cards_removed":["Strike_B"],"damage_healed":0.0,"max_hp_gain":0.0,"max_hp_loss":0.0,"gold_gain":0.0,"event_name":"Golden Wing","player_choice":"Card Removal","floor":14.0,"gold_loss":0.0,"damage_taken":7.0},{"damage_healed":0.0,"max_hp_gain":0.0,"max_hp_loss":0.0,"gold_gain":0.0,"event_name":"Match and Keep!","player_choice":"1 cards matched","floor":22.0,"gold_loss":0.0,"damage_taken":0.0,"cards_obtained":["Echo Form"]},{"damage_healed":0.0,"max_hp_gain":0.0,"max_hp_loss":0.0,"gold_gain":0.0,"event_name":"NoteForYourself","player_choice":"Ignored","floor":31.0,"gold_loss":0.0,"damage_taken":0.0},{"damage_healed":0.0,"max_hp_gain":0.0,"max_hp_loss":0.0,"gold_gain":0.0,"event_name":"Mysterious Sphere","player_choice":"Fight","floor":37.0,"gold_loss":0.0,"damage_taken":0.0},{"damage_healed":0.0,"max_hp_gain":0.0,"max_hp_loss":0.0,"gold_gain":0.0,"event_name":"Tomb of Lord Red Mask","player_choice":"Ignored","floor":39.0,"gold_loss":0.0,"damage_taken":0.0},{"damage_healed":0.0,"max_hp_gain":0.0,"max_hp_loss":0.0,"gold_gain":0.0,"event_name":"Tomb of Lord Red Mask","player_choice":"Ignored","floor":45.0,"gold_loss":0.0,"damage_taken":0.0},{"cards_removed":["Cold Snap"],"damage_healed":0.0,"max_hp_gain":0.0,"max_hp_loss":0.0,"gold_gain":0.0,"event_name":"Falling","player_choice":"Removed Attack","floor":47.0,"gold_loss":0.0,"damage_taken":0.0},{"cards_removed":["Strike_B"],"damage_healed":0.0,"max_hp_gain":0.0,"max_hp_loss":0.0,"gold_gain":0.0,"event_name":"Living Wall","player_choice":"Forget","floor":55.0,"gold_loss":0.0,"damage_taken":0.0},{"damage_healed":0.0,"max_hp_gain":0.0,"max_hp_loss":0.0,"gold_gain":75.0,"event_name":"World of Goop","player_choice":"Gather Gold","floor":56.0,"gold_loss":0.0,"damage_taken":11.0},{"damage_healed":0.0,"max_hp_gain":0.0,"max_hp_loss":0.0,"gold_gain":0.0,"event_name":"Golden Idol","player_choice":"Take Damage","floor":65.0,"gold_loss":0.0,"damage_taken":14.0,"relics_obtained":["Golden Idol"]}],"is_beta":false,"boss_relics":[{"not_picked":["aspiration:PoetsPen_weak","halation:PlatinumPhoenix"],"picked":"hubris:RunicObelisk"},{"not_picked":["Calling Bell","Ectoplasm"],"picked":"halation:Prosthetics"},{"not_picked":["Nuclear Battery","Cursed Key"],"picked":"Honey Jar"},{"not_picked":["Circlet","Cursed Key"],"picked":"Circlet"}],"items_purged_floors":[21,27,30,63],"is_endless":true,"potions_floor_spawned":[1,3,10,13,16,29,33,36,42,45,50],"ascension_level":0}