{"gold_per_floor":[209,227,227,237,237,237,265,265,313,313,340,340,340,376,376,376],"floor_reached":16,"playtime":737,"items_purged":[],"score":170,"play_id":"761bb544-c4f7-4bd5-bb88-6116bf05013b","local_time":"20190217162224","is_ascension_mode":true,"campfire_choices":[{"data":"Bash","floor":6,"key":"SMITH"},{"data":"Iron Wave","floor":10,"key":"SMITH"},{"data":"Shrug It Off","floor":12,"key":"SMITH"},{"floor":15,"key":"REST"}],"neow_cost":"NONE","seed_source_timestamp":248372099663600,"circlet_count":0,"master_deck":["AscendersBane","Strike_R","Strike_R","Strike_R","Strike_R","Strike_R","Defend_R","Defend_R","Defend_R+1","Bash+1","Headbutt","True Grit+1","Anger","Iron Wave+1","Shrug It Off+1"],"relics":["Burning Blood","Centennial Puzzle","Bronze Scales","Odd Mushroom","Golden Idol","Frozen Egg 2"],"potions_floor_usage":[11],"damage_taken":[{"damage":1,"enemies":"Cultist","floor":1,"turns":4},{"damage":7,"enemies":"Small Slimes","floor":2,"turns":3},{"damage":0,"enemies":"2 Louse","floor":4,"turns":2},{"damage":28,"enemies":"3 Sentries","floor":7,"turns":9},{"damage":9,"enemies":"The Mushroom Lair","floor":11,"turns":4},{"damage":5,"enemies":"Lagavulin","floor":14,"turns":6},{"damage":45,"enemies":"Slime Boss","floor":16,"turns":6}],"seed_played":"1145361613276579949","potions_obtained":[{"floor":1,"key":"Energy Potion"},{"floor":4,"key":"Swift Potion"},{"floor":14,"key":"GamblersBrew"}],"is_trial":false,"path_per_floor":["M","M","$","M","?","R","E","?","T","R","?","R","?","E","R","B"],"character_chosen":"IRONCLAD","items_purchased":[],"campfire_rested":1,"item_purchase_floors":[],"current_hp_per_floor":[77,76,76,80,64,64,42,42,42,42,39,39,19,20,44,0],"gold":376,"neow_bonus":"HUNDRED_GOLD","is_prod":false,"is_daily":false,"chose_seed":false,"campfire_upgraded":3,"win_rate":0,"timestamp":1550391744,"path_taken":["M","M","$","M","?","R","E","?","T","R","?","R","?","E","R","BOSS"],"build_version":"2019-01-23","purchased_purges":0,"victory":false,"max_hp_per_floor":[80,80,80,80,80,80,80,80,80,80,80,80,80,80,80,80],"card_choices":[{"not_picked":["Fire Breathing","Heavy Blade"],"picked":"Headbutt","floor":1},{"not_picked":["Anger","Sword Boomerang"],"picked":"True Grit","floor":2},{"not_picked":["Second Wind","Sword Boomerang"],"picked":"Anger","floor":4},{"not_picked":["Cleave","Flex"],"picked":"Iron Wave","floor":7},{"not_picked":["Dual Wield","Clash"],"picked":"Shrug It Off","floor":11},{"not_picked":["Sword Boomerang","Sever Soul","Power Through"],"picked":"SKIP","floor":14}],"player_experience":382015,"relics_obtained":[{"floor":7,"key":"Centennial Puzzle"},{"floor":9,"key":"Bronze Scales"},{"floor":11,"key":"Odd Mushroom"},{"floor":14,"key":"Frozen Egg 2"}],"event_choices":[{"damage_healed":0,"gold_gain":0,"player_choice":"Entered Light","damage_taken":16,"max_hp_gain":0,"max_hp_loss":0,"event_name":"Shining Light","floor":5,"gold_loss":0,"cards_upgraded":["True Grit","Defend_R"]},{"cards_removed":["Defend_R"],"damage_healed":0,"gold_gain":0,"player_choice":"Forget","damage_taken":0,"max_hp_gain":0,"max_hp_loss":0,"event_name":"Living Wall","floor":8,"gold_loss":0},{"damage_healed":0,"gold_gain":0,"player_choice":"Fought Mushrooms","damage_taken":0,"max_hp_gain":0,"max_hp_loss":0,"event_name":"Mushrooms","floor":11,"gold_loss":0},{"damage_healed":0,"gold_gain":0,"player_choice":"Take Damage","damage_taken":20,"relics_obtained":["Golden Idol"],"max_hp_gain":0,"max_hp_loss":0,"event_name":"Golden Idol","floor":13,"gold_loss":0}],"is_beta":false,"boss_relics":[],"items_purged_floors":[],"is_endless":false,"potions_floor_spawned":[1,4,14],"killed_by":"Slime Boss","ascension_level":12}