{"gold_per_floor":[114,34,34,34,9,9,55,55,55,75,106,106,126,160,160,234,234,254,103,123,140,140,174,174,99,99,99,22,22,122,122,122,122],"floor_reached":33,"playtime":711,"items_purged":["Strike_B"],"score":584,"play_id":"bcb0c68f-18c1-47c5-8dbe-9a5dd1d9b763","local_time":"20190223165017","is_ascension_mode":true,"campfire_choices":[{"data":"Defragment","floor":6,"key":"SMITH"},{"data":"Zap","floor":8,"key":"SMITH"},{"floor":15,"key":"REST"},{"floor":24,"key":"REST"},{"data":"Defragment","floor":27,"key":"SMITH"},{"floor":29,"key":"REST"},{"floor":32,"key":"REST"}],"neow_cost":"NONE","seed_source_timestamp":11337778134000,"circlet_count":0,"master_deck":["AscendersBane","Defend_B+1","Defend_B","Defend_B","Zap+1","Dualcast","Defragment+1","Consume+1","Leap+1","Gash","Electrodynamics","Tempest+1","Tempest+1","Biased Cognition+1","Genetic Algorithm+1","Defragment+1","Defragment+1","Conserve Battery+1","Self Repair+1","BootSequence+1"],"relics":["Cracked Core","NeowsBlessing","Symbiotic Virus","Omamori","Lantern","Toxic Egg 2","Pen Nib","Astrolabe","Meat on the Bone","Frozen Egg 2","War Paint","Calipers","Blue Candle"],"potions_floor_usage":[16,23,30,33],"damage_taken":[{"damage":0,"enemies":"Jaw Worm","floor":1,"turns":1},{"damage":0,"enemies":"Small Slimes","floor":10,"turns":1},{"damage":0,"enemies":"Gremlin Nob","floor":11,"turns":1},{"damage":6,"enemies":"Cultist","floor":13,"turns":3},{"damage":38,"enemies":"3 Sentries","floor":14,"turns":6},{"damage":33,"enemies":"Slime Boss","floor":16,"turns":5},{"damage":24,"enemies":"Shell Parasite","floor":18,"turns":3},{"damage":0,"enemies":"3 Byrds","floor":20,"turns":1},{"damage":9,"enemies":"Snecko","floor":21,"turns":3},{"damage":23,"enemies":"Book of Stabbing","floor":23,"turns":3},{"damage":22,"enemies":"Colosseum Slavers","floor":30,"turns":2},{"damage":16,"enemies":"Colosseum Nobs","floor":30,"turns":3},{"damage":81,"enemies":"Automaton","floor":33,"turns":8}],"seed_played":"6802895944133514303","potions_obtained":[{"floor":14,"key":"AttackPotion"},{"floor":16,"key":"Strength Potion"},{"floor":18,"key":"Fire Potion"},{"floor":21,"key":"Explosive Potion"},{"floor":30,"key":"GamblersBrew"}],"is_trial":false,"path_per_floor":["M","$","?","T","$","R","T","R","T","M","E","?","M","E","R","B",null,"M","$","M","M","T","E","R","?","T","R","$","R","?","?","R","B"],"character_chosen":"DEFECT","items_purchased":["Consume","Leap","Genetic Algorithm+1","Self Repair+1"],"campfire_rested":4,"item_purchase_floors":[2,5,19,28],"current_hp_per_floor":[64,64,64,64,64,64,64,64,64,64,64,69,63,25,47,14,61,37,37,37,28,28,17,39,39,39,39,39,61,55,55,76,0],"gold":122,"neow_bonus":"THREE_ENEMY_KILL","is_prod":false,"is_daily":false,"chose_seed":false,"campfire_upgraded":3,"win_rate":0,"timestamp":1550933417,"path_taken":["M","$","?","?","$","R","?","R","T","M","E","?","?","E","R","BOSS","M","$","M","M","?","E","R","?","T","R","$","R","?","?","R","BOSS"],"build_version":"2019-01-23","purchased_purges":1,"victory":false,"max_hp_per_floor":[71,71,71,71,71,71,71,71,71,71,71,76,76,76,76,76,76,76,76,76,76,76,76,76,76,76,76,76,76,76,76,76,76],"card_choices":[{"not_picked":["Cold Snap","Loop"],"picked":"Defragment","floor":1},{"not_picked":["Redo","Double Energy","Consume"],"picked":"SKIP","floor":10},{"not_picked":["Barrage","Hyperbeam","Gash"],"picked":"SKIP","floor":11},{"not_picked":["Barrage","Doom and Gloom","Scrape"],"picked":"SKIP","floor":13},{"not_picked":["Beam Cell","All For One"],"picked":"Gash","floor":14},{"not_picked":["Buffer","Multi-Cast+1"],"picked":"Electrodynamics","floor":16},{"not_picked":["Barrage","Beam Cell","Stack+1"],"picked":"SKIP","floor":18},{"not_picked":["Hologram+1","Cold Snap"],"picked":"Defragment","floor":20},{"not_picked":["Rebound","Beam Cell+1"],"picked":"Defragment+1","floor":21},{"not_picked":["Stack+1","Cold Snap"],"picked":"Conserve Battery+1","floor":23},{"not_picked":["Heatsinks+1","Sweeping Beam+1"],"picked":"BootSequence+1","floor":30}],"player_experience":916685,"relics_obtained":[{"floor":4,"key":"Symbiotic Virus"},{"floor":7,"key":"Omamori"},{"floor":9,"key":"Lantern"},{"floor":11,"key":"Toxic Egg 2"},{"floor":14,"key":"Pen Nib"},{"floor":22,"key":"Meat on the Bone"},{"floor":23,"key":"Frozen Egg 2"},{"floor":26,"key":"War Paint"},{"floor":30,"key":"Calipers"},{"floor":30,"key":"Blue Candle"}],"event_choices":[{"damage_healed":0,"gold_gain":0,"player_choice":"Grow","damage_taken":0,"max_hp_gain":0,"max_hp_loss":0,"event_name":"Living Wall","floor":3,"gold_loss":0,"cards_upgraded":["Consume"]},{"damage_healed":0,"gold_gain":0,"player_choice":"Donut","damage_taken":0,"max_hp_gain":5,"max_hp_loss":0,"event_name":"Big Fish","floor":12,"gold_loss":0},{"cards_removed":["Strike_B"],"damage_healed":0,"gold_gain":0,"player_choice":"Gave Gold","damage_taken":0,"max_hp_gain":0,"max_hp_loss":0,"event_name":"Beggar","floor":25,"gold_loss":75},{"damage_healed":0,"gold_gain":0,"player_choice":"Fight","damage_taken":0,"max_hp_gain":0,"max_hp_loss":0,"event_name":"Colosseum","floor":30,"gold_loss":0},{"damage_healed":0,"gold_gain":0,"player_choice":"Fought Nobs","damage_taken":0,"max_hp_gain":0,"max_hp_loss":0,"event_name":"Colosseum","floor":30,"gold_loss":0},{"damage_healed":0,"gold_gain":0,"player_choice":"Ignored","damage_taken":0,"max_hp_gain":0,"max_hp_loss":0,"event_name":"Vampires","floor":31,"gold_loss":0}],"is_beta":false,"boss_relics":[{"not_picked":["Lizard Tail","Pandora\u0027s Box"],"picked":"Astrolabe"}],"items_purged_floors":[19],"is_endless":false,"potions_floor_spawned":[14,16,18,21,30],"killed_by":"Automaton","ascension_level":20}