{"gold_per_floor":[112,112,127,141,30,30,60,73,73,73,39,39,39,56,56,153,153,167,185,185,185,185,214,214,228,253,253,270,102,0,15,15,110,110,129,139,239,239,239],"floor_reached":39,"playtime":2091,"items_purged":["Regret"],"score":389,"play_id":"8aec904a-6d50-492b-b27d-22722f8a15b4","local_time":"20190202023137","is_ascension_mode":false,"campfire_choices":[{"data":"Zap","floor":6,"key":"SMITH"},{"data":"Loop","floor":10,"key":"SMITH"},{"data":"Conserve Battery","floor":13,"key":"SMITH"},{"floor":15,"key":"RECALL"},{"floor":24,"key":"REST"},{"floor":27,"key":"REST"},{"floor":32,"key":"REST"}],"neow_cost":"NONE","seed_source_timestamp":1402804295474072,"circlet_count":0,"master_deck":["Strike_B","Strike_B","Strike_B","Defend_B","Defend_B","Defend_B","Zap+1","Dualcast","Coolheaded","Conserve Battery+1","Self Repair","Loop+1","Hello World","BootSequence","Core Surge","Melter","Lockon","Sunder","Steam Power","Glacier","Undo+1","Reinforced Body","Good Instincts","Electrodynamics","Coolheaded","Loop+1","Glacier+1"],"relics":["FrozenCore","Vajra","Gremlin Horn","Lizard Tail","Nilry\u0027s Codex","Peace Pipe","Lantern","Torii"],"potions_floor_usage":[18,23,28,31,37],"damage_taken":[{"damage":0,"enemies":"Small Slimes","floor":1,"turns":4},{"damage":2,"enemies":"2 Louse","floor":3,"turns":3},{"damage":3,"enemies":"Jaw Worm","floor":4,"turns":4},{"damage":0,"enemies":"3 Louse","floor":8,"turns":4},{"damage":2,"enemies":"Exordium Wildlife","floor":14,"turns":3},{"damage":42,"enemies":"Hexaghost","floor":16,"turns":11},{"damage":11,"enemies":"3 Byrds","floor":18,"turns":7},{"damage":2,"enemies":"Shell Parasite","floor":19,"turns":5},{"damage":40,"enemies":"Slavers","floor":23,"turns":7},{"damage":15,"enemies":"Shelled Parasite and Fungi","floor":25,"turns":5},{"damage":15,"enemies":"Snecko","floor":28,"turns":4},{"damage":3,"enemies":"Snake Plant","floor":31,"turns":7},{"damage":99,"enemies":"Champ","floor":33,"turns":17},{"damage":31,"enemies":"3 Darklings","floor":35,"turns":6},{"damage":32,"enemies":"Orb Walker","floor":36,"turns":7},{"damage":24,"enemies":"Mind Bloom Boss Battle","floor":37,"turns":12},{"damage":18,"enemies":"4 Shapes","floor":39,"turns":3}],"seed_played":"-3540042662822503507","potions_obtained":[{"floor":8,"key":"EssenceOfSteel"},{"floor":14,"key":"FearPotion"},{"floor":19,"key":"Dexterity Potion"},{"floor":23,"key":"AttackPotion"},{"floor":36,"key":"SkillPotion"}],"is_trial":false,"path_per_floor":["M","?","M","M","$","R","?","M","T","R","$","$","R","M","R","B",null,"M","M","?","?","?","E","R","M","T","R","M","$","?","M","R","B",null,"M","M","?","?","M"],"character_chosen":"DEFECT","items_purchased":["Loop","Hello World","Reinforced Body","Good Instincts"],"campfire_rested":3,"item_purchase_floors":[5,11,29,29],"current_hp_per_floor":[75,75,73,70,70,70,70,75,75,75,75,75,75,75,75,40,75,71,75,75,59,59,19,41,26,26,48,40,40,40,44,66,16,75,51,26,9,9,0],"gold":239,"neow_bonus":"RANDOM_COMMON_RELIC","is_prod":false,"is_daily":false,"chose_seed":false,"campfire_upgraded":3,"win_rate":0,"timestamp":1549092697,"path_taken":["M","?","M","M","$","R","?","M","T","R","?","$","R","M","R","BOSS","M","M","?","?","?","E","R","M","T","R","M","$","?","M","R","BOSS","M","M","?","?","M"],"build_version":"2019-01-23","purchased_purges":1,"victory":false,"max_hp_per_floor":[75,75,75,75,75,75,75,75,75,75,75,75,75,75,75,75,75,75,75,75,75,75,75,75,75,75,75,75,75,75,75,75,75,75,75,75,75,75,75],"card_choices":[{"not_picked":["Streamline","Ball Lightning"],"picked":"Coolheaded","floor":1},{"not_picked":["Coolheaded","Beam Cell"],"picked":"Conserve Battery","floor":3},{"not_picked":["Compile Driver","Gash"],"picked":"Self Repair","floor":4},{"not_picked":["Rip and Tear","Darkness","Rebound"],"picked":"SKIP","floor":8},{"not_picked":["Sweeping Beam","Rebound"],"picked":"BootSequence","floor":14},{"not_picked":["Machine Learning","Multi-Cast"],"picked":"Core Surge","floor":16},{"not_picked":["Beam Cell","Aggregate"],"picked":"Melter","floor":18},{"not_picked":["Turbo","Auto Shields"],"picked":"Lockon","floor":19},{"not_picked":["Beam Cell","Chaos"],"picked":"Glacier","floor":23},{"not_picked":["Genetic Algorithm","Leap","Compile Driver"],"picked":"SKIP","floor":25},{"not_picked":["Hologram","Doom and Gloom"],"picked":"Undo+1","floor":28},{"not_picked":["Genetic Algorithm","Meteor Strike","Beam Cell"],"picked":"SKIP","floor":31},{"not_picked":["Hyperbeam","Thunder Strike"],"picked":"Electrodynamics","floor":33},{"not_picked":["Rebound","Barrage"],"picked":"Coolheaded","floor":35},{"not_picked":["Steam+1","Redo+1"],"picked":"Loop+1","floor":36},{"not_picked":["Reprogram","Compile Driver"],"picked":"Glacier+1","floor":37}],"player_experience":325294,"relics_obtained":[{"floor":21,"key":"Nilry\u0027s Codex"},{"floor":23,"key":"Peace Pipe"},{"floor":26,"key":"Lantern"},{"floor":37,"key":"Torii"}],"event_choices":[{"damage_healed":0,"gold_gain":0,"player_choice":"Box","damage_taken":0,"relics_obtained":["Gremlin Horn"],"max_hp_gain":0,"max_hp_loss":0,"event_name":"Big Fish","floor":2,"gold_loss":0,"cards_obtained":["Regret"]},{"damage_healed":0,"gold_gain":30,"player_choice":"Searched \u00271\u0027 times","damage_taken":0,"max_hp_gain":0,"max_hp_loss":0,"event_name":"Dead Adventurer","floor":7,"gold_loss":0},{"damage_healed":0,"gold_gain":0,"player_choice":"Read","damage_taken":0,"max_hp_gain":0,"max_hp_loss":0,"event_name":"The Library","floor":20,"gold_loss":0,"cards_obtained":["FTL"]},{"damage_healed":0,"gold_gain":0,"player_choice":"Obtained Book","damage_taken":16,"max_hp_gain":0,"max_hp_loss":0,"event_name":"Cursed Tome","floor":21,"gold_loss":0},{"damage_healed":0,"gold_gain":0,"cards_transformed":["Defend_B","Strike_B"],"player_choice":"Became Test Subject","damage_taken":0,"max_hp_gain":0,"max_hp_loss":0,"event_name":"Drug Dealer","floor":22,"gold_loss":0,"cards_obtained":["Sunder","Steam Power"]},{"damage_healed":0,"gold_gain":0,"player_choice":"Paid Fearfully","damage_taken":0,"max_hp_gain":0,"max_hp_loss":0,"event_name":"Masked Bandits","floor":30,"gold_loss":102},{"damage_healed":0,"gold_gain":0,"player_choice":"Fight","damage_taken":0,"max_hp_gain":0,"max_hp_loss":0,"event_name":"MindBloom","floor":37,"gold_loss":0},{"cards_removed":["FTL"],"damage_healed":0,"gold_gain":0,"player_choice":"Removed Attack","damage_taken":0,"max_hp_gain":0,"max_hp_loss":0,"event_name":"Falling","floor":38,"gold_loss":0}],"is_beta":false,"boss_relics":[{"not_picked":["Runic Dome","Cursed Key"],"picked":"Lizard Tail"},{"not_picked":["Astrolabe","White Beast Statue"],"picked":"FrozenCore"}],"items_purged_floors":[5],"is_endless":false,"potions_floor_spawned":[8,14,19,23,36],"killed_by":"4 Shapes","ascension_level":0}