{"gold_per_floor":[110,35,47,47,47,80,96,115,115,115,131,159,159,186,186,257,257,274,286,302,217,217,217,247,247,247,247],"floor_reached":27,"playtime":997,"items_purged":["Strike_B"],"score":552,"play_id":"906ec52e-1759-4f46-b595-78f948cd49c6","local_time":"20190223222949","is_ascension_mode":true,"campfire_choices":[{"data":"Defragment","floor":10,"key":"SMITH"},{"data":"Zap","floor":13,"key":"SMITH"},{"data":"Dualcast","floor":15,"key":"SMITH"},{"floor":23,"key":"REST"},{"floor":25,"key":"REST"}],"neow_cost":"NONE","seed_source_timestamp":31423548512400,"circlet_count":0,"master_deck":["AscendersBane","Strike_B","Strike_B","Strike_B","Defend_B","Defend_B","Defend_B","Defend_B","Zap+1","Dualcast+1","Ball Lightning","Glacier","Defragment+1","Echo Form","Reinforced Body+1","White Noise+1","Biased Cognition","Turbo+1","Cold Snap","Recycle+1","Seek+1"],"relics":["Cracked Core","NeowsBlessing","Letter Opener","Gremlin Horn","Toxic Egg 2","Juzu Bracelet","Snecko Eye","Ornamental Fan","Boot","Emotion Chip"],"potions_floor_usage":[14,16,19,20,27],"damage_taken":[{"damage":0,"enemies":"Cultist","floor":1,"turns":1},{"damage":0,"enemies":"2 Louse","floor":3,"turns":1},{"damage":0,"enemies":"Lagavulin","floor":6,"turns":1},{"damage":1,"enemies":"Jaw Worm","floor":7,"turns":3},{"damage":5,"enemies":"Exordium Wildlife","floor":8,"turns":7},{"damage":0,"enemies":"Looter","floor":11,"turns":3},{"damage":11,"enemies":"Gremlin Nob","floor":12,"turns":3},{"damage":1,"enemies":"Lagavulin","floor":14,"turns":6},{"damage":1,"enemies":"Slime Boss","floor":16,"turns":9},{"damage":25,"enemies":"2 Thieves","floor":18,"turns":4},{"damage":17,"enemies":"Shell Parasite","floor":19,"turns":5},{"damage":12,"enemies":"Centurion and Healer","floor":20,"turns":7},{"damage":3,"enemies":"Gremlin Leader","floor":24,"turns":9},{"damage":66,"enemies":"Cultist and Chosen","floor":27,"turns":4}],"seed_played":"4522264187705662649","potions_obtained":[{"floor":11,"key":"Swift Potion"},{"floor":14,"key":"GamblersBrew"},{"floor":16,"key":"SkillPotion"},{"floor":18,"key":"Block Potion"},{"floor":20,"key":"Block Potion"}],"is_trial":false,"path_per_floor":["M","$","M","?","$","E","M","M","T","R","M","E","R","E","R","B",null,"M","M","M","?","T","R","E","R","T","M"],"character_chosen":"DEFECT","items_purchased":[],"campfire_rested":2,"item_purchase_floors":[],"current_hp_per_floor":[64,64,64,64,64,64,63,58,58,58,58,47,47,46,46,45,65,40,23,11,11,11,32,29,50,50,0],"gold":247,"neow_bonus":"THREE_ENEMY_KILL","is_prod":false,"is_daily":false,"chose_seed":false,"campfire_upgraded":3,"win_rate":0,"timestamp":1550953789,"path_taken":["M","?","?","?","$","E","M","M","T","R","M","E","R","E","R","BOSS","M","M","M","?","?","R","E","R","T","M"],"build_version":"2019-01-23","purchased_purges":1,"victory":false,"max_hp_per_floor":[71,71,71,71,71,71,71,71,71,71,71,71,71,71,71,71,71,71,71,71,71,71,71,71,71,71,71],"card_choices":[{"not_picked":["Gash","Stack"],"picked":"Ball Lightning","floor":1},{"not_picked":["Rebound","Streamline","Gash"],"picked":"SKIP","floor":3},{"not_picked":["Barrage","FTL"],"picked":"Glacier","floor":6},{"not_picked":["Leap","Hologram"],"picked":"Defragment","floor":7},{"not_picked":["Gash","Recycle","Darkness"],"picked":"SKIP","floor":8},{"not_picked":["Scrape","Stack"],"picked":"Echo Form","floor":11},{"not_picked":["Loop","Sunder"],"picked":"Reinforced Body","floor":12},{"not_picked":["Melter","Stack+1"],"picked":"White Noise+1","floor":14},{"not_picked":["Echo Form","Rainbow+1"],"picked":"Biased Cognition","floor":16},{"not_picked":["Lockon","Compile Driver"],"picked":"Turbo+1","floor":18},{"not_picked":["Turbo+1","Genetic Algorithm+1"],"picked":"Cold Snap","floor":19},{"not_picked":["Go for the Eyes","Beam Cell"],"picked":"Recycle+1","floor":20},{"not_picked":["Redo+1","Ball Lightning"],"picked":"Seek+1","floor":24}],"player_experience":932103,"relics_obtained":[{"floor":6,"key":"Letter Opener"},{"floor":9,"key":"Gremlin Horn"},{"floor":12,"key":"Toxic Egg 2"},{"floor":14,"key":"Juzu Bracelet"},{"floor":22,"key":"Boot"},{"floor":26,"key":"Emotion Chip"}],"event_choices":[{"damage_healed":0,"gold_gain":0,"player_choice":"Leave","damage_taken":0,"max_hp_gain":0,"max_hp_loss":0,"event_name":"The Cleric","floor":4,"gold_loss":0},{"damage_healed":0,"gold_gain":0,"player_choice":"Obtained Relic","damage_taken":0,"relics_obtained":["Ornamental Fan"],"max_hp_gain":0,"max_hp_loss":0,"event_name":"Addict","floor":21,"gold_loss":85}],"is_beta":false,"boss_relics":[{"not_picked":["Eternal Feather","Lizard Tail"],"picked":"Snecko Eye"}],"items_purged_floors":[2],"is_endless":false,"potions_floor_spawned":[11,14,16,18,20],"killed_by":"Cultist and Chosen","ascension_level":20}