{"gold_per_floor":[111,111,125,143,143,143,187,187,235,268,293,258,298,376,376,495,495,469,394,394,394,211,211,252,252,252,265,300,320,334,141,141,141],"floor_reached":33,"playtime":2103,"items_purged":["Strike_R","Strike_R","Strike_R"],"score":482,"play_id":"f5d0b3ab-2241-499f-af78-ff57697988cc","local_time":"20190207161838","is_ascension_mode":true,"campfire_choices":[{"data":"Bash","floor":6,"key":"SMITH"},{"data":"Armaments","floor":8,"key":"SMITH"},{"floor":15,"key":"REST"},{"data":"Blind","floor":23,"key":"SMITH"},{"floor":25,"key":"REST"},{"floor":32,"key":"REST"}],"neow_cost":"NONE","seed_source_timestamp":705172027962100,"circlet_count":0,"master_deck":["AscendersBane","Strike_R","Defend_R","Defend_R","Defend_R","Defend_R","Bash+1","Shrug It Off","Reckless Charge","Armaments+1","Rampage","Shrug It Off","Spot Weakness","Feed","Blind+1","Headbutt","Shockwave","Impervious","Whirlwind+1"],"relics":["Black Blood","Golden Idol","Bronze Scales","Regal Pillow","Self Forming Clay","Charon\u0027s Ashes","Gremlin Horn","Bottled Flame","Molten Egg 2","Frozen Egg 2"],"potions_floor_usage":[7,24,24,30,30],"damage_taken":[{"damage":15,"enemies":"Small Slimes","floor":1,"turns":4},{"damage":1,"enemies":"2 Louse","floor":3,"turns":3},{"damage":4,"enemies":"Jaw Worm","floor":4,"turns":4},{"damage":29,"enemies":"Gremlin Nob","floor":7,"turns":4},{"damage":20,"enemies":"Lagavulin","floor":10,"turns":8},{"damage":1,"enemies":"Looter","floor":11,"turns":3},{"damage":26,"enemies":"Gremlin Nob","floor":13,"turns":4},{"damage":56,"enemies":"The Guardian","floor":16,"turns":9},{"damage":23,"enemies":"2 Thieves","floor":18,"turns":5},{"damage":41,"enemies":"Gremlin Leader","floor":24,"turns":9},{"damage":13,"enemies":"Spheric Guardian","floor":27,"turns":5},{"damage":50,"enemies":"Slavers","floor":28,"turns":7},{"damage":7,"enemies":"Snecko","floor":29,"turns":6},{"damage":15,"enemies":"Sentry and Sphere","floor":30,"turns":6},{"damage":82,"enemies":"Collector","floor":33,"turns":9}],"seed_played":"-3352596602696163562","potions_obtained":[{"floor":3,"key":"AttackPotion"},{"floor":7,"key":"Ancient Potion"},{"floor":10,"key":"FearPotion"},{"floor":13,"key":"LiquidBronze"},{"floor":24,"key":"Swift Potion"},{"floor":28,"key":"SteroidPotion"}],"is_trial":false,"path_per_floor":["M","?","M","M","?","R","E","R","T","E","M","?","E","T","R","B",null,"M","$","?","?","$","R","E","R","T","M","E","M","M","$","R","B"],"character_chosen":"IRONCLAD","items_purchased":["Blind","Whirlwind+1"],"campfire_rested":3,"item_purchase_floors":[22,31],"current_hp_per_floor":[71,71,76,78,56,56,33,33,33,19,24,46,26,26,67,17,70,57,57,57,57,57,57,26,67,67,67,30,33,28,28,71,0],"gold":141,"neow_bonus":"TEN_PERCENT_HP_BONUS","is_prod":false,"is_daily":false,"chose_seed":false,"campfire_upgraded":3,"win_rate":0,"timestamp":1549527518,"path_taken":["M","?","M","M","?","R","E","R","T","E","M","?","E","?","R","BOSS","M","$","?","?","?","R","E","R","T","M","E","M","M","$","R","BOSS"],"build_version":"2019-01-23","purchased_purges":3,"victory":false,"max_hp_per_floor":[88,88,88,88,88,88,88,88,88,88,88,88,88,88,88,88,88,88,88,88,88,88,88,88,88,88,91,94,94,94,94,94,94],"card_choices":[{"not_picked":["Hemokinesis","Clash"],"picked":"Shrug It Off","floor":1},{"not_picked":["Clash","Dropkick"],"picked":"Reckless Charge","floor":3},{"not_picked":["Sever Soul","Heavy Blade"],"picked":"Armaments","floor":4},{"not_picked":["Warcry","Wild Strike"],"picked":"Rampage","floor":7},{"not_picked":["Hemokinesis","Flex","Power Through"],"picked":"SKIP","floor":10},{"not_picked":["Heavy Blade","Dropkick"],"picked":"Shrug It Off","floor":11},{"not_picked":["Flame Barrier","Brutality"],"picked":"Spot Weakness","floor":13},{"not_picked":["Double Tap","Berserk"],"picked":"Feed","floor":16},{"not_picked":["Havoc","Warcry","Thunderclap"],"picked":"SKIP","floor":18},{"not_picked":["Armaments","Shrug It Off"],"picked":"Headbutt","floor":24},{"not_picked":["Flex+1","Body Slam+1"],"picked":"Shockwave","floor":27},{"not_picked":["Uppercut+1","Demon Form"],"picked":"Impervious","floor":28},{"not_picked":["Power Through","Havoc","Perfected Strike+1"],"picked":"SKIP","floor":29},{"not_picked":["Perfected Strike+1","Seeing Red","Infernal Blade"],"picked":"SKIP","floor":30}],"player_experience":343848,"relics_obtained":[{"floor":7,"key":"Bronze Scales"},{"floor":9,"key":"Regal Pillow"},{"floor":10,"key":"Self Forming Clay"},{"floor":13,"key":"Charon\u0027s Ashes"},{"floor":14,"key":"Gremlin Horn"},{"floor":24,"key":"Bottled Flame"},{"floor":26,"key":"Molten Egg 2"},{"floor":28,"key":"Frozen Egg 2"}],"event_choices":[{"damage_healed":0,"gold_gain":0,"player_choice":"Ignored","damage_taken":0,"max_hp_gain":0,"max_hp_loss":0,"event_name":"Liars Game","floor":2,"gold_loss":0},{"damage_healed":0,"gold_gain":0,"player_choice":"Take Damage","damage_taken":22,"relics_obtained":["Golden Idol"],"max_hp_gain":0,"max_hp_loss":0,"event_name":"Golden Idol","floor":5,"gold_loss":0},{"damage_healed":22,"gold_gain":0,"player_choice":"Healed","damage_taken":0,"max_hp_gain":0,"max_hp_loss":0,"event_name":"The Cleric","floor":12,"gold_loss":35},{"damage_healed":0,"gold_gain":0,"player_choice":"Ignored","damage_taken":0,"max_hp_gain":0,"max_hp_loss":0,"event_name":"The Mausoleum","floor":20,"gold_loss":0},{"cards_removed":["Strike_R"],"damage_healed":0,"gold_gain":0,"player_choice":"Elegance","damage_taken":0,"max_hp_gain":0,"max_hp_loss":0,"event_name":"Back to Basics","floor":21,"gold_loss":0}],"is_beta":false,"boss_relics":[{"not_picked":["Cursed Key","Runic Dome"],"picked":"Black Blood"}],"items_purged_floors":[19,22,31],"is_endless":false,"potions_floor_spawned":[3,7,10,13,16,24,28,29],"killed_by":"Collector","ascension_level":12}