{"gold_per_floor":[117,42,42,42,61,61,74,108,120,132,163,190,218,263,275,382,394,424,436],"floor_reached":19,"playtime":1028,"items_purged":[],"score":304,"play_id":"02aeb922-5fa4-49ee-a663-9110ef73f5cd","local_time":"20190121225124","is_ascension_mode":true,"campfire_choices":[{"data":"Zap","floor":6.0,"key":"SMITH"},{"data":"Electrodynamics","floor":10.0,"key":"SMITH"},{"floor":15.0,"key":"REST"}],"neow_cost":"TEN_PERCENT_HP_LOSS","seed_source_timestamp":0,"circlet_count":0,"master_deck":["AscendersBane","Strike_B","Defend_B","Defend_B","Defend_B","Defend_B","Zap+1","Dualcast","Storm","Double Energy","Injury","Electrodynamics+1","Loop","Conserve Battery","Tempest","Machine Learning"],"special_seed":0,"relics":["Cracked Core","Golden Idol","MawBank","Bottled Tornado","Odd Mushroom","Nuclear Battery"],"potions_floor_usage":[],"damage_taken":[{"damage":4.0,"enemies":"Small Slimes","floor":1.0,"turns":3.0},{"damage":1.0,"enemies":"Jaw Worm","floor":5.0,"turns":4.0},{"damage":0.0,"enemies":"2 Louse","floor":7.0,"turns":2.0},{"damage":25.0,"enemies":"Lagavulin","floor":8.0,"turns":7.0},{"damage":0.0,"enemies":"Exordium Thugs","floor":11.0,"turns":4.0},{"damage":4.0,"enemies":"Red Slaver","floor":12.0,"turns":3.0},{"damage":6.0,"enemies":"Blue Slaver","floor":13.0,"turns":4.0},{"damage":4.0,"enemies":"The Mushroom Lair","floor":14.0,"turns":2.0},{"damage":2.0,"enemies":"Slime Boss","floor":16.0,"turns":6.0},{"damage":17.0,"enemies":"2 Thieves","floor":18.0,"turns":2.0},{"damage":44,"enemies":"Shell Parasite","floor":19,"turns":6}],"seed_played":"-4464302237102345534","potions_obtained":[{"floor":1.0,"key":"Poison Potion"},{"floor":5.0,"key":"AttackPotion"},{"floor":12.0,"key":"SkillPotion"},{"floor":14.0,"key":"Explosive Potion"}],"is_trial":false,"path_per_floor":["M","?","?","$","M","R","M","E","T","R","M","M","M","?","R","B",null,"M","M"],"character_chosen":"DEFECT","items_purchased":[],"campfire_rested":1,"item_purchase_floors":[],"current_hp_per_floor":[60,60,60,60,59,59,59,34,34,34,34,30,24,20,39,37,57,40,0],"gold":436,"neow_bonus":"TRANSFORM_TWO_CARDS","is_prod":false,"is_daily":false,"chose_seed":false,"campfire_upgraded":2,"win_rate":0,"timestamp":1548107484,"path_taken":["M","?","?","?","M","R","M","E","T","R","M","M","M","?","R","BOSS","M","M"],"build_version":"2019-01-17v2","purchased_purges":0,"victory":false,"max_hp_per_floor":[64,64,64,64,64,64,64,64,64,64,64,64,64,64,64,64,64,64,64],"card_choices":[{"not_picked":["Compile Driver","Sweeping Beam","Stack"],"picked":"SKIP","floor":1.0},{"not_picked":["Consume","Scrape","Barrage"],"picked":"SKIP","floor":5.0},{"not_picked":["Genetic Algorithm","Self Repair"],"picked":"Electrodynamics","floor":7.0},{"not_picked":["Streamline","Compile Driver","Redo"],"picked":"SKIP","floor":8.0},{"not_picked":["Turbo","Reprogram"],"picked":"Loop","floor":11.0},{"not_picked":["Gash","Turbo","Go for the Eyes"],"picked":"SKIP","floor":12.0},{"not_picked":["Turbo","Gash"],"picked":"Conserve Battery","floor":13.0},{"not_picked":["Genetic Algorithm","Rainbow"],"picked":"Tempest","floor":14.0},{"not_picked":["Seek","Hyperbeam"],"picked":"Machine Learning","floor":16.0},{"not_picked":["Melter","Blizzard","Stack"],"picked":"SKIP","floor":18.0}],"player_experience":717306,"relics_obtained":[{"floor":8.0,"key":"MawBank"},{"floor":9.0,"key":"Bottled Tornado"},{"floor":14.0,"key":"Odd Mushroom"}],"event_choices":[{"cards_removed":["Strike_B"],"damage_healed":0.0,"max_hp_gain":0.0,"max_hp_loss":0.0,"gold_gain":0.0,"event_name":"The Cleric","player_choice":"Card Removal","floor":2.0,"gold_loss":75.0,"damage_taken":0.0},{"damage_healed":0.0,"max_hp_gain":0.0,"max_hp_loss":0.0,"gold_gain":0.0,"event_name":"Golden Idol","player_choice":"Take Wound","floor":3.0,"gold_loss":0.0,"damage_taken":0.0,"relics_obtained":["Golden Idol"],"cards_obtained":["Injury"]},{"damage_healed":0.0,"max_hp_gain":0.0,"max_hp_loss":0.0,"gold_gain":0.0,"event_name":"Mushrooms","player_choice":"Fought Mushrooms","floor":14.0,"gold_loss":0.0,"damage_taken":0.0}],"is_beta":false,"boss_relics":[{"not_picked":["Busted Crown","Inserter"],"picked":"Nuclear Battery"}],"items_purged_floors":[],"is_endless":false,"potions_floor_spawned":[1,5,12,14],"killed_by":"Shell Parasite","ascension_level":16}