{"gold_per_floor":[118,118,134,9,19,19,79,94,120,149,149,99,119,194,194,291,291,306,306,60,77,95,123,140,168,216,247,247,263,263,273,273,373,373,386,386,386,401,411,443,443,474,474,500,500,533,533,553,553,553],"floor_reached":51,"playtime":4538,"items_purged":["Strike_B"],"score":1312,"play_id":"365c68f8-9ab5-4816-9538-584ef6d7c946","local_time":"20180815203546","is_ascension_mode":true,"campfire_choices":[{"data":"Buffer","floor":6.0,"key":"SMITH"},{"data":"Storm","floor":11.0,"key":"SMITH"},{"data":"Defragment","floor":15.0,"key":"SMITH"},{"floor":30,"key":"REST"},{"data":"Heatsinks","floor":32,"key":"SMITH"},{"data":"White Noise","floor":41,"key":"SMITH"},{"data":"Thunder Strike","floor":47,"key":"SMITH"},{"data":"Creative AI","floor":49,"key":"SMITH"}],"neow_cost":"NONE","seed_source_timestamp":0,"circlet_count":0,"master_deck":["Defend_B","Defend_B","Defend_B","Zap+1","Dualcast+1","Melter","White Noise+1","Buffer+1","Genetic Algorithm","Conserve Battery","Storm+1","Defragment+1","Auto Shields","Self Repair","Creative AI+1","Heatsinks+1","White Noise+1","Reinforced Body+1","Conserve Battery+1","Conserve Battery+1","Defragment+1","Thunder Strike+1","Turbo+1","Loop","Amplify+1","Deep Breath+1","Secret Technique+1","Tempest+1"],"special_seed":0,"relics":["Cracked Core","Bag of Preparation","War Paint","Question Card","Runic Dome","Toxic Egg 2","Bottled Tornado","Orichalcum","Potion Belt","Red Mask","Inserter","Thread and Needle","Regal Pillow","Kunai","Bag of Marbles","Symbiotic Virus"],"potions_floor_usage":[22,25,27,27,33,50,50,50],"damage_taken":[{"damage":3.0,"enemies":"2 Louse","floor":1.0,"turns":2.0},{"damage":9.0,"enemies":"Cultist","floor":3.0,"turns":4.0},{"damage":1.0,"enemies":"Jaw Worm","floor":5.0,"turns":5.0},{"damage":0.0,"enemies":"Lagavulin Event","floor":7.0,"turns":5.0},{"damage":11.0,"enemies":"3 Louse","floor":8.0,"turns":4.0},{"damage":6.0,"enemies":"3 Sentries","floor":10.0,"turns":8.0},{"damage":0.0,"enemies":"Large Slime","floor":13.0,"turns":5.0},{"damage":0.0,"enemies":"Slime Boss","floor":16.0,"turns":5.0},{"damage":0,"enemies":"Chosen","floor":18,"turns":4},{"damage":1,"enemies":"Shell Parasite","floor":21,"turns":4},{"damage":9,"enemies":"Cultist and Chosen","floor":22,"turns":5},{"damage":32,"enemies":"Gremlin Leader","floor":23,"turns":6},{"damage":0,"enemies":"Snecko","floor":24,"turns":3},{"damage":27,"enemies":"Slavers","floor":25,"turns":4},{"damage":34,"floor":27,"turns":5},{"damage":0,"enemies":"3 Cultists","floor":29,"turns":4},{"damage":0,"enemies":"Snake Plant","floor":31,"turns":2},{"damage":0,"enemies":"Automaton","floor":33,"turns":6},{"damage":0,"enemies":"Flame Bruiser 1 Orb","floor":35,"turns":4},{"damage":0,"enemies":"3 Shapes","floor":38,"turns":4},{"damage":8,"enemies":"Sphere and 2 Shapes","floor":39,"turns":4},{"damage":43,"enemies":"Nemesis","floor":40,"turns":7},{"damage":0,"enemies":"Giant Head","floor":42,"turns":6},{"damage":1,"enemies":"2 Orb Walkers","floor":44,"turns":4},{"damage":0,"enemies":"Giant Head","floor":46,"turns":3},{"damage":0,"enemies":"Transient","floor":48,"turns":5},{"damage":14,"enemies":"Time Eater","floor":50,"turns":4}],"seed_played":"3028222659538052612","potions_obtained":[{"floor":3.0,"key":"Fire Potion"},{"floor":8.0,"key":"EssenceOfSteel"},{"floor":13.0,"key":"Weak Potion"},{"floor":16.0,"key":"Dexterity Potion"},{"floor":18,"key":"Weak Potion"},{"floor":23,"key":"Explosive Potion"},{"floor":27,"key":"FearPotion"},{"floor":31,"key":"Energy Potion"},{"floor":33,"key":"Strength Potion"},{"floor":42,"key":"SkillPotion"},{"floor":48,"key":"Swift Potion"}],"is_trial":false,"path_per_floor":["M","?","M","$","M","R","?","M","T","E","R","?","M","?","R","B",null,"M","?","$","M","M","E","M","E","T","?","?","M","R","M","R","B",null,"M","?","?","M","M","E","R","E","T","E","?","E","R","M","R","B"],"character_chosen":"DEFECT","items_purchased":["Conserve Battery","Toxic Egg 2"],"campfire_rested":1,"item_purchase_floors":[4,20],"current_hp_per_floor":[65,65,56,56,62,62,69,58,58,52,52,52,52,41,41,48,68,75,75,75,75,73,55,55,35,35,8,8,15,37,37,37,44,67,75,75,75,75,74,38,38,45,45,58,53,67,67,75,75,68],"gold":553,"neow_bonus":"TRANSFORM_CARD","is_prod":false,"is_daily":false,"chose_seed":false,"campfire_upgraded":7,"win_rate":0,"timestamp":1534358146,"path_taken":["M","?","M","?","M","R","?","M","T","E","R","?","M","?","R","BOSS","M","?","?","?","M","E","M","E","T","?","?","M","R","M","R","BOSS","M","?","?","M","?","E","R","E","T","E","?","E","R","M","R","BOSS"],"build_version":"2018-08-09","purchased_purges":1,"victory":true,"max_hp_per_floor":[75,75,75,75,75,75,75,75,75,75,75,75,75,75,75,75,75,75,75,75,75,75,75,75,75,75,75,75,75,75,75,75,75,75,75,75,75,75,75,75,75,75,75,75,75,75,75,75,75,75],"card_choices":[{"not_picked":["Hologram","Loop"],"picked":"White Noise","floor":1.0},{"not_picked":["Ball Lightning","Sweeping Beam"],"picked":"Genetic Algorithm","floor":3.0},{"not_picked":["Skim","Steam"],"picked":"Storm","floor":5.0},{"not_picked":["Conserve Battery","Compile Driver"],"picked":"Defragment","floor":7.0},{"not_picked":["Hologram","Coolheaded"],"picked":"Auto Shields","floor":8.0},{"not_picked":["Meteor Strike","Go for the Eyes","Hologram"],"picked":"SKIP","floor":10.0},{"not_picked":["Heatsinks","Hologram","Streamline"],"picked":"Self Repair","floor":13.0},{"not_picked":["Buffer","Thunder Strike","Seek"],"picked":"Creative AI","floor":16.0},{"not_picked":["Go for the Eyes","Barrage","Compile Driver","Turbo"],"picked":"SKIP","floor":18},{"not_picked":["Conserve Battery+1","Coolheaded+1","Gash"],"picked":"White Noise+1","floor":21},{"not_picked":["Coolheaded+1","Streamline","Aggregate+1"],"picked":"Reinforced Body+1","floor":22},{"not_picked":["Melter","Rebound","All For One","Stack+1"],"picked":"SKIP","floor":23},{"not_picked":["Ball Lightning","FTL","Genetic Algorithm+1","Rebound"],"picked":"SKIP","floor":24},{"not_picked":["Loop","Streamline","Steam+1"],"picked":"Conserve Battery+1","floor":25},{"not_picked":["Stack+1","Melter","Redo+1"],"picked":"Conserve Battery+1","floor":27},{"not_picked":["Streamline+1","Rebound","Sweeping Beam"],"picked":"Defragment+1","floor":29},{"not_picked":["Consume+1","Hologram+1","Go for the Eyes","Stack+1"],"picked":"SKIP","floor":31},{"not_picked":["Biased Cognition","Fission+1","Meteor Strike"],"picked":"Thunder Strike","floor":33},{"not_picked":["Stack+1","Sweeping Beam","Hologram+1","Steam+1"],"picked":"SKIP","floor":35},{"not_picked":["Stack+1","Sweeping Beam","Hologram+1","Steam+1"],"picked":"SKIP","floor":35},{"not_picked":["Doom and Gloom","Redo+1","Lockon+1"],"picked":"Turbo+1","floor":38},{"not_picked":["Rebound+1","Fusion+1","Capacitor"],"picked":"Loop","floor":39},{"not_picked":["Go for the Eyes+1","Barrage","Hologram+1","Rebound"],"picked":"SKIP","floor":40},{"not_picked":["Cold Snap","Rainbow+1","Go for the Eyes+1","Steam+1"],"picked":"SKIP","floor":42},{"not_picked":["Rebound+1","Chill+1","Storm+1"],"picked":"Amplify+1","floor":44},{"not_picked":["Trip+1","Enlightenment+1","Panacea+1"],"picked":"Deep Breath+1","floor":45},{"not_picked":["Madness+1","Flash of Steel","Blind+1"],"picked":"Secret Technique+1","floor":45},{"not_picked":["Glacier+1","Consume+1","Gash+1"],"picked":"Tempest+1","floor":46},{"not_picked":["Sweeping Beam","Rip and Tear+1","Blizzard+1","Stack+1"],"picked":"SKIP","floor":48}],"player_experience":301204,"relics_obtained":[{"floor":7.0,"key":"Bag of Preparation"},{"floor":9.0,"key":"War Paint"},{"floor":10.0,"key":"Question Card"},{"floor":23,"key":"Bottled Tornado"},{"floor":25,"key":"Orichalcum"},{"floor":26,"key":"Potion Belt"},{"floor":27,"key":"Red Mask"},{"floor":40,"key":"Thread and Needle"},{"floor":42,"key":"Regal Pillow"},{"floor":43,"key":"Kunai"},{"floor":44,"key":"Bag of Marbles"},{"floor":46,"key":"Symbiotic Virus"}],"event_choices":[{"event_name":"Living Wall","player_choice":"Change","floor":2.0,"damage_taken":0.0},{"event_name":"Dead Adventurer","player_choice":"Searched \u00271\u0027 times","floor":7.0,"damage_taken":0.0},{"event_name":"The Cleric","player_choice":"Card Removal","floor":12.0,"damage_taken":0.0},{"event_name":"World of Goop","player_choice":"Gather Gold","floor":14.0,"damage_taken":0.0},{"event_name":"The Library","player_choice":"Read","floor":19,"damage_taken":0},{"event_name":"Masked Bandits","player_choice":"Fought Bandits","floor":27,"damage_taken":0},{"event_name":"Cursed Tome","player_choice":"Ignored","floor":28,"damage_taken":0},{"event_name":"Tomb of Lord Red Mask","player_choice":"Ignored","floor":36,"damage_taken":0},{"event_name":"Falling","player_choice":"Removed Skill","floor":37,"damage_taken":0},{"event_name":"SensoryStone","player_choice":"Memory 2","floor":45,"damage_taken":0}],"is_beta":false,"boss_relics":[{"not_picked":["Tiny House","Ectoplasm"],"picked":"Runic Dome"},{"not_picked":["Orrery","Velvet Choker"],"picked":"Inserter"}],"items_purged_floors":[4],"is_endless":false,"potions_floor_spawned":[3,8,13,16,18,23,27,31,33,42,48],"ascension_level":9}