{"gold_per_floor":[117,117,117,128,142,142,177,249,275,307,307,341,353,425,437,449],"floor_reached":16,"playtime":777,"items_purged":[],"score":214,"play_id":"45c699cc-9c08-497a-9d07-b9c50258bd2a","local_time":"20190222195537","is_ascension_mode":true,"campfire_choices":[{"data":"Bash","floor":6,"key":"SMITH"},{"data":"Flame Barrier","floor":11,"key":"SMITH"},{"data":"Spot Weakness","floor":15,"key":"SMITH"}],"neow_cost":"NONE","seed_source_timestamp":841251106814465,"circlet_count":0,"master_deck":["AscendersBane","Strike_R+1","Strike_R","Strike_R","Strike_R","Strike_R","Defend_R","Defend_R","Defend_R","Defend_R","Bash+1","Entrench+1","Pommel Strike","Armaments","Flame Barrier+1","Impervious","Spot Weakness+1","Seeing Red"],"relics":["Burning Blood","Anchor","Centennial Puzzle","Bag of Marbles","MawBank","Tiny Chest"],"potions_floor_usage":[7,10,10,14],"damage_taken":[{"damage":0,"enemies":"Small Slimes","floor":1,"turns":3},{"damage":1,"enemies":"Cultist","floor":4,"turns":4},{"damage":1,"enemies":"2 Louse","floor":5,"turns":2},{"damage":30,"enemies":"3 Sentries","floor":7,"turns":9},{"damage":12,"enemies":"Gremlin Nob","floor":10,"turns":3},{"damage":17,"enemies":"Lagavulin","floor":12,"turns":8},{"damage":8,"enemies":"Gremlin Nob","floor":14,"turns":4},{"damage":32,"enemies":"Slime Boss","floor":16,"turns":9}],"seed_played":"-5440142499484107300","potions_obtained":[{"floor":4,"key":"Fire Potion"},{"floor":5,"key":"SteroidPotion"},{"floor":7,"key":"Weak Potion"},{"floor":12,"key":"GamblersBrew"}],"is_trial":false,"path_per_floor":["M","?","?","M","M","R","E","?","T","E","R","E","$","E","R","B"],"character_chosen":"IRONCLAD","items_purchased":[],"campfire_rested":0,"item_purchase_floors":[],"current_hp_per_floor":[81,65,65,70,75,75,51,51,51,45,45,34,34,32,32,0],"gold":449,"neow_bonus":"TEN_PERCENT_HP_BONUS","is_prod":false,"is_daily":false,"chose_seed":false,"campfire_upgraded":3,"win_rate":0,"timestamp":1550894137,"path_taken":["M","?","?","M","M","R","E","?","T","E","R","E","$","E","R","BOSS"],"build_version":"2019-01-23","purchased_purges":0,"victory":false,"max_hp_per_floor":[82,82,82,82,82,82,82,82,82,82,82,82,82,82,82,82],"card_choices":[{"not_picked":["Flex","Thunderclap"],"picked":"Entrench","floor":1},{"not_picked":["Headbutt","Perfected Strike"],"picked":"Pommel Strike","floor":4},{"not_picked":["Clash","Bloodletting"],"picked":"Armaments","floor":5},{"not_picked":["Entrench","Fire Breathing"],"picked":"Flame Barrier","floor":7},{"not_picked":["Armaments","Corruption"],"picked":"Impervious","floor":10},{"not_picked":["Armaments","Flex"],"picked":"Spot Weakness","floor":12},{"not_picked":["Searing Blow","Iron Wave"],"picked":"Seeing Red","floor":14}],"player_experience":676078,"relics_obtained":[{"floor":7,"key":"Anchor"},{"floor":9,"key":"Centennial Puzzle"},{"floor":10,"key":"Bag of Marbles"},{"floor":12,"key":"MawBank"},{"floor":14,"key":"Tiny Chest"}],"event_choices":[{"damage_healed":0,"gold_gain":0,"player_choice":"Entered Light","damage_taken":16,"max_hp_gain":0,"max_hp_loss":0,"event_name":"Shining Light","floor":2,"gold_loss":0,"cards_upgraded":["Strike_R","Entrench"]},{"damage_healed":0,"gold_gain":0,"player_choice":"Ignored","damage_taken":0,"max_hp_gain":0,"max_hp_loss":0,"event_name":"Liars Game","floor":3,"gold_loss":0},{"damage_healed":0,"gold_gain":72,"player_choice":"Gained Gold","damage_taken":0,"max_hp_gain":0,"max_hp_loss":0,"event_name":"Golden Wing","floor":8,"gold_loss":0}],"is_beta":false,"boss_relics":[],"items_purged_floors":[],"is_endless":false,"potions_floor_spawned":[4,5,7,12],"killed_by":"Slime Boss","ascension_level":14}