{"gold_per_floor":[109,119,137,14,26,38,50,83,83,83,107,122,149,149,149,246,246,262,162,162,37,51,51,79,96,144,144,162,173,193,213,213,312,362,376,226,226,239,249,282,300,300],"floor_reached":42,"playtime":1588,"items_purged":["Clumsy","Strike_R","Strike_R","Defend_R"],"score":466,"play_id":"c663baf2-9231-4e17-bd4b-10677ae2c977","local_time":"20190127205511","is_ascension_mode":false,"campfire_choices":[{"data":"Thunderclap","floor":10.0,"key":"SMITH"},{"data":"Dropkick","floor":15.0,"key":"SMITH"},{"data":"Flex","floor":23.0,"key":"SMITH"},{"data":"Dropkick","floor":32.0,"key":"SMITH"}],"neow_cost":"CURSE","seed_source_timestamp":607906781007940,"circlet_count":0,"master_deck":["Strike_R+1","Defend_R","Defend_R","Defend_R","Bash","Reaper","Flex+1","Thunderclap+1","Cleave","Flex","Pummel","Dropkick+1","Dropkick+1","Thunderclap"],"special_seed":0,"relics":["Burning Blood","Bottled Lightning","Pantograph","Odd Mushroom","PreservedInsect","Empty Cage","Self Forming Clay","Pen Nib","Tiny House","Darkstone Periapt"],"potions_floor_usage":[33,33,33,33,40],"damage_taken":[{"damage":12.0,"enemies":"2 Louse","floor":1.0,"turns":3.0},{"damage":1.0,"enemies":"Cultist","floor":2.0,"turns":3.0},{"damage":8.0,"enemies":"Jaw Worm","floor":3.0,"turns":4.0},{"damage":8.0,"enemies":"Lots of Slimes","floor":5.0,"turns":2.0},{"damage":6.0,"enemies":"3 Louse","floor":6.0,"turns":2.0},{"damage":14.0,"enemies":"Blue Slaver","floor":7.0,"turns":4.0},{"damage":18.0,"enemies":"Gremlin Nob","floor":8.0,"turns":4.0},{"damage":17.0,"enemies":"The Mushroom Lair","floor":11.0,"turns":3.0},{"damage":10.0,"enemies":"Looter","floor":12.0,"turns":2.0},{"damage":36.0,"enemies":"3 Sentries","floor":13.0,"turns":4.0},{"damage":59.0,"enemies":"Hexaghost","floor":16.0,"turns":8.0},{"damage":10.0,"enemies":"3 Byrds","floor":18.0,"turns":4.0},{"damage":20.0,"enemies":"2 Thieves","floor":22.0,"turns":3.0},{"damage":22.0,"enemies":"Gremlin Leader","floor":24.0,"turns":4.0},{"damage":15.0,"enemies":"Centurion and Healer","floor":25.0,"turns":5.0},{"damage":19.0,"enemies":"Cultist and Chosen","floor":28.0,"turns":5.0},{"damage":21.0,"enemies":"Chosen and Byrds","floor":29.0,"turns":5.0},{"damage":25.0,"enemies":"Snecko","floor":30.0,"turns":6.0},{"damage":30.0,"enemies":"Snake Plant","floor":31.0,"turns":4.0},{"damage":70,"enemies":"Automaton","floor":33,"turns":8},{"damage":25,"enemies":"Orb Walker","floor":35,"turns":3},{"damage":9,"enemies":"3 Shapes","floor":38,"turns":2},{"damage":43,"enemies":"Sphere and 2 Shapes","floor":39,"turns":4},{"damage":9,"enemies":"Reptomancer","floor":40,"turns":3},{"damage":45,"enemies":"4 Shapes","floor":41,"turns":4},{"damage":58,"enemies":"Spire Growth","floor":42,"turns":3}],"seed_played":"5410708409715337816","potions_obtained":[{"floor":2.0,"key":"EntropicBrew"},{"floor":6.0,"key":"Explosive Potion"},{"floor":7.0,"key":"Ancient Potion"},{"floor":11.0,"key":"EssenceOfSteel"},{"floor":14.0,"key":"SteroidPotion"},{"floor":24.0,"key":"Strength Potion"},{"floor":29.0,"key":"Swift Potion"},{"floor":33,"key":"GamblersBrew"},{"floor":34,"key":"LiquidBronze"},{"floor":39,"key":"Block Potion"},{"floor":41,"key":"Swift Potion"}],"is_trial":false,"path_per_floor":["M","M","M","$","M","M","M","E","T","R","?","M","E","?","R","B",null,"M","$","?","$","M","R","E","M","T","?","M","M","M","M","R","B",null,"M","$","?","M","M","E","M","M"],"character_chosen":"IRONCLAD","items_purchased":["Flex"],"campfire_rested":0,"item_purchase_floors":[4],"current_hp_per_floor":[80,80,80,80,78,78,70,64,64,64,53,49,37,37,37,21,80,76,76,61,61,53,53,46,49,49,49,52,46,33,12,12,22,90,77,77,77,82,57,75,48,0],"gold":300,"neow_bonus":"THREE_RARE_CARDS","is_prod":false,"is_daily":false,"chose_seed":false,"campfire_upgraded":4,"win_rate":0,"timestamp":1548644111,"path_taken":["M","M","M","$","M","M","M","E","T","R","?","M","E","?","R","BOSS","M","$","?","$","M","R","E","M","T","?","M","M","M","?","R","BOSS","M","$","?","M","M","E","M","M"],"build_version":"2019-01-23","purchased_purges":4,"victory":false,"max_hp_per_floor":[80,80,80,80,80,80,80,80,80,80,80,80,80,80,80,80,80,80,80,85,85,85,85,85,85,85,85,85,85,85,85,85,85,90,90,90,85,85,85,85,85,85],"card_choices":[{"not_picked":["Limit Break","Offering"],"picked":"Reaper","floor":0.0},{"not_picked":["Pummel","Corruption"],"picked":"Flex","floor":1.0},{"not_picked":["Burning Pact","Clothesline"],"picked":"Thunderclap","floor":2.0},{"not_picked":["Wild Strike","Barricade"],"picked":"Cleave","floor":3.0},{"not_picked":["Dual Wield","Intimidate"],"picked":"Pummel","floor":5.0},{"not_picked":["Perfected Strike","Heavy Blade"],"picked":"Dropkick","floor":6.0},{"not_picked":["Clothesline","Juggernaut"],"picked":"Dropkick","floor":7.0},{"not_picked":["Offering","Whirlwind","Clash"],"picked":"SKIP","floor":8.0},{"not_picked":["Offering","Whirlwind","Clash"],"picked":"SKIP","floor":8.0},{"not_picked":["Offering","Whirlwind","Clash"],"picked":"SKIP","floor":8.0},{"not_picked":["Pummel","Combust"],"picked":"Thunderclap","floor":12.0},{"not_picked":["Flame Barrier","Pommel Strike","Flex"],"picked":"SKIP","floor":13.0},{"not_picked":["Hemokinesis+1","Twin Strike+1","Flame Barrier"],"picked":"SKIP","floor":18.0},{"not_picked":["Heavy Blade","Intimidate","Second Wind"],"picked":"SKIP","floor":22.0},{"not_picked":["Armaments","Thunderclap+1","Shrug It Off"],"picked":"SKIP","floor":24.0},{"not_picked":["True Grit+1","Iron Wave","Perfected Strike"],"picked":"SKIP","floor":25.0},{"not_picked":["Cleave","Anger","Sword Boomerang"],"picked":"SKIP","floor":28.0},{"not_picked":["Clash","Hemokinesis","Evolve"],"picked":"SKIP","floor":29.0},{"not_picked":["Pommel Strike+1","Headbutt","Armaments"],"picked":"SKIP","floor":30.0},{"not_picked":["True Grit","Feel No Pain","Entrench+1"],"picked":"SKIP","floor":31.0},{"not_picked":["Havoc+1","True Grit+1","Armaments+1"],"picked":"SKIP","floor":35},{"not_picked":["Thunderclap+1","Cleave","Havoc+1"],"picked":"SKIP","floor":38},{"not_picked":["Iron Wave+1","Cleave+1","Wild Strike+1"],"picked":"SKIP","floor":39},{"not_picked":["Bludgeon","Anger+1","Metallicize"],"picked":"SKIP","floor":40},{"not_picked":["Pommel Strike","Uppercut","True Grit"],"picked":"SKIP","floor":41}],"player_experience":140531,"relics_obtained":[{"floor":8.0,"key":"Bottled Lightning"},{"floor":9.0,"key":"Pantograph"},{"floor":11.0,"key":"Odd Mushroom"},{"floor":13.0,"key":"PreservedInsect"},{"floor":24.0,"key":"Self Forming Clay"},{"floor":26.0,"key":"Pen Nib"},{"floor":40,"key":"Darkstone Periapt"}],"event_choices":[{"damage_healed":0.0,"max_hp_gain":0.0,"max_hp_loss":0.0,"gold_gain":0.0,"event_name":"Mushrooms","player_choice":"Fought Mushrooms","floor":11.0,"gold_loss":0.0,"damage_taken":0.0},{"damage_healed":0.0,"max_hp_gain":0.0,"max_hp_loss":0.0,"gold_gain":0.0,"event_name":"Lab","player_choice":"Got Potions","floor":14.0,"gold_loss":0.0,"damage_taken":0.0},{"damage_healed":0.0,"max_hp_gain":5.0,"max_hp_loss":0.0,"gold_gain":0.0,"event_name":"Forgotten Altar","player_choice":"Shed Blood","floor":20.0,"gold_loss":0.0,"damage_taken":20.0},{"damage_healed":0.0,"max_hp_gain":0.0,"max_hp_loss":0.0,"gold_gain":0.0,"event_name":"The Woman in Blue","player_choice":"Bought 0 Potions","floor":27.0,"gold_loss":0.0,"damage_taken":0.0},{"damage_healed":0,"gold_gain":0,"player_choice":"Max HP","damage_taken":0,"max_hp_gain":0,"max_hp_loss":5,"event_name":"Winding Halls","floor":37,"gold_loss":0}],"is_beta":false,"boss_relics":[{"not_picked":["Calling Bell","Pandora\u0027s Box"],"picked":"Empty Cage"},{"not_picked":["Astrolabe","Velvet Choker"],"picked":"Tiny House"}],"items_purged_floors":[4,19,21,36],"is_endless":false,"potions_floor_spawned":[2,6,7,11,24,25,29,33,39,41],"killed_by":"Spire Growth","ascension_level":0}