{"gold_per_floor":[116,116,116,131,149,193,193,258,558,558,200,223,223,244,244,337,337,356,356,370,383,383],"floor_reached":22,"playtime":1508,"items_purged":["Strike_B"],"score":348,"play_id":"e6b8253b-b16c-4b86-a54e-a23a6c1a30b2","local_time":"20190222214245","is_ascension_mode":true,"campfire_choices":[{"data":"Strike_B","floor":10.0,"key":"PURGE"},{"data":"Streamline","floor":13,"key":"SMITH"},{"data":"Zap","floor":15,"key":"SMITH"}],"neow_cost":"PERCENT_DAMAGE","seed_source_timestamp":0,"circlet_count":0,"master_deck":["AscendersBane","Strike_B","Strike_B","Defend_B","Defend_B","Defend_B","Defend_B","Zap+1","Dualcast","Purity","Jack Of All Trades","Auto Shields","Impatience","Secret Technique","Streamline+1","Seek"],"special_seed":0,"relics":["Cracked Core","Golden Idol","Peace Pipe","Old Coin","Busted Crown"],"potions_floor_usage":[16,20,21,22,22],"damage_taken":[{"damage":0.0,"enemies":"2 Louse","floor":1.0,"turns":2.0},{"damage":0.0,"enemies":"Cultist","floor":4.0,"turns":4.0},{"damage":9.0,"enemies":"Jaw Worm","floor":5.0,"turns":3.0},{"damage":37.0,"enemies":"Gremlin Nob","floor":6.0,"turns":5.0},{"damage":1.0,"enemies":"3 Louse","floor":8.0,"turns":3.0},{"damage":11.0,"enemies":"Lots of Slimes","floor":12.0,"turns":5.0},{"damage":13,"enemies":"Blue Slaver","floor":14,"turns":3},{"damage":9,"enemies":"The Guardian","floor":16,"turns":10},{"damage":40,"enemies":"Chosen","floor":18,"turns":6},{"damage":0,"enemies":"3 Byrds","floor":20,"turns":3},{"damage":18,"enemies":"Centurion and Healer","floor":21,"turns":8},{"damage":23,"enemies":"Snake Plant","floor":22,"turns":3}],"seed_played":"-4468954355164763688","potions_obtained":[{"floor":5.0,"key":"PowerPotion"},{"floor":12,"key":"Explosive Potion"},{"floor":14,"key":"PowerPotion"},{"floor":16,"key":"Energy Potion"},{"floor":20,"key":"Regen Potion"},{"floor":21,"key":"FearPotion"}],"is_trial":false,"path_per_floor":["M","?","?","M","M","E","?","M","T","R","$","M","R","M","R","B",null,"M","$","M","M","M"],"character_chosen":"DEFECT","items_purchased":["Impatience","Secret Technique"],"campfire_rested":0,"item_purchase_floors":[11,11],"current_hp_per_floor":[46,46,51,51,42,5,69,68,68,68,68,57,57,44,44,35,61,21,21,21,18,0],"gold":383,"neow_bonus":"RANDOM_COLORLESS_2","is_prod":false,"is_daily":false,"chose_seed":false,"campfire_upgraded":2,"win_rate":0,"timestamp":1550868165,"path_taken":["M","?","?","M","M","E","?","M","T","R","$","M","R","M","R","BOSS","M","$","M","M","M"],"build_version":"2019-01-23","purchased_purges":1,"victory":false,"max_hp_per_floor":[71,64,69,69,69,69,69,69,69,69,69,69,69,69,69,69,69,69,69,69,69,69],"card_choices":[{"not_picked":["Barrage","Compile Driver","Sweeping Beam"],"picked":"SKIP","floor":1.0},{"not_picked":["Doom and Gloom","Barrage"],"picked":"Sunder","floor":4.0},{"not_picked":["Hologram","Gash","Cold Snap"],"picked":"SKIP","floor":5.0},{"not_picked":["Electrodynamics","Doom and Gloom","Redo"],"picked":"SKIP","floor":6.0},{"not_picked":["Steam Power","Coolheaded"],"picked":"Auto Shields","floor":8.0},{"not_picked":["Hello World","Doom and Gloom"],"picked":"Streamline","floor":12},{"not_picked":["Sunder","Rebound","Compile Driver"],"picked":"SKIP","floor":14},{"not_picked":["Sunder","Rebound","Compile Driver"],"picked":"SKIP","floor":14},{"not_picked":["Biased Cognition","Thunder Strike"],"picked":"Seek","floor":16},{"not_picked":["Gash"],"picked":"SKIP","floor":18},{"not_picked":["Turbo"],"picked":"SKIP","floor":20},{"not_picked":["Redo"],"picked":"SKIP","floor":21}],"player_experience":778782,"relics_obtained":[{"floor":6.0,"key":"Peace Pipe"},{"floor":9.0,"key":"Old Coin"}],"event_choices":[{"damage_healed":0.0,"max_hp_gain":0.0,"max_hp_loss":7.0,"gold_gain":0.0,"event_name":"Golden Idol","player_choice":"Lose Max HP","floor":2.0,"gold_loss":0.0,"damage_taken":0.0,"relics_obtained":["Golden Idol"]},{"damage_healed":0.0,"max_hp_gain":5.0,"max_hp_loss":0.0,"gold_gain":0.0,"event_name":"Big Fish","player_choice":"Donut","floor":3.0,"gold_loss":0.0,"damage_taken":0.0},{"cards_removed":["Sunder"],"damage_healed":64.0,"max_hp_gain":0.0,"max_hp_loss":0.0,"gold_gain":0.0,"event_name":"Bonfire Elementals","player_choice":"Offered Uncommon","floor":7.0,"gold_loss":0.0,"damage_taken":0.0}],"is_beta":false,"boss_relics":[{"not_picked":["White Beast Statue","Astrolabe"],"picked":"Busted Crown"}],"items_purged_floors":[11],"is_endless":false,"potions_floor_spawned":[5,12,14,16,20,21],"killed_by":"Snake Plant","ascension_level":17}