{"gold_per_floor":[118,193,193,193,211,211,223,250,296,296,315,315,315,343,343,419,419,434,223,173,113,125,125],"floor_reached":23,"playtime":1247,"items_purged":["Strike_G"],"score":374,"play_id":"b383b4fd-8cea-4f09-bf19-ef8dc36a7d10","local_time":"20190210170703","is_ascension_mode":true,"campfire_choices":[{"data":"Bouncing Flask","floor":6.0,"key":"SMITH"},{"data":"Catalyst","floor":10.0,"key":"SMITH"},{"floor":12.0,"key":"REST"},{"floor":15.0,"key":"REST"}],"neow_cost":"TEN_PERCENT_HP_LOSS","seed_source_timestamp":22511848574752,"circlet_count":0,"master_deck":["AscendersBane","Defend_G+1","Defend_G","Defend_G+1","Defend_G","Defend_G","Strike_G","Strike_G","Survivor","Neutralize","Escape Plan","Bouncing Flask+1","Catalyst+1","Noxious Fumes","Burst","Dodge and Roll"],"special_seed":0,"relics":["Ring of the Snake","Turnip","Boot","PreservedInsect","The Courier","Black Star","Meat on the Bone"],"potions_floor_usage":[23],"damage_taken":[{"damage":6.0,"enemies":"Jaw Worm","floor":1.0,"turns":7.0},{"damage":0.0,"enemies":"Small Slimes","floor":5.0,"turns":6.0},{"damage":0.0,"enemies":"2 Louse","floor":7.0,"turns":4.0},{"damage":5.0,"enemies":"Lagavulin","floor":8.0,"turns":5.0},{"damage":2.0,"enemies":"Exordium Thugs","floor":11.0,"turns":5.0},{"damage":11.0,"enemies":"Gremlin Nob","floor":14.0,"turns":3.0},{"damage":25.0,"enemies":"Slime Boss","floor":16.0,"turns":6.0},{"damage":9.0,"enemies":"3 Byrds","floor":18.0,"turns":5.0},{"damage":0,"enemies":"Spheric Guardian","floor":22,"turns":3},{"damage":49,"enemies":"Slavers","floor":23,"turns":3}],"seed_played":"5984496465519870694","potions_obtained":[{"floor":1.0,"key":"Fire Potion"},{"floor":7.0,"key":"Energy Potion"},{"floor":11.0,"key":"SkillPotion"},{"floor":16.0,"key":"Block Potion"},{"floor":18.0,"key":"Dexterity Potion"}],"is_trial":false,"path_per_floor":["M","?","?","?","M","R","M","E","T","R","M","R","?","E","R","B",null,"M","$","?","$","M","E"],"character_chosen":"THE_SILENT","items_purchased":["Meat on the Bone"],"campfire_rested":2,"item_purchase_floors":[19],"current_hp_per_floor":[53,42,35,35,35,35,35,30,30,30,28,46,28,17,35,10,48,39,39,39,39,39,0],"gold":125,"neow_bonus":"ONE_RARE_RELIC","is_prod":false,"is_daily":false,"chose_seed":false,"campfire_upgraded":2,"win_rate":0,"timestamp":1549814823,"path_taken":["M","?","?","?","M","R","M","E","T","R","?","R","?","E","R","BOSS","M","$","?","$","?","E"],"build_version":"2019-01-23","purchased_purges":1,"victory":false,"max_hp_per_floor":[60,60,60,60,60,60,60,60,60,60,60,60,60,60,60,60,60,60,60,60,60,60,60],"card_choices":[{"not_picked":["Setup","Acrobatics"],"picked":"Escape Plan","floor":1.0},{"not_picked":["Slice","Deadly Poison"],"picked":"Bouncing Flask","floor":5.0},{"not_picked":["Masterful Stab","Cloak And Dagger"],"picked":"Catalyst","floor":7.0},{"not_picked":["Envenom","Dagger Spray","Acrobatics"],"picked":"SKIP","floor":8.0},{"not_picked":["Terror","Blade Dance","Sucker Punch"],"picked":"SKIP","floor":11.0},{"not_picked":["Dagger Throw","Calculated Gamble"],"picked":"Noxious Fumes","floor":14.0},{"not_picked":["Bullet Time","Doppelganger"],"picked":"Burst","floor":16.0},{"not_picked":["Tactician","Poisoned Stab"],"picked":"Dodge and Roll","floor":18.0},{"not_picked":["Poisoned Stab","Prepared","All Out Attack"],"picked":"SKIP","floor":22}],"player_experience":765200,"relics_obtained":[{"floor":8.0,"key":"Boot"},{"floor":9.0,"key":"PreservedInsect"},{"floor":14.0,"key":"The Courier"}],"event_choices":[{"damage_healed":0.0,"max_hp_gain":0.0,"max_hp_loss":0.0,"gold_gain":75.0,"event_name":"World of Goop","player_choice":"Gather Gold","floor":2.0,"gold_loss":0.0,"damage_taken":11.0},{"cards_removed":["Strike_G"],"damage_healed":0.0,"max_hp_gain":0.0,"max_hp_loss":0.0,"gold_gain":0.0,"event_name":"Golden Wing","player_choice":"Card Removal","floor":3.0,"gold_loss":0.0,"damage_taken":7.0},{"cards_removed":["Strike_G"],"damage_healed":0.0,"max_hp_gain":0.0,"max_hp_loss":0.0,"gold_gain":0.0,"event_name":"Wheel of Change","player_choice":"Card Removal","floor":4.0,"gold_loss":0.0,"damage_taken":0.0},{"damage_healed":0.0,"max_hp_gain":0.0,"max_hp_loss":0.0,"gold_gain":0.0,"event_name":"Shining Light","player_choice":"Entered Light","floor":13.0,"gold_loss":0.0,"damage_taken":18.0,"cards_upgraded":["Defend_G","Defend_G"]},{"damage_healed":0.0,"max_hp_gain":0.0,"max_hp_loss":0.0,"gold_gain":0.0,"event_name":"The Joust","player_choice":"Bet on Owner","floor":20.0,"gold_loss":50.0,"damage_taken":0.0}],"is_beta":false,"boss_relics":[{"not_picked":["Philosopher\u0027s Stone","Lizard Tail"],"picked":"Black Star"}],"items_purged_floors":[21],"is_endless":false,"potions_floor_spawned":[1,7,11,16,18],"killed_by":"Slavers","ascension_level":18}