{"path_per_floor":["M","?","?","?","$","E","M","M","T","M","$","T","E","?","R","B",null,"M","M","$","M","M","E","M","R","T","M","?","T","$","M","R","B",null,"M","?","T","$","M","E","?","R","T","M","?","?","M","M","R"],"character_chosen":"DEFECT","items_purchased":["Finesse","Bandage Up","Happy Flower","Ball Lightning","Axe Kick","Shuriken","Hello World","Hologram","Good Instincts","Machine Learning"],"gold_per_floor":[116,172,172,172,69,412,437,456,456,471,183,183,227,227,227,356,356,369,389,11,29,44,83,108,108,108,127,127,127,40,56,56,175,175,193,193,193,123,137,168,501,501,501,511,511,511,531,548,548,548],"floor_reached":50,"campfire_rested":4,"playtime":2504,"current_hp_per_floor":[65,65,70,50,50,24,19,19,19,18,18,18,4,4,28,23,80,79,72,72,51,54,37,10,34,44,42,42,42,42,42,69,44,108,107,107,107,107,96,81,81,81,81,64,64,54,39,25,57,0],"items_purged":[],"gold":548,"score":627,"play_id":"85322c3a-465d-4df4-976b-54822206316b","local_time":"20180502221305","is_prod":false,"is_daily":false,"chose_seed":false,"is_ascension_mode":false,"campfire_upgraded":1,"timestamp":1525263185,"path_taken":["M","?","?","?","$","E","M","M","T","?","$","?","E","?","R","BOSS","M","M","$","?","M","E","M","R","T","M","?","?","$","M","R","BOSS","M","?","?","$","?","E","?","R","T","?","?","?","M","M","R","BOSS"],"build_version":"2018-05-01v2","seed_source_timestamp":265258368808593,"purchased_purges":0,"victory":false,"master_deck":["Strike_B","Strike_B","Strike_B","Defend_B","Defend_B","Defend_B","Defend_B","Zap","Dualcast","Writhe","All For One","Axe Kick","Finesse","Stack","Cold Snap","Beam Cell+1","Rebound","Bandage Up","Ball Lightning","Cold Snap","Hyperbeam","Steam Power+1","Gash+1","Axe Kick","Hello World+1","Hologram","Conserve Battery","Skim","Stack","Skim","Good Instincts","Buffer+1","Reboot","Normality","Pain","Decay","Beam Cell+1","Skim","Machine Learning+1","Hologram+1","Sweeping Beam","Dark Shackles","Good Instincts","Jack Of All Trades","Go for the Eyes","Cold Snap+1"],"max_hp_per_floor":[75,75,80,80,80,80,80,80,80,80,80,80,80,80,80,80,80,80,80,80,80,80,80,80,80,90,90,90,90,90,90,90,90,108,108,108,108,108,108,108,108,108,108,108,108,108,108,108,108,108],"relics":["Cracked Core","Old Coin","Torii","Happy Flower","Frozen Egg 2","Peace Pipe","Darkstone Periapt","Sozu","Shuriken","Vajra","Pear","Turnip","Gremlin Horn","Calling Bell","Bronze Scales","Ornamental Fan","Gambling Chip","Cables","Kunai","Bottled Flame"],"card_choices":[{"not_picked":["Echo Form","Fusion"],"picked":"All For One","floor":0},{"not_picked":["Streamline","Cold Snap"],"picked":"Axe Kick","floor":1},{"not_picked":["Capacitor","Turbo"],"picked":"Stack","floor":6},{"not_picked":["Creative AI","Barrage"],"picked":"Cold Snap","floor":7},{"not_picked":["Coolheaded","Sweeping Beam"],"picked":"Beam Cell","floor":8},{"not_picked":["Heatsinks","Sunder"],"picked":"Rebound","floor":10},{"not_picked":["Aggregate","Barrage"],"picked":"Cold Snap","floor":13},{"not_picked":["Meteor Strike","Amplify"],"picked":"Hyperbeam","floor":16},{"not_picked":["Undo","Genetic Algorithm"],"picked":"Steam Power","floor":18},{"not_picked":["Impulse","Leap"],"picked":"Gash","floor":19},{"not_picked":["Blizzard","Undo"],"picked":"Conserve Battery","floor":22},{"not_picked":["Self Repair","Leap"],"picked":"Skim","floor":23},{"not_picked":["Impulse","Double Energy"],"picked":"Stack","floor":24},{"not_picked":["Conserve Battery","Barrage"],"picked":"Skim","floor":27},{"not_picked":["Prime","Rebound"],"picked":"Buffer","floor":31},{"not_picked":["Hyperbeam","Meteor Strike"],"picked":"Reboot","floor":33},{"not_picked":["Cold Snap","Go for the Eyes"],"picked":"Beam Cell","floor":35},{"not_picked":["Turbo","Impulse"],"picked":"Hologram","floor":39},{"not_picked":["Self Repair","Ball Lightning"],"picked":"Sweeping Beam","floor":40},{"not_picked":["Panacea","Trip"],"picked":"Dark Shackles","floor":46},{"not_picked":["Master of Strategy","Deep Breath"],"picked":"Good Instincts","floor":46},{"not_picked":["Madness","Panacea"],"picked":"Jack Of All Trades","floor":46},{"not_picked":["Turbo","Impulse"],"picked":"Go for the Eyes","floor":47},{"not_picked":["Rip and Tear","Coolheaded"],"picked":"Cold Snap","floor":48}],"player_experience":28833,"potions_floor_usage":[6,27,33,40],"damage_taken":[{"damage":10,"enemies":"Cultist","floor":1,"turns":4},{"damage":26,"enemies":"Gremlin Nob","floor":6,"turns":4},{"damage":5,"enemies":"2 Louse","floor":7,"turns":2},{"damage":0,"enemies":"Small Slimes","floor":8,"turns":2},{"damage":1,"enemies":"3 Louse","floor":10,"turns":3},{"damage":18,"enemies":"3 Sentries","floor":13,"turns":7},{"damage":9,"enemies":"Slime Boss","floor":16,"turns":9},{"damage":1,"enemies":"Chosen","floor":18,"turns":4},{"damage":11,"enemies":"2 Thieves","floor":19,"turns":4},{"damage":21,"enemies":"Snake Plant","floor":21,"turns":4},{"damage":1,"enemies":"Sentry and Sphere","floor":22,"turns":5},{"damage":21,"enemies":"Book of Stabbing","floor":23,"turns":6},{"damage":27,"enemies":"Cultist and Chosen","floor":24,"turns":4},{"damage":6,"enemies":"Snake Plant","floor":27,"turns":5},{"damage":0,"enemies":"Chosen and Byrds","floor":31,"turns":4},{"damage":29,"enemies":"Collector","floor":33,"turns":6},{"damage":1,"enemies":"Orb Walker","floor":35,"turns":3},{"damage":13,"enemies":"Flame Bruiser 1 Orb","floor":39,"turns":4},{"damage":19,"enemies":"Giant Head","floor":40,"turns":6},{"damage":21,"enemies":"Spire Growth","floor":44,"turns":4},{"damage":15,"enemies":"4 Shapes","floor":47,"turns":2},{"damage":18,"enemies":"Maw","floor":48,"turns":8},{"damage":72,"enemies":"Time Eater","floor":50,"turns":11}],"event_choices":[{"event_name":"Golden Wing","player_choice":"Gained Gold","floor":2,"damage_taken":0},{"event_name":"Big Fish","player_choice":"Donut","floor":3,"damage_taken":0},{"event_name":"Golden Idol","player_choice":"Take Damage","floor":4,"damage_taken":0},{"event_name":"Accursed Blacksmith","player_choice":"Rummage","floor":14,"damage_taken":0},{"event_name":"The Mausoleum","player_choice":"Yes","floor":28,"damage_taken":0},{"event_name":"Transmorgrifier","player_choice":"Transform","floor":36,"damage_taken":0},{"event_name":"The Moai Head","player_choice":"Gave Idol","floor":41,"damage_taken":0},{"event_name":"Mysterious Sphere","player_choice":"Ignore","floor":45,"damage_taken":0},{"event_name":"SensoryStone","player_choice":"Memory 3","floor":46,"damage_taken":0}],"boss_relics":[{"not_picked":["Inserter","Cursed Key"],"picked":"Sozu"},{"not_picked":["Velvet Choker","Runic Dome"],"picked":"Calling Bell"}],"potions_floor_spawned":[1,10,13,16,21,27,33,35,48],"seed_played":"-8880536237886301364","killed_by":"Time Eater","ascension_level":0,"is_trial":false}