{"gold_per_floor":[19,37,37,112,131,131,160,160,185,197,214,214,236,250,250,250],"floor_reached":16,"playtime":1253,"items_purged":[],"score":128,"play_id":"236cacb1-5d95-4b8d-ad3b-0338ee8ebe11","local_time":"20180731001301","is_ascension_mode":true,"campfire_choices":[{"data":"Rage","floor":6,"key":"SMITH"},{"data":"Flame Barrier","floor":12,"key":"SMITH"},{"data":"Evolve","floor":15,"key":"SMITH"}],"neow_cost":"NO_GOLD","seed_source_timestamp":6664735679015,"circlet_count":0,"master_deck":["Strike_R","Strike_R","Strike_R","Strike_R","Strike_R","Defend_R","Defend_R","Defend_R","Defend_R","Bash","Rage+1","Flame Barrier+1","Burning Pact","Regret","Seeing Red","Wild Strike","Evolve+1"],"relics":["Burning Blood","Du-Vu Doll","Bronze Scales","Red Skull","Boot","Odd Mushroom"],"potions_floor_usage":[7,7,10,16,16],"damage_taken":[{"damage":8,"enemies":"Jaw Worm","floor":1,"turns":6},{"damage":3,"enemies":"Cultist","floor":2,"turns":4},{"damage":7,"enemies":"Small Slimes","floor":5,"turns":4},{"damage":40,"enemies":"Lagavulin","floor":7,"turns":7},{"damage":9,"enemies":"2 Fungi Beasts","floor":10,"turns":3},{"damage":2,"enemies":"Looter","floor":11,"turns":3},{"damage":1,"floor":13,"turns":5},{"damage":16,"enemies":"Exordium Thugs","floor":14,"turns":5},{"damage":52,"enemies":"Slime Boss","floor":16,"turns":6}],"seed_played":"-8771647126175796559","potions_obtained":[{"floor":2,"key":"Energy Potion"},{"floor":3,"key":"Strength Potion"},{"floor":3,"key":"Regen Potion"},{"floor":7,"key":"SkillPotion"},{"floor":11,"key":"Regen Potion"}],"is_trial":false,"path_per_floor":["M","M","?","?","M","R","E","?","T","M","M","R","?","M","R"],"character_chosen":"IRONCLAD","items_purchased":[],"campfire_rested":0,"item_purchase_floors":[],"current_hp_per_floor":[78,80,80,69,68,68,34,34,34,40,44,44,49,39,39,0],"gold":250,"neow_bonus":"ONE_RARE_RELIC","is_prod":false,"is_daily":false,"chose_seed":false,"campfire_upgraded":3,"win_rate":0,"timestamp":1532988781,"path_taken":["M","M","?","?","M","R","E","?","T","?","M","R","?","?","R","BOSS"],"build_version":"2018-07-26","purchased_purges":0,"victory":false,"max_hp_per_floor":[80,80,80,80,80,80,80,80,80,80,80,80,80,80,80,80],"card_choices":[{"not_picked":["Pommel Strike","Dual Wield"],"picked":"Rage","floor":1},{"not_picked":["Pommel Strike","Rupture"],"picked":"Flame Barrier","floor":2},{"not_picked":["Sentinel","Rampage"],"picked":"Burning Pact","floor":5},{"not_picked":["Clothesline","Body Slam","Rampage"],"picked":"SKIP","floor":7},{"not_picked":["Headbutt","Spot Weakness"],"picked":"Seeing Red","floor":10},{"not_picked":["Clash","Iron Wave","Sever Soul"],"picked":"SKIP","floor":11},{"not_picked":["Iron Wave","Sever Soul"],"picked":"Wild Strike","floor":13},{"not_picked":["True Grit","Metallicize"],"picked":"Evolve","floor":14}],"player_experience":230974,"relics_obtained":[{"floor":7,"key":"Bronze Scales"},{"floor":9,"key":"Boot"},{"floor":13,"key":"Odd Mushroom"}],"event_choices":[{"event_name":"The Lab","player_choice":"Got Potions","floor":3,"damage_taken":0},{"event_name":"World of Goop","player_choice":"Gather Gold","floor":4,"damage_taken":0},{"event_name":"Big Fish","player_choice":"Box","floor":8,"damage_taken":0},{"event_name":"Mushrooms","player_choice":"Fought Mushrooms","floor":13,"damage_taken":0}],"is_beta":false,"boss_relics":[],"items_purged_floors":[],"is_endless":false,"potions_floor_spawned":[2,7,11],"killed_by":"Slime Boss","ascension_level":5}