{"gold_per_floor":[117,117,136,136,153,179,179,200,200,216,216,250,76,89,89,188,188,211,234,246,271,296,308,348,360,372,409,441,453,645,238,238,337,337,349,363,363,165,165,165],"floor_reached":40,"playtime":4305,"items_purged":["Strike_B","Normality","Writhe"],"score":645,"play_id":"3036a2cd-5c4a-4c5f-943b-1caf9483acc5","local_time":"20180806190508","is_ascension_mode":true,"campfire_choices":[{"data":"Defragment","floor":7.0,"key":"SMITH"},{"data":"Zap","floor":11.0,"key":"SMITH"},{"floor":15.0,"key":"REST"},{"data":"Double Energy","floor":23.0,"key":"SMITH"},{"floor":25.0,"key":"REST"},{"data":"Multi-Cast","floor":29.0,"key":"SMITH"},{"data":"Capacitor","floor":32.0,"key":"SMITH"}],"neow_cost":"NONE","seed_source_timestamp":0,"circlet_count":0,"master_deck":["Strike_B","Strike_B","Defend_B","Defend_B","Defend_B","Defend_B","Zap+1","Dualcast","Buffer+1","Defragment+1","Leap","Multi-Cast+1","Genetic Algorithm","Static Discharge","Self Repair","Turbo","Heatsinks","Electrodynamics","Writhe","Glacier","Chill","Double Energy+1","Glacier","Doom and Gloom","Recycle+1","Leap","Reinforced Body","Capacitor+1","Multi-Cast","Force Field","Recycle+1","Double Energy"],"special_seed":0,"relics":["Cracked Core","Mango","Regal Pillow","Odd Mushroom","Pear","Bag of Preparation","Calling Bell","MawBank","Gremlin Horn","Ice Cream","Dream Catcher","Molten Egg 2","Singing Bowl","Chemical X","Nuclear Battery","Prayer Wheel"],"potions_floor_usage":[],"damage_taken":[{"damage":0.0,"enemies":"Jaw Worm","floor":1.0,"turns":3.0},{"damage":13.0,"enemies":"Small Slimes","floor":3.0,"turns":5.0},{"damage":0.0,"enemies":"2 Louse","floor":5.0,"turns":2.0},{"damage":0.0,"enemies":"Lagavulin","floor":6.0,"turns":7.0},{"damage":22.0,"floor":8.0,"turns":5.0},{"damage":1.0,"enemies":"Blue Slaver","floor":10.0,"turns":3.0},{"damage":21.0,"enemies":"3 Sentries","floor":12.0,"turns":6.0},{"damage":12.0,"enemies":"Large Slime","floor":14.0,"turns":5.0},{"damage":32.0,"enemies":"Slime Boss","floor":16.0,"turns":13.0},{"damage":21.0,"enemies":"Chosen","floor":18.0,"turns":4.0},{"damage":2.0,"enemies":"3 Byrds","floor":19.0,"turns":1.0},{"damage":1.0,"enemies":"Slaver and Parasite","floor":21.0,"turns":19.0},{"damage":6.0,"enemies":"Snecko","floor":22.0,"turns":9.0},{"damage":43.0,"enemies":"Book of Stabbing","floor":24.0,"turns":8.0},{"damage":19.0,"enemies":"Gremlin Leader","floor":27.0,"turns":7.0},{"damage":0.0,"enemies":"Centurion and Healer","floor":28.0,"turns":5.0},{"damage":1.0,"enemies":"Champ","floor":33.0,"turns":18.0},{"damage":18.0,"enemies":"Orb Walker","floor":35.0,"turns":7.0},{"damage":18.0,"enemies":"Flame Bruiser 1 Orb","floor":36.0,"turns":4.0},{"damage":0.0,"floor":37.0,"turns":7.0},{"damage":83,"enemies":"Giant Head","floor":40,"turns":12}],"seed_played":"967490952900699974","potions_obtained":[{"floor":6.0,"key":"Block Potion"},{"floor":8.0,"key":"Block Potion"},{"floor":14.0,"key":"Weak Potion"},{"floor":16.0,"key":"Energy Potion"},{"floor":18.0,"key":"Poison Potion"},{"floor":21.0,"key":"Weak Potion"},{"floor":22.0,"key":"FocusPotion"},{"floor":27.0,"key":"Explosive Potion"},{"floor":33.0,"key":"LiquidBronze"},{"floor":35.0,"key":"EssenceOfSteel"}],"is_trial":false,"path_per_floor":["M","?","M","?","M","E","R","?","T","M","R","E","$","M","R","B",null,"M","M","?","M","M","R","E","R","T","E","M","R","?","$","R","B",null,"M","M","M","$","?"],"character_chosen":"DEFECT","items_purchased":["Self Repair","Turbo","Chemical X","Reinforced Body","Capacitor","Double Energy"],"campfire_rested":2,"item_purchase_floors":[13,13,31,31,31,38],"current_hp_per_floor":[68,79,66,66,66,66,66,44,54,53,53,32,32,27,71,46,86,72,70,70,76,77,77,41,85,85,73,80,80,53,53,53,59,89,78,67,76,76,76,0],"gold":165,"neow_bonus":"ONE_RANDOM_RARE_CARD","is_prod":false,"is_daily":false,"chose_seed":false,"campfire_upgraded":5,"win_rate":0,"timestamp":1533575108,"path_taken":["M","?","M","?","?","E","R","?","T","M","R","E","$","?","R","BOSS","M","M","?","M","?","R","E","R","T","E","M","R","?","?","R","BOSS","M","M","?","$","?","E"],"build_version":"2018-08-02","purchased_purges":3,"victory":false,"max_hp_per_floor":[75,89,89,89,89,89,89,89,99,99,99,99,99,99,99,99,99,99,99,99,99,99,99,99,99,99,99,99,99,99,99,99,99,99,99,99,101,101,101,101],"card_choices":[{"not_picked":["Turbo","Sweeping Beam"],"picked":"Defragment","floor":1.0},{"not_picked":["Stack","Barrage"],"picked":"Leap","floor":3.0},{"not_picked":["Rip and Tear","Steam","Go for the Eyes"],"picked":"SKIP","floor":5.0},{"not_picked":["Rip and Tear","Hello World","Ball Lightning"],"picked":"SKIP","floor":6.0},{"not_picked":["Darkness","Go for the Eyes"],"picked":"Multi-Cast","floor":8.0},{"not_picked":["Barrage","Compile Driver"],"picked":"Genetic Algorithm","floor":10.0},{"not_picked":["Barrage","Hello World"],"picked":"Static Discharge","floor":12.0},{"not_picked":["Gash","Turbo"],"picked":"Heatsinks","floor":14.0},{"not_picked":["Thunder Strike","Machine Learning"],"picked":"Electrodynamics","floor":16.0},{"not_picked":["Barrage","Doom and Gloom+1"],"picked":"Glacier","floor":18.0},{"not_picked":["Cold Snap+1","Sweeping Beam+1","Go for the Eyes"],"picked":"SKIP","floor":19.0},{"not_picked":["Sweeping Beam","Consume+1","Genetic Algorithm"],"picked":"SKIP","floor":21.0},{"not_picked":["Genetic Algorithm","Leap"],"picked":"Double Energy","floor":22.0},{"not_picked":["Consume","Go for the Eyes"],"picked":"Glacier","floor":24.0},{"not_picked":["Go for the Eyes","Cold Snap"],"picked":"Doom and Gloom","floor":25.0},{"not_picked":["Coolheaded","Fission"],"picked":"Recycle+1","floor":27.0},{"not_picked":["Beam Cell+1","Hologram"],"picked":"Leap","floor":28.0},{"not_picked":["Electrodynamics","Thunder Strike+1"],"picked":"Multi-Cast","floor":33.0},{"not_picked":["Ball Lightning+1","Redo+1"],"picked":"Force Field","floor":35.0},{"not_picked":["Rebound+1","Sunder+1"],"picked":"Recycle+1","floor":36.0},{"not_picked":["Turbo","Redo+1","Melter+1"],"picked":"Singing Bowl","floor":37}],"player_experience":267837,"relics_obtained":[{"floor":6.0,"key":"Regal Pillow"},{"floor":8.0,"key":"Odd Mushroom"},{"floor":9.0,"key":"Pear"},{"floor":12.0,"key":"Bag of Preparation"},{"floor":17.0,"key":"MawBank"},{"floor":17.0,"key":"Gremlin Horn"},{"floor":17.0,"key":"Ice Cream"},{"floor":24.0,"key":"Dream Catcher"},{"floor":26.0,"key":"Molten Egg 2"},{"floor":27.0,"key":"Singing Bowl"},{"floor":37,"key":"Prayer Wheel"}],"event_choices":[{"event_name":"Scrap Ooze","player_choice":"success","floor":2.0,"damage_taken":3.0},{"event_name":"Living Wall","player_choice":"Grow","floor":4.0,"damage_taken":0.0},{"event_name":"Mushrooms","player_choice":"Fought Mushrooms","floor":8.0,"damage_taken":0.0},{"event_name":"The Library","player_choice":"Read","floor":20.0,"damage_taken":0.0},{"event_name":"Knowing Skull","player_choice":"GOLD GOLD ","floor":30.0,"damage_taken":0.0},{"event_name":"MindBloom","player_choice":"Fight","floor":37.0,"damage_taken":0.0},{"event_name":"Falling","player_choice":"Removed Attack","floor":39,"damage_taken":0}],"is_beta":false,"boss_relics":[{"not_picked":["White Beast Statue","Busted Crown"],"picked":"Calling Bell"},{"not_picked":["Philosopher\u0027s Stone","Runic Pyramid"],"picked":"Nuclear Battery"}],"items_purged_floors":[13,31,38],"is_endless":false,"potions_floor_spawned":[6,8,14,16,18,21,22,27,33,35],"killed_by":"Giant Head","ascension_level":7}