{"gold_per_floor":[213,213,213,213,213,213,7,7,7,7,7,35,54,79,79,184,184,195,46,46,56,66,66,66],"floor_reached":24,"playtime":697,"items_purged":[],"score":200,"play_id":"79070a38-0074-436b-b001-fff323dd1790","local_time":"20190120053815","is_ascension_mode":false,"campfire_choices":[{"data":"Zap","floor":6,"key":"SMITH"},{"data":"Ball Lightning","floor":8,"key":"SMITH"},{"floor":15,"key":"REST"},{"floor":23,"key":"REST"}],"neow_cost":"NONE","seed_source_timestamp":292149444437123,"circlet_count":0,"master_deck":["Strike_B","Strike_B","Strike_B","Defend_B+1","Defend_B","Defend_B+1","Zap+1","Dualcast","Ball Lightning+1","Chaos","Turbo","Go for the Eyes","Tempest","Fission","Aggregate","Conserve Battery","Dramatic Entrance","Heatsinks","Gash","Double Energy"],"relics":["Cracked Core","Kunai","Matryoshka","MealTicket","War Paint","Gremlin Horn","Peace Pipe","Shovel","Eternal Feather"],"potions_floor_usage":[16,24],"damage_taken":[{"damage":3,"enemies":"Jaw Worm","floor":1,"turns":3},{"damage":15,"enemies":"3 Sentries","floor":12,"turns":6},{"damage":0,"enemies":"2 Louse","floor":13,"turns":2},{"damage":19,"enemies":"Gremlin Nob","floor":14,"turns":4},{"damage":4,"enemies":"Slime Boss","floor":16,"turns":9},{"damage":11,"enemies":"3 Byrds","floor":18,"turns":6},{"damage":35,"enemies":"2 Thieves","floor":21,"turns":4},{"damage":20,"enemies":"Snake Plant","floor":22,"turns":5},{"damage":66,"enemies":"Gremlin Leader","floor":24,"turns":6}],"seed_played":"3823712724504614873","potions_obtained":[{"floor":12,"key":"Dexterity Potion"},{"floor":14,"key":"Energy Potion"},{"floor":22,"key":"Dexterity Potion"}],"is_trial":false,"path_per_floor":["M","?","T","?","?","R","$","R","T","$","?","E","M","E","R","B",null,"M","$","?","M","M","R","E"],"character_chosen":"DEFECT","items_purchased":["MealTicket","Conserve Battery","Dramatic Entrance"],"campfire_rested":2,"item_purchase_floors":[7,19,19],"current_hp_per_floor":[72,72,72,47,72,72,72,72,72,72,72,57,57,38,60,56,75,64,75,75,40,20,54,0],"gold":66,"neow_bonus":"HUNDRED_GOLD","is_prod":false,"is_daily":false,"chose_seed":false,"campfire_upgraded":2,"win_rate":0.0,"timestamp":1547980695,"path_taken":["M","?","?","?","?","R","$","R","T","?","?","E","M","E","R","BOSS","M","$","?","M","?","R","E"],"build_version":"2019-01-17v2","purchased_purges":0,"victory":false,"max_hp_per_floor":[75,75,75,75,75,75,75,75,75,75,75,75,75,75,75,75,75,75,75,75,75,75,75,75],"card_choices":[{"not_picked":["Leap","Turbo"],"picked":"Ball Lightning","floor":1},{"not_picked":["Coolheaded","Cold Snap"],"picked":"Turbo","floor":12},{"not_picked":["Heatsinks","Tempest"],"picked":"Go for the Eyes","floor":13},{"not_picked":["Beam Cell","Consume"],"picked":"Tempest","floor":14},{"not_picked":["Echo Form","Multi-Cast"],"picked":"Fission","floor":16},{"not_picked":["Undo","Coolheaded"],"picked":"Aggregate","floor":18},{"not_picked":["Cold Snap","Aggregate+1"],"picked":"Gash","floor":21},{"not_picked":["Turbo","Gash"],"picked":"Double Energy","floor":22}],"player_experience":141324,"relics_obtained":[{"floor":3,"key":"Kunai"},{"floor":9,"key":"War Paint"},{"floor":9,"key":"Gremlin Horn"},{"floor":12,"key":"Peace Pipe"},{"floor":14,"key":"Shovel"}],"event_choices":[{"damage_healed":0,"gold_gain":0,"player_choice":"Ignored","damage_taken":0,"max_hp_gain":0,"max_hp_loss":0,"event_name":"Golden Wing","floor":2,"gold_loss":0},{"damage_healed":0,"gold_gain":0,"player_choice":"Success","damage_taken":25,"relics_obtained":["Matryoshka"],"max_hp_gain":0,"max_hp_loss":0,"event_name":"Scrap Ooze","floor":4,"gold_loss":0},{"damage_healed":25,"gold_gain":0,"player_choice":"Banana","damage_taken":0,"max_hp_gain":0,"max_hp_loss":0,"event_name":"Big Fish","floor":5,"gold_loss":0},{"damage_healed":0,"gold_gain":0,"cards_transformed":["Strike_B"],"player_choice":"Change","damage_taken":0,"max_hp_gain":0,"max_hp_loss":0,"event_name":"Living Wall","floor":11,"gold_loss":0,"cards_obtained":["Chaos"]},{"damage_healed":0,"gold_gain":0,"cards_transformed":["Defend_B"],"player_choice":"Transformed","damage_taken":0,"max_hp_gain":0,"max_hp_loss":0,"event_name":"Transmorgrifier","floor":20,"gold_loss":0,"cards_obtained":["Heatsinks"]}],"is_beta":false,"boss_relics":[{"not_picked":["FrozenCore","Orrery"],"picked":"Eternal Feather"}],"items_purged_floors":[],"is_endless":false,"potions_floor_spawned":[12,14,22],"killed_by":"Gremlin Leader","ascension_level":0}