{"gold_per_floor":[116,116,133,148,161,161,189,189,189,204,204,204,215,390,390,491,491,505,505],"floor_reached":19,"playtime":1296,"items_purged":[],"score":254,"play_id":"eb8ff18a-0191-48be-95cc-0f9911318e91","local_time":"20180826231504","is_ascension_mode":true,"campfire_choices":[{"floor":6,"key":"REST"},{"data":"Chaos","floor":8,"key":"SMITH"},{"floor":11,"key":"REST"},{"data":"Lockon","floor":15,"key":"SMITH"}],"neow_cost":"NONE","seed_source_timestamp":0,"circlet_count":0,"master_deck":["Strike_B","Strike_B","Strike_B","Strike_B","Defend_B","Defend_B","Defend_B","Defend_B","Zap","Dualcast+1","AscendersBane","Multi-Cast","Conserve Battery","Conserve Battery+1","Sunder","Chaos+1","Chill","Lockon+1","Doubt","Thunder Strike","Skim"],"special_seed":0,"relics":["Cracked Core","Bag of Preparation","Mercury Hourglass","Potion Belt","Sozu"],"potions_floor_usage":[7,19,19],"damage_taken":[{"damage":0,"enemies":"Small Slimes","floor":1,"turns":3},{"damage":2,"enemies":"Jaw Worm","floor":3,"turns":4},{"damage":2,"enemies":"2 Louse","floor":4,"turns":3},{"damage":20,"enemies":"Exordium Wildlife","floor":5,"turns":5},{"damage":16,"enemies":"Lagavulin","floor":7,"turns":6},{"damage":0,"enemies":"Looter","floor":10,"turns":4},{"damage":0,"enemies":"2 Fungi Beasts","floor":13,"turns":3},{"damage":17,"enemies":"Hexaghost","floor":16,"turns":9},{"damage":8,"enemies":"3 Byrds","floor":18,"turns":3},{"damage":10,"enemies":"Colosseum Slavers","floor":19,"turns":5},{"damage":78,"enemies":"Colosseum Nobs","floor":19,"turns":5}],"seed_played":"-468168596617980266","potions_obtained":[{"floor":5,"key":"Energy Potion"},{"floor":10,"key":"Block Potion"},{"floor":16,"key":"Strength Potion"}],"is_trial":false,"path_per_floor":["M","?","M","M","M","R","E","R","T","M","R","?","M","?","R","B",null,"M"],"character_chosen":"DEFECT","items_purchased":[],"campfire_rested":2,"item_purchase_floors":[],"current_hp_per_floor":[68,43,41,39,19,41,25,25,25,25,47,32,32,32,32,15,60,52,0],"gold":505,"neow_bonus":"ONE_RANDOM_RARE_CARD","is_prod":false,"is_daily":false,"chose_seed":false,"campfire_upgraded":2,"win_rate":0,"timestamp":1535318104,"path_taken":["M","?","M","M","M","R","E","R","T","M","R","?","M","?","R","BOSS","M","?"],"build_version":"2018-08-23v2","purchased_purges":0,"victory":false,"max_hp_per_floor":[75,75,75,75,75,75,75,75,75,75,75,75,75,75,75,75,75,75,75],"card_choices":[{"not_picked":["Beam Cell","Leap"],"picked":"Conserve Battery","floor":1},{"not_picked":["FTL","Leap"],"picked":"Conserve Battery","floor":3},{"not_picked":["Barrage","Stack"],"picked":"Sunder","floor":4},{"not_picked":["Stack","Leap"],"picked":"Chaos","floor":5},{"not_picked":["Rip and Tear","Streamline"],"picked":"Chill","floor":7},{"not_picked":["Steam","Turbo","Cold Snap"],"picked":"SKIP","floor":10},{"not_picked":["Rebound","Turbo"],"picked":"Lockon","floor":13},{"not_picked":["Hyperbeam","Core Surge"],"picked":"Thunder Strike","floor":16},{"not_picked":["Go for the Eyes","Sunder+1"],"picked":"Skim","floor":18}],"player_experience":347369,"relics_obtained":[{"floor":7,"key":"Mercury Hourglass"},{"floor":9,"key":"Potion Belt"}],"event_choices":[{"event_name":"Scrap Ooze","player_choice":"success","floor":2,"damage_taken":25},{"event_name":"Shining Light","player_choice":"Entered Light","floor":12,"damage_taken":0},{"event_name":"Liars Game","player_choice":"agreed","floor":14,"damage_taken":0},{"event_name":"Colosseum","player_choice":"Fight","floor":19,"damage_taken":0},{"event_name":"Colosseum","player_choice":"Fought Nobs","floor":19,"damage_taken":0}],"is_beta":false,"boss_relics":[{"not_picked":["Nuclear Battery","Runic Pyramid"],"picked":"Sozu"}],"items_purged_floors":[],"is_endless":false,"potions_floor_spawned":[5,10,16,18,19],"killed_by":"Colosseum Nobs","ascension_level":10}