{"gold_per_floor":[117,128,128,141,216,245,245,260,284,284,284,75,109,126,126,229,229,244,343,343,343,362,387,387,407,479,91,91,110,125,156,156,255,255,270,282,282,282,301,301,315,360,360,377,397,397,422,434,434,434],"floor_reached":51,"playtime":5371,"items_purged":["Strike_B","Thunder Strike+1"],"score":933,"play_id":"e598356b-be59-473a-8de2-57c8ee2f742c","local_time":"20180801202431","is_ascension_mode":true,"campfire_choices":[{"data":"Dualcast","floor":7,"key":"SMITH"},{"floor":15,"key":"REST"},{"floor":24,"key":"REST"},{"data":"Blizzard","floor":32,"key":"SMITH"},{"floor":40,"key":"REST"},{"data":"Loop","floor":46,"key":"SMITH"},{"floor":49,"key":"REST"}],"neow_cost":"NONE","seed_source_timestamp":7565327047512,"circlet_count":0,"master_deck":["Defend_B","Defend_B","Zap","Dualcast+1","Glacier","Conserve Battery","Glacier","Gash","Blizzard+1","Loop+1","Capacitor","Coolheaded","Echo Form","Skim","Reboot","Reprogram+1","Defragment+1","Gash","Core Surge","Bandage Up","Secret Technique","Chill","Glacier","Gash","Hologram","Defragment+1","Secret Weapon","Master of Strategy","Master of Strategy","Gash+1","Coolheaded+1","Gash","Conserve Battery+1","Double Energy+1"],"relics":["Cracked Core","Pen Nib","Ancient Tea Set","Omamori","Astrolabe","Torii","Letter Opener","Smiling Mask","Sozu","Ginger","Art of War","Anchor"],"potions_floor_usage":[13,13,23],"damage_taken":[{"damage":1,"enemies":"Cultist","floor":1,"turns":3},{"damage":0,"enemies":"Jaw Worm","floor":2,"turns":4},{"damage":0,"enemies":"2 Louse","floor":4,"turns":2},{"damage":10,"enemies":"3 Sentries","floor":6,"turns":10},{"damage":0,"enemies":"2 Fungi Beasts","floor":8,"turns":3},{"damage":3,"enemies":"Lagavulin","floor":13,"turns":8},{"damage":3,"enemies":"3 Louse","floor":14,"turns":5},{"damage":19,"enemies":"Slime Boss","floor":16,"turns":11},{"damage":7,"enemies":"3 Byrds","floor":18,"turns":6},{"damage":0,"enemies":"Shell Parasite","floor":22,"turns":9},{"damage":29,"enemies":"Gremlin Leader","floor":23,"turns":8},{"damage":2,"enemies":"Snecko","floor":25,"turns":6},{"damage":15,"enemies":"Slaver and Parasite","floor":29,"turns":10},{"damage":0,"enemies":"Snake Plant","floor":30,"turns":8},{"damage":1,"enemies":"Book of Stabbing","floor":31,"turns":8},{"damage":1,"enemies":"Collector","floor":33,"turns":8},{"damage":10,"enemies":"3 Darklings","floor":35,"turns":6},{"damage":17,"enemies":"3 Shapes","floor":36,"turns":5},{"damage":41,"enemies":"Transient","floor":39,"turns":5},{"damage":0,"enemies":"Flame Bruiser 2 Orb","floor":41,"turns":6},{"damage":0,"floor":42,"turns":5},{"damage":1,"enemies":"Spire Growth","floor":44,"turns":5},{"damage":1,"enemies":"4 Shapes","floor":45,"turns":3},{"damage":10,"enemies":"Giant Head","floor":47,"turns":7},{"damage":12,"enemies":"Transient","floor":48,"turns":5},{"damage":39,"enemies":"Time Eater","floor":50,"turns":16}],"seed_played":"3884525068454473613","potions_obtained":[{"floor":6,"key":"EssenceOfSteel"},{"floor":8,"key":"Dexterity Potion"},{"floor":18,"key":"PowerPotion"},{"floor":29,"key":"SpeedPotion"},{"floor":31,"key":"Energy Potion"}],"is_trial":false,"path_per_floor":["M","M","?","M","?","E","R","M","T","?","?","$","E","M","R","B",null,"M","?","?","?","M","E","R","M","T","$","?","M","M","E","R","B",null,"M","M","?","?","M","R","M","?","T","M","M","R","E","M","R","B"],"character_chosen":"DEFECT","items_purchased":["Capacitor","Coolheaded","Bandage Up","Secret Technique"],"campfire_rested":4,"item_purchase_floors":[12,12,27,27],"current_hp_per_floor":[67,67,60,60,49,39,39,39,39,32,32,32,29,26,48,29,64,57,57,43,43,43,14,38,36,36,36,36,25,29,32,32,35,69,63,50,40,40,3,27,31,35,35,38,41,41,35,27,51,20],"gold":434,"neow_bonus":"THREE_CARDS","is_prod":false,"is_daily":false,"chose_seed":false,"campfire_upgraded":3,"win_rate":0,"timestamp":1533147871,"path_taken":["M","?","?","M","?","E","R","M","T","?","?","?","E","M","R","BOSS","M","?","?","?","?","E","R","M","T","$","?","?","M","E","R","BOSS","M","M","?","?","M","R","M","?","T","M","?","R","E","M","R","BOSS"],"build_version":"2018-07-26","purchased_purges":2,"victory":true,"max_hp_per_floor":[75,75,75,75,75,75,75,75,75,75,75,75,75,75,75,75,75,75,75,80,80,80,80,80,80,80,80,80,80,80,80,80,80,80,80,80,80,80,80,80,80,80,80,80,80,80,80,80,80,80],"card_choices":[{"not_picked":["Compile Driver","Double Energy"],"picked":"Glacier","floor":0},{"not_picked":["Go for the Eyes","Barrage"],"picked":"Conserve Battery","floor":1},{"not_picked":["Compile Driver","Leap"],"picked":"Glacier","floor":2},{"not_picked":["Hologram","Sweeping Beam"],"picked":"Gash","floor":4},{"not_picked":["Rebound","Ball Lightning"],"picked":"Blizzard","floor":6},{"not_picked":["Redo","Rebound"],"picked":"Loop","floor":8},{"not_picked":["Cold Snap","Lockon"],"picked":"Echo Form","floor":13},{"not_picked":["Go for the Eyes","Sunder"],"picked":"Skim","floor":14},{"not_picked":["Hyperbeam","Electrodynamics"],"picked":"Reboot","floor":16},{"not_picked":["Go for the Eyes","Lockon","Chaos"],"picked":"SKIP","floor":18},{"not_picked":["Redo","Rebound+1","Static Discharge"],"picked":"SKIP","floor":22},{"not_picked":["Consume","Ball Lightning+1"],"picked":"Gash","floor":23},{"not_picked":["Go for the Eyes","Stack"],"picked":"Core Surge","floor":25},{"not_picked":["Skim","Turbo"],"picked":"Chill","floor":29},{"not_picked":["Lockon","Beam Cell+1"],"picked":"Glacier","floor":30},{"not_picked":["Barrage","Leap+1"],"picked":"Gash","floor":31},{"not_picked":["Streamline","Sweeping Beam+1"],"picked":"Hologram","floor":35},{"not_picked":["Streamline+1","Compile Driver+1"],"picked":"Defragment+1","floor":36},{"not_picked":["Panacea","Deep Breath"],"picked":"Secret Weapon","floor":37},{"not_picked":["Dramatic Entrance","Secret Technique"],"picked":"Master of Strategy","floor":37},{"not_picked":["Madness","Good Instincts"],"picked":"Master of Strategy","floor":37},{"not_picked":["Steam+1","Barrage","Force Field"],"picked":"SKIP","floor":39},{"not_picked":["Steam Power","Glacier+1"],"picked":"Gash+1","floor":41},{"not_picked":["Consume+1","Streamline+1"],"picked":"Coolheaded+1","floor":42},{"not_picked":["Static Discharge","Sweeping Beam"],"picked":"Gash","floor":44},{"not_picked":["Rebound+1","Redo+1"],"picked":"Conserve Battery+1","floor":45},{"not_picked":["Steam+1","Creative AI"],"picked":"Double Energy+1","floor":47},{"not_picked":["Static Discharge+1","Rebound+1","Steam+1"],"picked":"SKIP","floor":48}],"player_experience":253172,"relics_obtained":[{"floor":6,"key":"Pen Nib"},{"floor":9,"key":"Ancient Tea Set"},{"floor":13,"key":"Omamori"},{"floor":23,"key":"Torii"},{"floor":26,"key":"Letter Opener"},{"floor":31,"key":"Smiling Mask"},{"floor":42,"key":"Ginger"},{"floor":43,"key":"Art of War"},{"floor":47,"key":"Anchor"}],"event_choices":[{"event_name":"Golden Wing","player_choice":"Card Removal","floor":3,"damage_taken":0},{"event_name":"World of Goop","player_choice":"Gather Gold","floor":5,"damage_taken":0},{"event_name":"Wheel of Change","player_choice":"Damage","floor":10,"damage_taken":0},{"event_name":"Living Wall","player_choice":"Forget","floor":11,"damage_taken":0},{"event_name":"Nest","player_choice":"Stole From Cult","floor":19,"damage_taken":0},{"event_name":"Forgotten Altar","player_choice":"Shed Blood","floor":20,"damage_taken":0},{"event_name":"Ghosts","player_choice":"Ignored","floor":21,"damage_taken":0},{"event_name":"Drug Dealer","player_choice":"Ignored","floor":28,"damage_taken":0},{"event_name":"SensoryStone","player_choice":"Memory 3","floor":37,"damage_taken":0},{"event_name":"Tomb of Lord Red Mask","player_choice":"Ignored","floor":38,"damage_taken":0},{"event_name":"Mysterious Sphere","player_choice":"Fight","floor":42,"damage_taken":0}],"is_beta":false,"boss_relics":[{"not_picked":["Calling Bell","Orrery"],"picked":"Astrolabe"},{"not_picked":["Runic Dome","Empty Cage"],"picked":"Sozu"}],"items_purged_floors":[12,27],"is_endless":false,"potions_floor_spawned":[6,8,18,29,31,39,41,42,44,48],"ascension_level":6}