{"gold_per_floor":[113,68,83,0,12,12,12,12,12,29,5,22,33,44,44,140,140,160,185,38,58,58,58,58,58,58,58,78,78,97,49,49,154,154,167,24,37,37,137,137,150,0,0,0,13,68,68,87,87,87],"floor_reached":51,"playtime":3224,"items_purged":[],"score":691,"play_id":"48d900e9-d419-4638-a17e-740b3ebd9da8","local_time":"20190125222345","is_ascension_mode":true,"campfire_choices":[{"data":"Zap","floor":6,"key":"SMITH"},{"data":"Trip","floor":8,"key":"SMITH"},{"data":"Defragment","floor":15,"key":"SMITH"},{"floor":23,"key":"REST"},{"floor":27,"key":"REST"},{"floor":32,"key":"REST"},{"floor":40,"key":"REST"},{"floor":44,"key":"REST"},{"floor":47,"key":"REST"},{"floor":49,"key":"REST"}],"neow_cost":"NONE","seed_source_timestamp":781959122815776,"circlet_count":0,"master_deck":["Strike_B+1","Strike_B+1","Strike_B+1","Defend_B+1","Defend_B+1","Defend_B+1","Defend_B+1","Zap+1","Dualcast","Seek","Coolheaded","Coolheaded","Compile Driver","Trip+1","Beam Cell","Defragment+1","Conserve Battery","Cold Snap","FTL","Sweeping Beam","Core Surge","Static Discharge","Capacitor","Defragment","White Noise","Cold Snap+1","White Noise","Blizzard","Seek","Melter+1","Bandage Up","Defragment","Hologram+1","Go for the Eyes+1","Parasite","Conserve Battery+1","Undo","Reinforced Body","Coolheaded+1","Cold Snap+1","Turbo"],"relics":["FrozenCore","Gremlin Horn","Fusion Hammer","Dream Catcher","Bag of Preparation","Meat on the Bone","Ginger","Red Mask","Ornamental Fan","Ice Cream"],"potions_floor_usage":[14,16,33,37,39,50,50,50],"damage_taken":[{"damage":1,"enemies":"Cultist","floor":1,"turns":4},{"damage":0,"enemies":"2 Louse","floor":3,"turns":3},{"damage":2,"enemies":"Small Slimes","floor":5,"turns":4},{"damage":8,"enemies":"Looter","floor":10,"turns":3},{"damage":0,"enemies":"2 Fungi Beasts","floor":12,"turns":3},{"damage":4,"enemies":"Large Slime","floor":13,"turns":5},{"damage":0,"enemies":"Lots of Slimes","floor":14,"turns":2},{"damage":3,"enemies":"The Guardian","floor":16,"turns":10},{"damage":21,"enemies":"2 Thieves","floor":18,"turns":4},{"damage":1,"enemies":"Shell Parasite","floor":21,"turns":6},{"damage":10,"enemies":"Shelled Parasite and Fungi","floor":28,"turns":4},{"damage":0,"enemies":"Colosseum Slavers","floor":29,"turns":4},{"damage":0,"enemies":"Snecko","floor":30,"turns":5},{"damage":13,"enemies":"Automaton","floor":33,"turns":10},{"damage":8,"enemies":"3 Shapes","floor":35,"turns":5},{"damage":8,"enemies":"Orb Walker","floor":37,"turns":2},{"damage":0,"enemies":"Mind Bloom Boss Battle","floor":39,"turns":9},{"damage":17,"enemies":"Writhing Mass","floor":41,"turns":8},{"damage":6,"enemies":"Transient","floor":45,"turns":5},{"damage":26,"enemies":"2 Orb Walkers","floor":46,"turns":8},{"damage":7,"enemies":"Spire Growth","floor":48,"turns":7},{"damage":20,"enemies":"Donu and Deca","floor":50,"turns":14}],"seed_played":"-6928709362284318295","potions_obtained":[{"floor":1,"key":"FocusPotion"},{"floor":5,"key":"SneckoOil"},{"floor":12,"key":"FearPotion"},{"floor":13,"key":"Fire Potion"},{"floor":21,"key":"SteroidPotion"},{"floor":39,"key":"LiquidBronze"},{"floor":41,"key":"Ancient Potion"},{"floor":45,"key":"LiquidBronze"}],"is_trial":false,"path_per_floor":["M","$","M","$","M","R","?","R","T","M","$","M","M","M","R","B",null,"M","T","$","M","?","R","?","?","T","R","M","?","M","$","R","B",null,"M","$","M","$","?","R","M","?","T","R","M","?","R","M","R","B",null],"character_chosen":"DEFECT","items_purchased":["Coolheaded","Trip","Conserve Battery","Bag of Preparation","Explosive Potion","Bandage Up","PowerPotion"],"campfire_rested":7,"item_purchase_floors":[2,4,11,20,31,36,36],"current_hp_per_floor":[74,74,74,74,72,72,72,72,72,64,64,64,60,60,60,57,75,54,54,54,53,39,63,63,63,63,80,70,70,70,70,80,67,80,72,72,64,64,68,80,67,67,67,80,74,52,76,73,80,60],"gold":87,"neow_bonus":"ONE_RANDOM_RARE_CARD","is_prod":false,"is_daily":false,"chose_seed":false,"campfire_upgraded":3,"win_rate":0,"timestamp":1548473025,"path_taken":["M","$","?","$","M","R","?","R","T","?","$","M","?","M","R","BOSS","M","?","$","?","?","R","?","?","T","R","M","?","M","?","R","BOSS","M","$","M","?","?","R","M","?","T","R","M","?","R","M","R","BOSS"],"build_version":"2019-01-23","purchased_purges":0,"victory":true,"max_hp_per_floor":[75,75,75,75,75,75,75,75,75,75,75,75,75,75,75,75,75,75,75,75,75,80,80,80,80,80,80,80,80,80,80,80,80,80,80,80,80,80,80,80,80,80,80,80,80,80,80,80,80,80],"card_choices":[{"not_picked":["Blizzard","Force Field"],"picked":"Coolheaded","floor":1},{"not_picked":["Aggregate","Leap"],"picked":"Compile Driver","floor":3},{"not_picked":["Ball Lightning","Chaos"],"picked":"Beam Cell","floor":5},{"not_picked":["Auto Shields","Beam Cell"],"picked":"Defragment","floor":10},{"not_picked":["Hyperbeam","Beam Cell"],"picked":"Cold Snap","floor":12},{"not_picked":["Steam","Turbo"],"picked":"FTL","floor":13},{"not_picked":["Rebound","Storm"],"picked":"Sweeping Beam","floor":14},{"not_picked":["Hyperbeam","Seek"],"picked":"Core Surge","floor":16},{"not_picked":["Streamline","Chaos"],"picked":"Static Discharge","floor":18},{"not_picked":["White Noise","Gash"],"picked":"Capacitor","floor":21},{"not_picked":["Fusion","Consume"],"picked":"Defragment","floor":23},{"not_picked":["Ball Lightning+1","Go for the Eyes"],"picked":"Cold Snap+1","floor":27},{"not_picked":["Beam Cell","Barrage","Ball Lightning"],"picked":"SKIP","floor":28},{"not_picked":["Redo","Consume"],"picked":"White Noise","floor":30},{"not_picked":["Darkness+1","Rebound"],"picked":"Blizzard","floor":32},{"not_picked":["Reboot","Echo Form"],"picked":"Seek","floor":33},{"not_picked":["Ball Lightning+1","Leap+1"],"picked":"Melter+1","floor":35},{"not_picked":["Streamline+1","Leap+1"],"picked":"Defragment","floor":37},{"not_picked":["Rebound+1","Beam Cell+1"],"picked":"Hologram+1","floor":39},{"not_picked":["Leap+1","Cold Snap"],"picked":"Go for the Eyes+1","floor":40},{"not_picked":["Auto Shields","Beam Cell"],"picked":"Conserve Battery+1","floor":41},{"not_picked":["Beam Cell","Blizzard"],"picked":"Undo","floor":44},{"not_picked":["Sunder+1","Meteor Strike"],"picked":"Reinforced Body","floor":45},{"not_picked":["Conserve Battery","Beam Cell"],"picked":"Coolheaded+1","floor":46},{"not_picked":["Storm","Reinforced Body+1"],"picked":"Cold Snap+1","floor":47},{"not_picked":["Gash+1","Beam Cell+1"],"picked":"Turbo","floor":48}],"player_experience":225990,"relics_obtained":[{"floor":9,"key":"Gremlin Horn"},{"floor":19,"key":"Dream Catcher"},{"floor":26,"key":"Meat on the Bone"},{"floor":39,"key":"Ginger"},{"floor":43,"key":"Ornamental Fan"},{"floor":46,"key":"Ice Cream"}],"event_choices":[{"cards_removed":["Strike_B"],"damage_healed":0,"gold_gain":0,"player_choice":"Card Removal","damage_taken":0,"max_hp_gain":0,"max_hp_loss":0,"event_name":"Wheel of Change","floor":7,"gold_loss":0},{"damage_healed":0,"gold_gain":0,"player_choice":"Shed Blood","damage_taken":19,"max_hp_gain":5,"max_hp_loss":0,"event_name":"Forgotten Altar","floor":22,"gold_loss":0},{"damage_healed":0,"gold_gain":0,"player_choice":"Simplicity","damage_taken":0,"max_hp_gain":0,"max_hp_loss":0,"event_name":"Back to Basics","floor":24,"gold_loss":0,"cards_upgraded":["Strike_B","Strike_B","Strike_B","Defend_B","Defend_B","Defend_B","Defend_B"]},{"damage_healed":0,"gold_gain":0,"player_choice":"Read","damage_taken":0,"max_hp_gain":0,"max_hp_loss":0,"event_name":"The Library","floor":25,"gold_loss":0,"cards_obtained":["White Noise"]},{"damage_healed":0,"gold_gain":0,"player_choice":"Fight","damage_taken":0,"max_hp_gain":0,"max_hp_loss":0,"event_name":"Colosseum","floor":29,"gold_loss":0},{"damage_healed":0,"gold_gain":0,"player_choice":"Fled From Nobs","damage_taken":0,"max_hp_gain":0,"max_hp_loss":0,"event_name":"Colosseum","floor":29,"gold_loss":0},{"damage_healed":0,"gold_gain":0,"player_choice":"Fight","damage_taken":0,"max_hp_gain":0,"max_hp_loss":0,"event_name":"MindBloom","floor":39,"gold_loss":0},{"damage_healed":0,"gold_gain":0,"player_choice":"Paid","damage_taken":0,"relics_obtained":["Red Mask"],"max_hp_gain":0,"max_hp_loss":0,"event_name":"Tomb of Lord Red Mask","floor":42,"gold_loss":150},{"damage_healed":0,"gold_gain":0,"player_choice":"Fight","damage_taken":0,"max_hp_gain":0,"max_hp_loss":0,"event_name":"Mysterious Sphere","floor":46,"gold_loss":0}],"is_beta":false,"boss_relics":[{"not_picked":["Ectoplasm","Orrery"],"picked":"Fusion Hammer"},{"not_picked":["Pandora\u0027s Box","Astrolabe"],"picked":"FrozenCore"}],"items_purged_floors":[],"is_endless":false,"potions_floor_spawned":[1,5,12,13,21,39,41,45,46],"ascension_level":1}