{"gold_per_floor":[115,115,126,47,47,75,75,75],"floor_reached":8,"playtime":400,"items_purged":[],"score":68,"play_id":"64fdc8c1-2857-4577-a01f-84b2b947f9a1","local_time":"20190215123042","is_ascension_mode":true,"campfire_choices":[],"neow_cost":"NONE","seed_source_timestamp":195481321093290,"circlet_count":0,"master_deck":["Strike_B","Strike_B","Defend_B","Defend_B","Defend_B","Defend_B","Zap","Dualcast","Genetic Algorithm","Conserve Battery","Capacitor"],"relics":["Cracked Core","Juzu Bracelet","Ancient Tea Set","Golden Idol"],"potions_floor_usage":[],"damage_taken":[{"damage":0,"enemies":"Cultist","floor":1,"turns":4},{"damage":2,"enemies":"2 Louse","floor":3,"turns":4},{"damage":40,"enemies":"Lagavulin","floor":6,"turns":10},{"damage":0,"enemies":"3 Sentries","floor":8,"turns":1}],"seed_played":"-5702571157891722433","potions_obtained":[{"floor":1,"key":"Energy Potion"},{"floor":3,"key":"Fire Potion"}],"is_trial":false,"path_per_floor":["?","M","?","?"],"character_chosen":"DEFECT","items_purchased":["Capacitor"],"campfire_rested":0,"item_purchase_floors":[4],"current_hp_per_floor":[75,75,73,73,66,26,8,8],"gold":75,"neow_bonus":"REMOVE_CARD","is_prod":false,"is_daily":false,"chose_seed":false,"campfire_upgraded":0,"win_rate":0,"timestamp":1550230242,"path_taken":["M","?","?","$","?","E","?","E"],"build_version":"2019-01-23","purchased_purges":0,"victory":false,"max_hp_per_floor":[75,75,75,75,75,75,75,75],"card_choices":[{"not_picked":["Blizzard","Steam"],"picked":"Genetic Algorithm","floor":1},{"not_picked":["Aggregate","Doom and Gloom"],"picked":"Conserve Battery","floor":3},{"not_picked":["Compile Driver","Recycle","Doom and Gloom"],"picked":"SKIP","floor":6}],"player_experience":165965,"relics_obtained":[{"floor":6,"key":"Ancient Tea Set"}],"event_choices":[{"cards_removed":["Strike_B"],"damage_healed":0,"gold_gain":0,"player_choice":"Purged","damage_taken":0,"max_hp_gain":0,"max_hp_loss":0,"event_name":"Purifier","floor":2,"gold_loss":0},{"damage_healed":0,"gold_gain":0,"player_choice":"Success","damage_taken":7,"relics_obtained":["Juzu Bracelet"],"max_hp_gain":0,"max_hp_loss":0,"event_name":"Scrap Ooze","floor":5,"gold_loss":0},{"damage_healed":0,"gold_gain":0,"player_choice":"Take Damage","damage_taken":18,"relics_obtained":["Golden Idol"],"max_hp_gain":0,"max_hp_loss":0,"event_name":"Golden Idol","floor":7,"gold_loss":0}],"is_beta":false,"boss_relics":[],"items_purged_floors":[],"is_endless":false,"potions_floor_spawned":[1,3],"killed_by":"3 Sentries","ascension_level":5}