{"gold_per_floor":[113,125,200,200,223,255,272,272,272,272,347,381,399,415,415,519,519],"floor_reached":17,"playtime":903,"items_purged":[],"score":206,"play_id":"9f01854d-0d63-4e87-a8fb-df7ce6ab81e3","local_time":"20180803173534","is_ascension_mode":true,"campfire_choices":[{"data":"Inflame","floor":8,"key":"SMITH"},{"data":"Iron Wave","floor":10,"key":"SMITH"},{"data":"Bash","floor":15,"key":"SMITH"}],"neow_cost":"","seed_source_timestamp":0,"circlet_count":0,"master_deck":["Bash+1","Iron Wave+1","Inflame+1","Dual Wield","Rampage","Limit Break","Clothesline","Burning Pact","Armaments","Heavy Blade","Armaments","Perfected Strike","Rage","Shrug It Off","True Grit"],"special_seed":0,"relics":["Burning Blood","Bag of Preparation","Bronze Scales","Orichalcum","Anchor","Pandora\u0027s Box"],"potions_floor_usage":[6,6,12,16],"damage_taken":[{"damage":8.0,"enemies":"2 Louse","floor":1.0,"turns":3.0},{"damage":6.0,"enemies":"Jaw Worm","floor":2.0,"turns":5.0},{"damage":15,"enemies":"3 Sentries","floor":6,"turns":7},{"damage":1,"enemies":"Cultist","floor":7,"turns":3},{"damage":14,"enemies":"Gremlin Nob","floor":12,"turns":4},{"damage":2,"enemies":"3 Louse","floor":13,"turns":3},{"damage":4,"enemies":"Blue Slaver","floor":14,"turns":4},{"damage":13,"enemies":"Hexaghost","floor":16,"turns":7}],"seed_played":"-3146121071978427689","potions_obtained":[{"floor":4.0,"key":"LiquidBronze"},{"floor":4.0,"key":"SkillPotion"},{"floor":4.0,"key":"EntropicBrew"},{"floor":6,"key":"SpeedPotion"},{"floor":7,"key":"Block Potion"},{"floor":14,"key":"SmokeBomb"},{"floor":16,"key":"FearPotion"}],"is_trial":false,"path_per_floor":["M","M","?","?","T","E","M","R","T","R","?","E","M","M","R","B"],"character_chosen":"IRONCLAD","items_purchased":[],"campfire_rested":0,"item_purchase_floors":[],"current_hp_per_floor":[78,78,67,67,67,58,63,63,63,63,55,47,51,53,53,46,72],"gold":519,"neow_bonus":"","is_prod":false,"is_daily":false,"chose_seed":false,"campfire_upgraded":3,"win_rate":0,"timestamp":1533310534,"path_taken":["M","M","?","?","?","E","?","R","T","R","?","E","M","M","R","BOSS"],"build_version":"2018-08-02","purchased_purges":0,"victory":false,"max_hp_per_floor":[80,80,80,80,80,80,80,80,80,80,80,80,80,80,80,80,80],"card_choices":[{"not_picked":["Intimidate","Body Slam"],"picked":"Iron Wave","floor":1.0},{"not_picked":["Anger","Havoc"],"picked":"Inflame","floor":2.0},{"not_picked":["Anger","Pommel Strike","Second Wind"],"picked":"SKIP","floor":6},{"not_picked":["True Grit","Pommel Strike","Headbutt"],"picked":"SKIP","floor":7},{"not_picked":["True Grit","Immolate"],"picked":"Dual Wield","floor":12},{"not_picked":["Clash","Cleave","Uppercut"],"picked":"SKIP","floor":13},{"not_picked":["Corruption","Intimidate"],"picked":"Rampage","floor":14},{"not_picked":["Brutality","Fiend Fire"],"picked":"Limit Break","floor":16}],"player_experience":258543,"relics_obtained":[{"floor":5,"key":"Bag of Preparation"},{"floor":6,"key":"Bronze Scales"},{"floor":9,"key":"Orichalcum"},{"floor":12,"key":"Anchor"}],"event_choices":[{"event_name":"World of Goop","player_choice":"Gather Gold","floor":3.0,"damage_taken":0.0},{"event_name":"The Lab","player_choice":"Got Potions","floor":4.0,"damage_taken":0.0},{"event_name":"FaceTrader","player_choice":"Touch","floor":11,"damage_taken":0}],"is_beta":false,"boss_relics":[{"not_picked":["Philosopher\u0027s Stone","Busted Crown"],"picked":"Pandora\u0027s Box"}],"items_purged_floors":[],"is_endless":false,"potions_floor_spawned":[6,7,14,16],"ascension_level":5}