{"gold_per_floor":[110,285,295,295,308,334,334,191,191,191],"floor_reached":10,"playtime":705,"items_purged":["Regret"],"score":66,"play_id":"720f8253-9d63-4632-b9c6-92dc2e72f9aa","local_time":"20190208163838","is_ascension_mode":false,"campfire_choices":[{"data":"Defragment","floor":7,"key":"SMITH"}],"neow_cost":"NONE","seed_source_timestamp":60876532803045,"circlet_count":0,"master_deck":["Strike_B","Strike_B","Strike_B","Defend_B","Defend_B","Defend_B","Defend_B","Zap","Dualcast","Capacitor","Conserve Battery","Doubt","Compile Driver","Defragment+1","Steam+1","Reboot+1"],"relics":["Cracked Core","Toxic Egg 2","Pen Nib","Bottled Flame"],"potions_floor_usage":[6],"damage_taken":[{"damage":6,"enemies":"Cultist","floor":1,"turns":4},{"damage":14,"enemies":"Jaw Worm","floor":3,"turns":6},{"damage":2,"enemies":"2 Louse","floor":5,"turns":4},{"damage":33,"enemies":"Gremlin Nob","floor":6,"turns":5},{"damage":27,"enemies":"3 Sentries","floor":10,"turns":6}],"seed_played":"-578727264319689216","potions_obtained":[{"floor":5,"key":"FearPotion"}],"is_trial":false,"path_per_floor":["?","?","$"],"character_chosen":"DEFECT","items_purchased":["Reboot+1"],"campfire_rested":0,"item_purchase_floors":[8],"current_hp_per_floor":[69,69,55,55,53,20,20,20,20,0],"gold":191,"neow_bonus":"TRANSFORM_CARD","is_prod":false,"is_daily":false,"chose_seed":false,"campfire_upgraded":1,"win_rate":0.0,"timestamp":1549640318,"path_taken":["M","?","M","?","M","E","R","?","T","E"],"build_version":"2019-01-23","purchased_purges":1,"victory":false,"max_hp_per_floor":[75,75,75,75,75,75,75,75,75,75],"card_choices":[{"not_picked":["Rebound","Genetic Algorithm"],"picked":"Conserve Battery","floor":1},{"not_picked":["Ball Lightning","Blizzard"],"picked":"Compile Driver","floor":3},{"not_picked":["Sweeping Beam","Stack+1"],"picked":"Defragment","floor":5},{"not_picked":["Conserve Battery+1","Barrage"],"picked":"Steam+1","floor":6}],"player_experience":50150,"relics_obtained":[{"floor":6,"key":"Pen Nib"},{"floor":9,"key":"Bottled Flame"}],"event_choices":[{"damage_healed":0,"gold_gain":175,"player_choice":"AGREE","damage_taken":0,"max_hp_gain":0,"max_hp_loss":0,"event_name":"Liars Game","floor":2,"gold_loss":0,"cards_obtained":["Doubt"]},{"damage_healed":0,"gold_gain":0,"player_choice":"Box","damage_taken":0,"relics_obtained":["Toxic Egg 2"],"max_hp_gain":0,"max_hp_loss":0,"event_name":"Big Fish","floor":4,"gold_loss":0,"cards_obtained":["Regret"]}],"is_beta":false,"boss_relics":[],"items_purged_floors":[8],"is_endless":false,"potions_floor_spawned":[5],"killed_by":"3 Sentries","ascension_level":0}