{"gold_per_floor":[117,292,292,80,99,125,138,164,187,214,232,261,261,272,272,373,373,390,390,406,406,417,417],"floor_reached":23,"playtime":1950,"items_purged":["Doubt"],"score":283,"play_id":"aa5ad0a9-7c96-49cb-83c5-677691c1b8ff","local_time":"20190211174221","is_ascension_mode":true,"campfire_choices":[{"data":"Capacitor","floor":13,"key":"SMITH"},{"data":"Coolheaded","floor":15,"key":"SMITH"}],"neow_cost":"NONE","seed_source_timestamp":322654939151073,"circlet_count":0,"master_deck":["Strike_B","Strike_B","Strike_B+1","Strike_B","Defend_B","Defend_B","Defend_B","Defend_B","Zap","Dualcast","Ball Lightning+1","Reboot","Turbo","Coolheaded+1","Capacitor+1","Chill","Aggregate","Machine Learning","Conserve Battery","Fusion","Electrodynamics","Go for the Eyes"],"relics":["Cracked Core","NeowsBlessing","Gremlin Horn","Blood Vial","Oddly Smooth Stone","Whetstone","Smiling Mask","Runic Pyramid"],"potions_floor_usage":[8,12,16],"damage_taken":[{"damage":0,"enemies":"Small Slimes","floor":1,"turns":1},{"damage":0,"enemies":"Jaw Worm","floor":5,"turns":1},{"damage":0,"enemies":"3 Sentries","floor":6,"turns":1},{"damage":1,"enemies":"Cultist","floor":7,"turns":3},{"damage":7,"enemies":"Gremlin Nob","floor":8,"turns":3},{"damage":9,"enemies":"Lagavulin","floor":10,"turns":8},{"damage":0,"enemies":"3 Louse","floor":11,"turns":2},{"damage":32,"enemies":"Gremlin Nob","floor":12,"turns":4},{"damage":0,"enemies":"Lots of Slimes","floor":14,"turns":4},{"damage":21,"enemies":"The Guardian","floor":16,"turns":15},{"damage":14,"enemies":"3 Byrds","floor":18,"turns":4},{"damage":23,"enemies":"2 Thieves","floor":20,"turns":4},{"damage":8,"enemies":"3 Cultists","floor":22,"turns":4},{"damage":36,"enemies":"Book of Stabbing","floor":23,"turns":5}],"seed_played":"-2667826418284944198","potions_obtained":[{"floor":6,"key":"AttackPotion"},{"floor":7,"key":"Swift Potion"},{"floor":12,"key":"SkillPotion"},{"floor":16,"key":"SpeedPotion"},{"floor":20,"key":"LiquidBronze"}],"is_trial":false,"path_per_floor":["?","T","M","M","?","M","?"],"character_chosen":"DEFECT","items_purchased":["Reboot"],"campfire_rested":0,"item_purchase_floors":[4],"current_hp_per_floor":[75,75,75,75,75,75,74,68,68,61,63,33,33,35,35,16,75,61,61,40,40,34,0],"gold":417,"neow_bonus":"THREE_ENEMY_KILL","is_prod":false,"is_daily":false,"chose_seed":false,"campfire_upgraded":2,"win_rate":0,"timestamp":1549903341,"path_taken":["M","?","?","$","?","E","M","E","T","E","?","E","R","M","R","BOSS","M","?","?","?","M","E"],"build_version":"2019-01-23","purchased_purges":1,"victory":false,"max_hp_per_floor":[75,75,75,75,75,75,75,75,75,75,75,75,75,75,75,75,75,75,75,75,75,75,75],"card_choices":[{"not_picked":["Redo","Rebound"],"picked":"Ball Lightning","floor":1},{"not_picked":["Storm","Steam"],"picked":"Turbo","floor":5},{"not_picked":["Blizzard","Stack"],"picked":"Coolheaded","floor":6},{"not_picked":["Compile Driver","Consume"],"picked":"Capacitor","floor":7},{"not_picked":["Steam","Gash"],"picked":"Chill","floor":8},{"not_picked":["Sweeping Beam","Static Discharge"],"picked":"Aggregate","floor":10},{"not_picked":["Recycle","Steam"],"picked":"Machine Learning","floor":11},{"not_picked":["Skim","Self Repair"],"picked":"Conserve Battery","floor":12},{"not_picked":["Turbo","Steam"],"picked":"Fusion","floor":14},{"not_picked":["Creative AI","Buffer"],"picked":"Electrodynamics","floor":16},{"not_picked":["Leap","Rebound"],"picked":"Go for the Eyes","floor":18},{"not_picked":["Go for the Eyes+1","Gash","Beam Cell"],"picked":"SKIP","floor":20},{"not_picked":["Steam","Barrage","Lockon"],"picked":"SKIP","floor":22}],"player_experience":117780,"relics_obtained":[{"floor":3,"key":"Gremlin Horn"},{"floor":6,"key":"Blood Vial"},{"floor":8,"key":"Oddly Smooth Stone"},{"floor":10,"key":"Whetstone"},{"floor":12,"key":"Smiling Mask"}],"event_choices":[{"damage_healed":0,"gold_gain":175,"player_choice":"AGREE","damage_taken":0,"max_hp_gain":0,"max_hp_loss":0,"event_name":"Liars Game","floor":2,"gold_loss":0,"cards_obtained":["Doubt"]},{"damage_healed":0,"gold_gain":0,"player_choice":"Cursed","damage_taken":0,"max_hp_gain":0,"max_hp_loss":0,"event_name":"Wheel of Change","floor":19,"gold_loss":0,"cards_obtained":["Decay"]},{"cards_removed":["Decay"],"damage_healed":0,"gold_gain":0,"player_choice":"Removed Curses","damage_taken":0,"max_hp_gain":0,"max_hp_loss":0,"event_name":"Fountain of Cleansing","floor":21,"gold_loss":0}],"is_beta":false,"boss_relics":[{"not_picked":["Coffee Dripper","Black Star"],"picked":"Runic Pyramid"}],"items_purged_floors":[4],"is_endless":false,"potions_floor_spawned":[6,7,12,16,20],"killed_by":"Book of Stabbing","ascension_level":3}