{"gold_per_floor":[111,128,5,5,5,5,180,198,253,31,56,79,79,104,104,224,224,243,243,256,256,256,256,269,9,9,9,32,32,32,51,51,176,176,199,25,93,106,15,15,31,31,31,50,50],"floor_reached":45,"playtime":2879,"items_purged":["Doubt"],"score":430,"play_id":"e4d2615e-39b4-4964-93af-02353fc0013d","local_time":"20190117101637","is_ascension_mode":false,"campfire_choices":[{"data":"Blind","floor":6,"key":"SMITH"},{"data":"Storm","floor":13,"key":"SMITH"},{"data":"Zap","floor":15,"key":"SMITH"},{"data":"Fission","floor":23,"key":"SMITH"},{"floor":29,"key":"REST"},{"floor":32,"key":"REST"},{"floor":40,"key":"REST"},{"floor":42,"key":"REST"}],"neow_cost":"NONE","seed_source_timestamp":47455691825425,"circlet_count":0,"master_deck":["Defend_B+1","Defend_B+1","Zap+1","Dualcast","Darkness","Streamline","Glacier","Blind+1","Melter","Conserve Battery","Ball Lightning","Storm+1","Doom and Gloom","Fission+1","Turbo","Melter","Bite","Bite","Bite","Beam Cell","Self Repair","Compile Driver","Streamline+1","Static Discharge+1","Fission","Doom and Gloom+1","Master of Strategy+1","Blind+1","Go for the Eyes","Bandage Up","Steam","Static Discharge","Leap+1","Bandage Up","White Noise+1","Ball Lightning"],"relics":["Cracked Core","Golden Idol","Tiny Chest","Lizard Tail","Omamori","Art of War","Nloth\u0027s Gift","Astrolabe","Dodecahedron","Bottled Tornado"],"potions_floor_usage":[12,16,16,33,33,33,45],"damage_taken":[{"damage":0,"enemies":"Cultist","floor":1,"turns":4},{"damage":3,"enemies":"Jaw Worm","floor":2,"turns":3},{"damage":7,"enemies":"Small Slimes","floor":8,"turns":3},{"damage":5,"enemies":"2 Fungi Beasts","floor":11,"turns":3},{"damage":0,"enemies":"Large Slime","floor":12,"turns":4},{"damage":1,"enemies":"Blue Slaver","floor":14,"turns":3},{"damage":18,"enemies":"Hexaghost","floor":16,"turns":12},{"damage":4,"enemies":"Chosen","floor":18,"turns":6},{"damage":11,"enemies":"3 Byrds","floor":20,"turns":5},{"damage":15,"enemies":"Centurion and Healer","floor":24,"turns":5},{"damage":19,"enemies":"3 Cultists","floor":28,"turns":6},{"damage":27,"enemies":"Cultist and Chosen","floor":31,"turns":8},{"damage":71,"enemies":"Automaton","floor":33,"turns":10},{"damage":12,"enemies":"Orb Walker","floor":35,"turns":4},{"damage":30,"enemies":"3 Darklings","floor":38,"turns":4},{"damage":41,"enemies":"4 Shapes","floor":41,"turns":4},{"damage":35,"enemies":"Jaw Worm Horde","floor":44,"turns":3},{"damage":86,"enemies":"Giant Head","floor":45,"turns":8}],"seed_played":"7850314788308136381","potions_obtained":[{"floor":2,"key":"Swift Potion"},{"floor":8,"key":"Regen Potion"},{"floor":12,"key":"Dexterity Potion"},{"floor":18,"key":"Ancient Potion"},{"floor":24,"key":"PowerPotion"},{"floor":28,"key":"Block Potion"},{"floor":44,"key":"Ancient Potion"}],"is_trial":false,"path_per_floor":["M","M","$","?","?","R","?","M","T","$","M","M","R","M","R","B",null,"M","?","M","?","?","R","M","$","T","T","M","R","?","M","R","B",null,"M","$","T","M","$","R","M","R","T","M","E"],"character_chosen":"DEFECT","items_purchased":["Blind","Melter","Blood Vial","Omamori","Self Repair","Compile Driver","Bandage Up","Steam","Static Discharge","Bandage Up"],"campfire_rested":4,"item_purchase_floors":[3,3,10,25,25,25,36,36,36,39],"current_hp_per_floor":[75,72,72,69,55,55,55,48,48,48,45,59,59,60,60,44,69,65,65,56,56,56,56,45,45,45,45,41,61,61,49,69,17,69,57,57,57,29,29,49,17,37,37,4,0],"gold":50,"neow_bonus":"TRANSFORM_CARD","is_prod":false,"is_daily":false,"chose_seed":false,"campfire_upgraded":4,"win_rate":0.0,"timestamp":1547738197,"path_taken":["M","M","?","?","?","R","?","M","T","$","M","M","R","M","R","BOSS","M","?","M","?","?","R","M","$","T","?","M","R","?","M","R","BOSS","M","$","?","M","?","R","M","R","T","M","E"],"build_version":"2019-01-10","purchased_purges":1,"victory":false,"max_hp_per_floor":[75,75,75,69,69,69,69,69,69,69,69,69,69,69,69,69,69,69,69,69,69,69,69,69,69,69,69,69,69,69,69,69,69,69,69,69,69,69,69,69,69,69,69,69,69],"card_choices":[{"not_picked":["Stack","Darkness"],"picked":"Streamline","floor":1},{"not_picked":["Coolheaded","Streamline"],"picked":"Glacier","floor":2},{"not_picked":["Streamline","Stack"],"picked":"Conserve Battery","floor":8},{"not_picked":["Sweeping Beam","Cold Snap"],"picked":"Ball Lightning","floor":11},{"not_picked":["Turbo","Beam Cell"],"picked":"Storm","floor":12},{"not_picked":["Aggregate","Turbo"],"picked":"Doom and Gloom","floor":14},{"not_picked":["Reboot","Core Surge"],"picked":"Fission","floor":16},{"not_picked":["Rebound","Streamline+1"],"picked":"Turbo","floor":18},{"not_picked":["Turbo","Stack"],"picked":"Melter","floor":20},{"not_picked":["Fusion","Stack+1"],"picked":"Beam Cell","floor":24},{"not_picked":["Beam Cell","Coolheaded"],"picked":"Streamline+1","floor":28},{"not_picked":["Recycle","Stack"],"picked":"Static Discharge+1","floor":31},{"not_picked":["Meteor Strike","Multi-Cast"],"picked":"Fission","floor":33},{"not_picked":["Hologram","Leap"],"picked":"Go for the Eyes","floor":35},{"not_picked":["Cold Snap","Stack+1"],"picked":"Leap+1","floor":38},{"not_picked":["Gash","Steam Power"],"picked":"White Noise+1","floor":41},{"not_picked":["Barrage","Reinforced Body"],"picked":"Ball Lightning","floor":44}],"player_experience":83179,"relics_obtained":[{"floor":9,"key":"Tiny Chest"},{"floor":26,"key":"Darkstone Periapt"},{"floor":27,"key":"Art of War"},{"floor":37,"key":"Dodecahedron"},{"floor":43,"key":"Bottled Tornado"}],"event_choices":[{"damage_healed":0,"gold_gain":0,"player_choice":"Lose Max HP","damage_taken":0,"relics_obtained":["Golden Idol"],"max_hp_gain":0,"max_hp_loss":6,"event_name":"Golden Idol","floor":4,"gold_loss":0},{"damage_healed":0,"gold_gain":0,"player_choice":"Entered Light","damage_taken":14,"max_hp_gain":0,"max_hp_loss":0,"event_name":"Shining Light","floor":5,"gold_loss":0,"cards_upgraded":["Defend_B","Strike_B"]},{"damage_healed":0,"gold_gain":175,"player_choice":"AGREE","damage_taken":0,"max_hp_gain":0,"max_hp_loss":0,"event_name":"Liars Game","floor":7,"gold_loss":0,"cards_obtained":["Doubt"]},{"damage_healed":0,"gold_gain":0,"player_choice":"Simplicity","damage_taken":0,"max_hp_gain":0,"max_hp_loss":0,"event_name":"Back to Basics","floor":19,"gold_loss":0,"cards_upgraded":["Strike_B","Strike_B","Strike_B","Defend_B","Defend_B"]},{"damage_healed":0,"gold_gain":0,"player_choice":"Ignored","damage_taken":0,"max_hp_gain":0,"max_hp_loss":0,"event_name":"Cursed Tome","floor":21,"gold_loss":0},{"damage_healed":0,"gold_gain":0,"player_choice":"Became a vampire (Vial)","damage_taken":0,"max_hp_gain":0,"max_hp_loss":0,"event_name":"Vampires","floor":22,"relics_lost":["Blood Vial"],"gold_loss":0,"cards_obtained":["Bite","Bite","Bite","Bite","Bite"]},{"damage_healed":0,"gold_gain":0,"player_choice":"Traded Relic","damage_taken":0,"relics_obtained":["Nloth\u0027s Gift"],"max_hp_gain":0,"max_hp_loss":0,"event_name":"N\u0027loth","floor":30,"relics_lost":["Darkstone Periapt"],"gold_loss":0}],"is_beta":false,"boss_relics":[{"not_picked":["Runic Pyramid","Pandora\u0027s Box"],"picked":"Lizard Tail"},{"not_picked":["Coffee Dripper","Velvet Choker"],"picked":"Astrolabe"}],"items_purged_floors":[10],"is_endless":false,"potions_floor_spawned":[2,8,12,18,24,28,44],"killed_by":"Giant Head","ascension_level":0}