{"gold_per_floor":[113,113,124,124,124,124,134,144,144,144,159,171,204,220,220,220],"floor_reached":16,"playtime":1384,"items_purged":[],"score":192,"play_id":"7a34965b-5b30-4ad1-b9de-cb99f1bc3589","local_time":"20190108195857","is_ascension_mode":true,"campfire_choices":[{"data":"Unload","floor":6,"key":"SMITH"},{"data":"Survivor","floor":10,"key":"SMITH"},{"data":"Footwork","floor":15,"key":"SMITH"}],"neow_cost":"NONE","seed_source_timestamp":0,"circlet_count":0,"master_deck":["AscendersBane","Defend_G","Defend_G","Defend_G","Defend_G","Defend_G","Strike_G","Strike_G","Strike_G","Strike_G","Survivor+1","Neutralize","Unload+1","Deflect","Eviscerate","Footwork+1","Concentrate","After Image","Prepared"],"special_seed":0,"relics":["Ring of the Snake","NlothsMask","Bottled Lightning"],"potions_floor_usage":[11,13,16,16],"damage_taken":[{"damage":0,"enemies":"Jaw Worm","floor":1,"turns":4},{"damage":1,"enemies":"Cultist","floor":3,"turns":4},{"damage":2,"enemies":"2 Louse","floor":7,"turns":3},{"damage":4,"enemies":"Blue Slaver","floor":8,"turns":4},{"damage":4,"enemies":"Exordium Wildlife","floor":11,"turns":5},{"damage":9,"enemies":"Gremlin Gang","floor":12,"turns":7},{"damage":8,"enemies":"Lagavulin","floor":13,"turns":8},{"damage":10,"enemies":"Lots of Slimes","floor":14,"turns":8},{"damage":27,"enemies":"Slime Boss","floor":16,"turns":9}],"seed_played":"-1097073042073814113","potions_obtained":[{"floor":3,"key":"SteroidPotion"},{"floor":7,"key":"Weak Potion"},{"floor":11,"key":"Block Potion"},{"floor":14,"key":"FearPotion"}],"is_trial":false,"path_per_floor":["M","?","M","?","$","R","M","M","T","R","M","M","E","M","R","B"],"character_chosen":"THE_SILENT","items_purchased":[],"campfire_rested":0,"item_purchase_floors":[],"current_hp_per_floor":[59,59,58,58,58,58,56,52,52,52,48,39,31,21,21,0],"gold":220,"neow_bonus":"ONE_RANDOM_RARE_CARD","is_prod":false,"is_daily":false,"chose_seed":false,"campfire_upgraded":3,"win_rate":0,"timestamp":1546973937,"path_taken":["M","?","?","?","?","R","M","M","T","R","M","M","E","M","R","BOSS"],"build_version":"2019-01-03v4","purchased_purges":0,"victory":false,"max_hp_per_floor":[66,66,66,66,66,66,66,66,66,66,66,66,66,66,66,66],"card_choices":[{"not_picked":["Acrobatics","Crippling Poison"],"picked":"Deflect","floor":1},{"not_picked":["Noxious Fumes","Bouncing Flask","Sucker Punch"],"picked":"SKIP","floor":3},{"not_picked":["Poisoned Stab","Dagger Spray","Sucker Punch"],"picked":"SKIP","floor":7},{"not_picked":["Blade Dance","Flying Knee"],"picked":"Eviscerate","floor":8},{"not_picked":["Acrobatics","Poisoned Stab"],"picked":"Footwork","floor":11},{"not_picked":["Footwork","Acrobatics"],"picked":"Concentrate","floor":12},{"not_picked":["Noxious Fumes","Backflip"],"picked":"After Image","floor":13},{"not_picked":["Endless Agony","Caltrops"],"picked":"Prepared","floor":14}],"player_experience":702316,"relics_obtained":[{"floor":13,"key":"Bottled Lightning"}],"event_choices":[{"damage_healed":0,"gold_gain":0,"player_choice":"Trade","damage_taken":0,"relics_obtained":["NlothsMask"],"max_hp_gain":0,"max_hp_loss":0,"event_name":"FaceTrader","floor":2,"gold_loss":0},{"cards_removed":["Strike_G"],"damage_healed":0,"gold_gain":0,"player_choice":"Offered Basic","damage_taken":0,"max_hp_gain":0,"max_hp_loss":0,"event_name":"Bonfire Elementals","floor":4,"gold_loss":0}],"is_beta":false,"boss_relics":[],"items_purged_floors":[],"is_endless":false,"potions_floor_spawned":[3,7,11,12,14],"killed_by":"Slime Boss","ascension_level":17}