{"gold_per_floor":[115,40,40,51,51,51,65,84,84,104,104,116,136,136],"floor_reached":14,"playtime":449,"items_purged":[],"score":84,"play_id":"1d3dba86-8fcd-4e67-a3fa-58c5cfe2856c","local_time":"20190124173749","is_ascension_mode":false,"campfire_choices":[{"floor":6,"key":"RECALL"}],"neow_cost":"NONE","seed_source_timestamp":681192338976934,"circlet_count":0,"master_deck":["Strike_B","Strike_B","Strike_B","Defend_B","Defend_B","Defend_B","Defend_B","Zap","Static Discharge","Gash","Streamline","Defragment","Steam","Trip","Echo Form","Gash","Conserve Battery","Stack","White Noise"],"relics":["Cracked Core","Ancient Tea Set"],"potions_floor_usage":[14,14],"damage_taken":[{"damage":7,"enemies":"2 Louse","floor":1,"turns":2},{"damage":1,"enemies":"Cultist","floor":4,"turns":3},{"damage":0,"enemies":"Jaw Worm","floor":7,"turns":4},{"damage":0,"enemies":"Large Slime","floor":8,"turns":5},{"damage":23,"enemies":"Exordium Wildlife","floor":10,"turns":4},{"damage":40,"enemies":"Gremlin Gang","floor":12,"turns":5},{"damage":0,"enemies":"Large Slime","floor":13,"turns":6},{"damage":6,"enemies":"Lagavulin","floor":14,"turns":3}],"seed_played":"-7910170490014995952","potions_obtained":[{"floor":7,"key":"SteroidPotion"},{"floor":8,"key":"SneckoOil"},{"floor":12,"key":"Swift Potion"},{"floor":13,"key":"PowerPotion"}],"is_trial":false,"path_per_floor":["M","$","?","M","?","R","M","M","T","M","?","M","M","E"],"character_chosen":"DEFECT","items_purchased":["Gash","Streamline"],"campfire_rested":0,"item_purchase_floors":[2,2],"current_hp_per_floor":[68,68,68,67,67,67,67,67,67,44,44,4,4,0],"gold":136,"neow_bonus":"RANDOM_COMMON_RELIC","is_prod":false,"is_daily":false,"chose_seed":false,"campfire_upgraded":0,"win_rate":0,"timestamp":1548369469,"path_taken":["M","$","?","?","?","R","?","?","T","M","?","M","M","E"],"build_version":"2019-01-23","purchased_purges":0,"victory":false,"max_hp_per_floor":[75,75,75,75,75,75,75,75,75,75,75,75,75,75],"card_choices":[{"not_picked":["Hologram","Sweeping Beam"],"picked":"Static Discharge","floor":1},{"not_picked":["Capacitor","Stack"],"picked":"Steam","floor":4},{"not_picked":["Hello World","Barrage"],"picked":"Gash","floor":7},{"not_picked":["Compile Driver","Barrage"],"picked":"Conserve Battery","floor":8},{"not_picked":["Reprogram","Heatsinks","Redo"],"picked":"SKIP","floor":10},{"not_picked":["Barrage","Hyperbeam"],"picked":"Stack","floor":12},{"not_picked":["Defragment","Hologram"],"picked":"White Noise","floor":13}],"player_experience":217153,"relics_obtained":[],"event_choices":[{"cards_removed":["Strike_B"],"damage_healed":0,"gold_gain":0,"player_choice":"Took Card","damage_taken":0,"max_hp_gain":0,"max_hp_loss":0,"event_name":"NoteForYourself","floor":3,"gold_loss":0,"cards_obtained":["Defragment"]},{"damage_healed":0,"gold_gain":0,"player_choice":"2 cards matched","damage_taken":0,"max_hp_gain":0,"max_hp_loss":0,"event_name":"Match and Keep!","floor":5,"gold_loss":0,"cards_obtained":["Trip","Echo Form"]},{"cards_removed":["Dualcast"],"damage_healed":0,"gold_gain":0,"player_choice":"Purged","damage_taken":0,"max_hp_gain":0,"max_hp_loss":0,"event_name":"Purifier","floor":11,"gold_loss":0}],"is_beta":false,"boss_relics":[],"items_purged_floors":[],"is_endless":false,"potions_floor_spawned":[7,8,12,13],"killed_by":"Lagavulin","ascension_level":0}