{"gold_per_floor":[112,112,37,37,60,72,103,3,3,32,32,59,59,85,85,85],"floor_reached":16,"playtime":376,"items_purged":["Strike_B","Strike_B"],"score":291,"play_id":"9fb26dbe-4e93-426a-8f7b-14bbe9380296","local_time":"20190210081744","is_ascension_mode":true,"campfire_choices":[{"data":"Zap","floor":11,"key":"SMITH"},{"data":"Dualcast","floor":13,"key":"SMITH"},{"data":"Cold Snap","floor":13,"key":"SMITH"},{"data":"Cold Snap","floor":15,"key":"SMITH"},{"data":"Compile Driver","floor":15,"key":"SMITH"}],"neow_cost":"NONE","seed_source_timestamp":316826469374913,"circlet_count":0,"master_deck":["AscendersBane","Strike_B","Defend_B","Defend_B","Defend_B","Defend_B","Zap+1","Dualcast+1","Cold Snap+1","Reinforced Body+1","Cold Snap+1","Electrodynamics+1","Pot Of Greed+1","Pot Of Greed+1","Compile Driver+1","Stack+1","Chill+1"],"relics":["Cracked Core","NeowsBlessing","hubris:OldNail","Golden Egg","Toxic Egg 2","Grinning Jar","Arrowhead","Meat on the Bone"],"potions_floor_usage":[],"damage_taken":[{"damage":0,"enemies":"Small Slimes","floor":1,"turns":1},{"damage":0,"enemies":"2 Louse","floor":6,"turns":1},{"damage":0,"enemies":"Lagavulin","floor":7,"turns":1},{"damage":5,"enemies":"3 Sentries","floor":10,"turns":4},{"damage":9,"enemies":"Lagavulin","floor":12,"turns":7},{"damage":25,"enemies":"Gremlin Nob","floor":14,"turns":5},{"damage":26,"enemies":"Slime Boss","floor":16,"turns":5}],"seed_played":"-3308100520010797560","potions_obtained":[{"floor":7,"key":"Dexterity Potion"},{"floor":10,"key":"SpeedPotion"}],"is_trial":false,"path_per_floor":["M","?","$","?","T","M","E","$","T","E","R","E","R","E","R","B"],"character_chosen":"DEFECT","items_purchased":[],"campfire_rested":0,"item_purchase_floors":[],"current_hp_per_floor":[64,64,64,64,64,64,64,64,64,59,59,50,50,25,25,0],"gold":85,"neow_bonus":"THREE_ENEMY_KILL","is_prod":false,"is_daily":false,"chose_seed":false,"campfire_upgraded":5,"win_rate":0,"timestamp":1549747064,"path_taken":["M","?","$","?","?","M","E","$","T","E","R","E","R","E","R","BOSS"],"build_version":"2019-01-23","purchased_purges":2,"victory":false,"max_hp_per_floor":[71,71,71,71,71,71,71,71,71,71,71,71,71,71,71,71],"card_choices":[{"not_picked":["strawberrySpire:Compressor","Conserve Battery"],"picked":"Cold Snap","floor":1},{"not_picked":["strawberrySpire:NeonFlight","Blizzard"],"picked":"Cold Snap","floor":6},{"not_picked":["Darkness","Leap"],"picked":"Electrodynamics","floor":7},{"not_picked":["Turbo+1","Steam+1"],"picked":"Compile Driver","floor":10},{"not_picked":["strawberrySpire:Package+1","Doom and Gloom"],"picked":"Stack+1","floor":12},{"not_picked":["Double Energy+1","Stack+1"],"picked":"Chill+1","floor":14}],"player_experience":420197,"relics_obtained":[{"floor":5,"key":"hubris:OldNail"},{"floor":7,"key":"Golden Egg"},{"floor":9,"key":"Toxic Egg 2"},{"floor":10,"key":"Grinning Jar"},{"floor":12,"key":"Arrowhead"},{"floor":14,"key":"Meat on the Bone"}],"event_choices":[{"damage_healed":0,"gold_gain":0,"player_choice":"Leave","damage_taken":0,"max_hp_gain":0,"max_hp_loss":0,"event_name":"The Cleric","floor":4,"gold_loss":0}],"is_beta":false,"boss_relics":[],"items_purged_floors":[3,8],"is_endless":false,"potions_floor_spawned":[7,10,12],"killed_by":"Slime Boss","ascension_level":19}