{"gold_per_floor":[111,81,91,91,91,91,123,123,123,123,20,45,45,45,45,141,141,161,185,201,220,220,220,263,263],"floor_reached":25,"playtime":502,"items_purged":["Defend_B"],"score":488,"play_id":"1b096b83-39aa-47f4-9638-cc28f3003de0","local_time":"20190223153314","is_ascension_mode":true,"campfire_choices":[{"data":"Dualcast","floor":6,"key":"SMITH"},{"data":"Sunder","floor":13,"key":"SMITH"},{"floor":15,"key":"REST"},{"floor":23,"key":"REST"}],"neow_cost":"NONE","seed_source_timestamp":6923702794100,"circlet_count":0,"master_deck":["AscendersBane","Strike_B","Strike_B+1","Strike_B","Defend_B","Defend_B","Defend_B","Zap+1","Dualcast+1","Compile Driver","Echo Form","Conserve Battery","Sunder+1","Electrodynamics","Conserve Battery"],"relics":["Cracked Core","NeowsBlessing","Blue Candle","Bird Faced Urn","Gremlin Horn","Golden Idol","Cursed Key","Lantern"],"potions_floor_usage":[16,18,20,21,24,25],"damage_taken":[{"damage":0,"enemies":"Jaw Worm","floor":1,"turns":1},{"damage":0,"enemies":"Cultist","floor":3,"turns":1},{"damage":0,"enemies":"Lagavulin","floor":7,"turns":1},{"damage":1,"enemies":"2 Louse","floor":12,"turns":3},{"damage":28,"enemies":"The Guardian","floor":16,"turns":6},{"damage":16,"enemies":"2 Thieves","floor":18,"turns":3},{"damage":20,"enemies":"Shell Parasite","floor":19,"turns":4},{"damage":12,"enemies":"Snake Plant","floor":20,"turns":3},{"damage":7,"enemies":"Snecko","floor":21,"turns":4},{"damage":30,"enemies":"Book of Stabbing","floor":24,"turns":5},{"damage":31,"enemies":"Cultist and Chosen","floor":25,"turns":3}],"seed_played":"-6132638454080450961","potions_obtained":[{"floor":2,"key":"Swift Potion"},{"floor":2,"key":"Energy Potion"},{"floor":12,"key":"FocusPotion"},{"floor":19,"key":"LiquidBronze"},{"floor":20,"key":"SkillPotion"},{"floor":21,"key":"SkillPotion"},{"floor":24,"key":"AttackPotion"}],"is_trial":false,"path_per_floor":["M","?","M","?","?","R","E","T","T","?","$","M","R","$","R","B",null,"M","M","M","M","?","R","E","M"],"character_chosen":"DEFECT","items_purchased":["Conserve Battery"],"campfire_rested":2,"item_purchase_floors":[11],"current_hp_per_floor":[64,64,64,57,36,36,36,36,36,36,36,35,35,35,54,28,55,43,27,17,12,12,31,3,0],"gold":263,"neow_bonus":"THREE_ENEMY_KILL","is_prod":false,"is_daily":false,"chose_seed":false,"campfire_upgraded":2,"win_rate":0,"timestamp":1550928794,"path_taken":["M","?","?","?","?","R","E","?","T","?","$","M","R","?","R","BOSS","M","?","M","M","?","R","E","M"],"build_version":"2019-01-23","purchased_purges":1,"victory":false,"max_hp_per_floor":[71,71,71,71,71,71,71,71,71,64,64,64,64,64,64,64,64,64,64,64,64,64,64,64,64],"card_choices":[{"not_picked":["Sweeping Beam","Barrage"],"picked":"Compile Driver","floor":1},{"not_picked":["Gash","Skim","Hologram"],"picked":"SKIP","floor":3},{"not_picked":["Gash","FTL"],"picked":"Echo Form","floor":7},{"not_picked":["Redo","Compile Driver"],"picked":"Sunder","floor":12},{"not_picked":["Buffer","Core Surge"],"picked":"Electrodynamics","floor":16},{"not_picked":["Barrage+1","Hello World"],"picked":"Conserve Battery","floor":18},{"not_picked":["Rebound","Sweeping Beam","Auto Shields+1"],"picked":"SKIP","floor":19},{"not_picked":["Rip and Tear","Force Field","Consume"],"picked":"SKIP","floor":20},{"not_picked":["Undo","Ball Lightning","Rebound"],"picked":"SKIP","floor":21},{"not_picked":["Aggregate","Reprogram","Hello World"],"picked":"SKIP","floor":24}],"player_experience":912447,"relics_obtained":[{"floor":7,"key":"Blue Candle"},{"floor":8,"key":"Bird Faced Urn"},{"floor":9,"key":"Gremlin Horn"},{"floor":24,"key":"Lantern"}],"event_choices":[{"damage_healed":0,"gold_gain":0,"player_choice":"Bought 2 Potions","damage_taken":0,"max_hp_gain":0,"max_hp_loss":0,"event_name":"The Woman in Blue","floor":2,"gold_loss":0},{"cards_removed":["Strike_B"],"damage_healed":0,"gold_gain":0,"player_choice":"Card Removal","damage_taken":7,"max_hp_gain":0,"max_hp_loss":0,"event_name":"Golden Wing","floor":4,"gold_loss":0},{"damage_healed":0,"gold_gain":0,"player_choice":"Entered Light","damage_taken":21,"max_hp_gain":0,"max_hp_loss":0,"event_name":"Shining Light","floor":5,"gold_loss":0,"cards_upgraded":["Zap","Strike_B"]},{"damage_healed":0,"gold_gain":0,"player_choice":"Lose Max HP","damage_taken":0,"relics_obtained":["Golden Idol"],"max_hp_gain":0,"max_hp_loss":7,"event_name":"Golden Idol","floor":10,"gold_loss":0},{"damage_healed":0,"gold_gain":0,"player_choice":"Ignored","damage_taken":0,"max_hp_gain":0,"max_hp_loss":0,"event_name":"Ghosts","floor":22,"gold_loss":0}],"is_beta":false,"boss_relics":[{"not_picked":["Tiny House","Empty Cage"],"picked":"Cursed Key"}],"items_purged_floors":[11],"is_endless":false,"potions_floor_spawned":[12,19,20,21,24],"killed_by":"Cultist and Chosen","ascension_level":20}