{"gold_per_floor":[114,114,179,229,244,274,24,54,129,129,194,244,244,259,259,359,359,374,60,125,140,155,155,185,200,225,275,305,79,143,158,158,258,258,273,323,338,388,59,89,89,143,143,415,165,195,149,164,164,164],"floor_reached":51,"playtime":2016,"items_purged":[],"score":1103,"play_id":"14ca106e-521b-4b66-9c9c-a3021b9c223f","local_time":"20190116040514","daily_mods":["Cursed Run","Time Dilation","Lethality"],"is_ascension_mode":false,"campfire_choices":[{"data":"Flame Barrier","floor":10,"key":"SMITH"},{"data":"Thunderclap","floor":13,"key":"SMITH"},{"data":"Dark Shackles","floor":15,"key":"SMITH"},{"data":"Perfected Strike","floor":23,"key":"SMITH"},{"data":"Headbutt","floor":32,"key":"SMITH"},{"data":"Immolate","floor":41,"key":"SMITH"},{"data":"Clothesline","floor":49,"key":"SMITH"}],"neow_cost":"","seed_source_timestamp":1836923401528696,"circlet_count":0,"master_deck":["Strike_R","Strike_R","Strike_R","Strike_R","Strike_R","Defend_R","Defend_R","Bash","Flame Barrier+1","Warcry","Bash","Dark Shackles+1","Wild Strike","Perfected Strike","Clothesline+1","Thunderclap+1","Decay","Exhume+1","Warcry+1","Decay","Double Tap+1","Flex+1","Trip+1","Dual Wield+1","Anger+1","Perfected Strike+1","Hemokinesis","Carnage+1","Limit Break+1","Writhe","Perfected Strike+1","Infernal Blade+1","Infernal Blade+1","Armaments+1","Headbutt+1","Regret","Immolate+1","Pommel Strike","Madness+1","Madness+1","Pummel+1","Infernal Blade+1","Heavy Blade+1","Feel No Pain","Normality","Infernal Blade+1","Blind+1","Sword Boomerang+1","Shame"],"special_seed":17912,"relics":["Cursed Key","Darkstone Periapt","Du-Vu Doll","SsserpentHead","Pear","Shuriken","PreservedInsect","Toxic Egg 2","Eternal Feather","Bag of Preparation","Boot","Strawberry","WingedGreaves","DollysMirror","Red Mask","Runic Dome","Matryoshka","Question Card","Bird Faced Urn","Ancient Tea Set","Pen Nib","Kunai","Mummified Hand"],"potions_floor_usage":[24,24,28,33,33,50],"damage_taken":[{"damage":0,"enemies":"Small Slimes","floor":1,"turns":2},{"damage":0,"enemies":"Cultist","floor":3,"turns":2},{"damage":0,"enemies":"2 Louse","floor":5,"turns":2},{"damage":0,"enemies":"Gremlin Nob","floor":6,"turns":3},{"damage":3,"enemies":"3 Sentries","floor":8,"turns":6},{"damage":0,"enemies":"2 Fungi Beasts","floor":11,"turns":1},{"damage":6,"enemies":"Looter","floor":14,"turns":2},{"damage":2,"enemies":"Slime Boss","floor":16,"turns":4},{"damage":15,"enemies":"2 Thieves","floor":18,"turns":2},{"damage":2,"enemies":"Spheric Guardian","floor":20,"turns":2},{"damage":0,"enemies":"Snake Plant","floor":21,"turns":2},{"damage":0,"enemies":"Snecko","floor":22,"turns":2},{"damage":0,"enemies":"Slavers","floor":24,"turns":1},{"damage":3,"enemies":"Centurion and Healer","floor":25,"turns":1},{"damage":0,"enemies":"Gremlin Leader","floor":28,"turns":1},{"damage":0,"enemies":"Masked Bandits","floor":30,"turns":1},{"damage":0,"enemies":"3 Cultists","floor":31,"turns":2},{"damage":14,"enemies":"Champ","floor":33,"turns":3},{"damage":14,"enemies":"Orb Walker","floor":35,"turns":2},{"damage":1,"enemies":"3 Shapes","floor":37,"turns":1},{"damage":0,"enemies":"Nemesis","floor":40,"turns":1},{"damage":11,"enemies":"2 Orb Walkers","floor":42,"turns":2},{"damage":0,"enemies":"Reptomancer","floor":46,"turns":1},{"damage":23,"enemies":"Sphere and 2 Shapes","floor":48,"turns":2},{"damage":2,"enemies":"Time Eater","floor":50,"turns":2}],"seed_played":"-4273612193647818048","potions_obtained":[{"floor":3,"key":"Swift Potion"},{"floor":11,"key":"AttackPotion"},{"floor":16,"key":"Poison Potion"},{"floor":21,"key":"EssenceOfSteel"},{"floor":24,"key":"Energy Potion"},{"floor":28,"key":"Poison Potion"},{"floor":31,"key":"Energy Potion"},{"floor":33,"key":"Ancient Potion"},{"floor":35,"key":"Block Potion"}],"is_trial":false,"path_per_floor":["M","?","M","?","M","E","$","E","T","R","M","?","R","M","R","B",null,"M","$","M","M","M","R","E","M","T","?","E","$","?","M","R","B",null,"M","?","M","?","$","E","R","?","T","?","$","E","$","M","R","B",null],"character_chosen":"IRONCLAD","items_purchased":["Shuriken","Bag of Preparation","Trip+1","Dual Wield+1","Infernal Blade+1","DollysMirror","Matryoshka","Infernal Blade+1","Kunai","Blind+1"],"campfire_rested":0,"item_purchase_floors":[7,19,19,19,29,29,39,39,45,47],"current_hp_per_floor":[80,80,80,80,80,90,90,87,93,93,93,93,93,87,87,91,102,87,87,85,85,85,100,100,97,110,110,110,110,110,110,115,107,121,107,92,91,91,91,91,115,104,110,110,110,110,110,87,114,118],"gold":164,"neow_bonus":"","is_prod":false,"is_daily":true,"chose_seed":false,"campfire_upgraded":7,"win_rate":0.0,"timestamp":1547629514,"path_taken":["M","?","?","?","M","E","$","E","T","R","?","?","R","M","R","BOSS","M","$","?","M","M","R","E","M","T","?","E","?","?","M","R","BOSS","M","?","M","?","$","E","R","?","T","?","$","E","?","M","R","BOSS"],"build_version":"2019-01-10","purchased_purges":0,"victory":true,"max_hp_per_floor":[80,80,80,80,80,90,90,90,96,96,96,96,96,96,96,102,102,102,102,102,102,102,102,102,102,115,115,115,115,115,115,115,121,121,121,121,121,121,121,121,121,121,127,127,127,127,127,127,127,133],"card_choices":[{"not_picked":["Flex","Spot Weakness"],"picked":"Flame Barrier","floor":1},{"not_picked":["Body Slam","Shrug It Off"],"picked":"Warcry","floor":3},{"not_picked":["Thunderclap","True Grit"],"picked":"Perfected Strike","floor":5},{"not_picked":["Warcry","Perfected Strike"],"picked":"Clothesline","floor":6},{"not_picked":["Dual Wield","Wild Strike"],"picked":"Thunderclap","floor":8},{"not_picked":["Headbutt","Searing Blow"],"picked":"Exhume+1","floor":11},{"not_picked":["Clothesline","Iron Wave"],"picked":"Warcry+1","floor":14},{"not_picked":["Feed","Juggernaut"],"picked":"Double Tap+1","floor":16},{"not_picked":["Havoc+1","Pummel"],"picked":"Flex+1","floor":18},{"not_picked":["Pommel Strike","Rampage"],"picked":"Anger+1","floor":20},{"not_picked":["Dual Wield+1","Inflame"],"picked":"Perfected Strike","floor":21},{"not_picked":["Shrug It Off+1","Warcry+1"],"picked":"Hemokinesis","floor":22},{"not_picked":["Wild Strike","Clash"],"picked":"Carnage","floor":24},{"not_picked":["Corruption+1","Evolve"],"picked":"Limit Break+1","floor":25},{"not_picked":["Wild Strike","Headbutt+1"],"picked":"Perfected Strike+1","floor":28},{"not_picked":["Entrench+1","True Grit+1"],"picked":"Armaments+1","floor":30},{"not_picked":["Armaments+1","Barricade"],"picked":"Headbutt","floor":31},{"not_picked":["Barricade","Impervious+1"],"picked":"Immolate","floor":33},{"not_picked":["Headbutt","Armaments+1"],"picked":"Pommel Strike","floor":35},{"not_picked":["Headbutt+1","Warcry+1"],"picked":"Pummel+1","floor":37},{"not_picked":["Sever Soul+1","Iron Wave"],"picked":"Heavy Blade+1","floor":40},{"not_picked":["Rupture+1","Pommel Strike","Twin Strike+1"],"picked":"Feel No Pain","floor":42},{"not_picked":["Burning Pact+1","Bludgeon","Sentinel+1"],"picked":"Infernal Blade+1","floor":46},{"not_picked":["Hemokinesis","Entrench+1","Heavy Blade+1"],"picked":"Sword Boomerang+1","floor":48}],"player_experience":40110,"relics_obtained":[{"floor":6,"key":"Pear"},{"floor":8,"key":"PreservedInsect"},{"floor":9,"key":"Toxic Egg 2"},{"floor":24,"key":"Boot"},{"floor":26,"key":"Strawberry"},{"floor":28,"key":"WingedGreaves"},{"floor":30,"key":"Red Mask"},{"floor":40,"key":"Question Card"},{"floor":42,"key":"Bird Faced Urn"},{"floor":43,"key":"Ancient Tea Set"},{"floor":43,"key":"Pen Nib"},{"floor":46,"key":"Mummified Hand"}],"event_choices":[{"damage_healed":0,"gold_gain":0,"player_choice":"Trade","damage_taken":0,"relics_obtained":["SsserpentHead"],"max_hp_gain":0,"max_hp_loss":0,"event_name":"FaceTrader","floor":2,"gold_loss":0},{"damage_healed":0,"gold_gain":0,"player_choice":"3 cards matched","damage_taken":0,"max_hp_gain":0,"max_hp_loss":0,"event_name":"Match and Keep!","floor":4,"gold_loss":0,"cards_obtained":["Bash","Dark Shackles","Wild Strike"]},{"cards_removed":["Defend_R"],"damage_healed":0,"gold_gain":0,"player_choice":"Offered Basic","damage_taken":0,"max_hp_gain":0,"max_hp_loss":0,"event_name":"Bonfire Elementals","floor":12,"gold_loss":0},{"damage_healed":0,"gold_gain":0,"player_choice":"Upgraded","damage_taken":0,"max_hp_gain":0,"max_hp_loss":0,"event_name":"Upgrade Shrine","floor":27,"gold_loss":0,"cards_upgraded":["Carnage"]},{"damage_healed":0,"gold_gain":0,"player_choice":"Fought Bandits","damage_taken":0,"max_hp_gain":0,"max_hp_loss":0,"event_name":"Masked Bandits","floor":30,"gold_loss":0},{"damage_healed":0,"gold_gain":0,"player_choice":"Embrace Madness","damage_taken":15,"max_hp_gain":0,"max_hp_loss":0,"event_name":"Winding Halls","floor":36,"gold_loss":0,"cards_obtained":["Madness","Madness"]},{"cards_removed":["Defend_R"],"damage_healed":0,"gold_gain":0,"player_choice":"Removed Skill","damage_taken":0,"max_hp_gain":0,"max_hp_loss":0,"event_name":"Falling","floor":38,"gold_loss":0},{"damage_healed":0,"gold_gain":0,"player_choice":"Fight","damage_taken":0,"max_hp_gain":0,"max_hp_loss":0,"event_name":"Mysterious Sphere","floor":42,"gold_loss":0},{"damage_healed":0,"gold_gain":222,"player_choice":"Wore Mask","damage_taken":0,"max_hp_gain":0,"max_hp_loss":0,"event_name":"Tomb of Lord Red Mask","floor":44,"gold_loss":0}],"is_beta":false,"boss_relics":[{"not_picked":["Lizard Tail","Tiny House"],"picked":"Eternal Feather"},{"not_picked":["Fusion Hammer","Velvet Choker"],"picked":"Runic Dome"}],"items_purged_floors":[],"is_endless":false,"potions_floor_spawned":[3,11,16,21,24,28,31,33,35,40,48],"ascension_level":0}