{"gold_per_floor":[12,23,43,43,57,57,57,57,57,101,4,4,0,23,23,121,121,140,140,140,164,174,174],"floor_reached":23,"playtime":1279,"items_purged":[],"score":350,"play_id":"6cd82501-fa57-48a6-88a7-ad765374173b","local_time":"20190209141611","is_ascension_mode":true,"campfire_choices":[{"data":"Zap","floor":6,"key":"SMITH"},{"floor":8,"key":"REST"},{"data":"Auto Shields","floor":12,"key":"SMITH"},{"data":"Dualcast","floor":15,"key":"SMITH"}],"neow_cost":"NO_GOLD","seed_source_timestamp":10825839309558,"circlet_count":0,"master_deck":["AscendersBane","Strike_B+1","Strike_B+1","Strike_B+1","Strike_B+1","Defend_B+1","Defend_B+1","Defend_B+1","Defend_B+1","Zap+1","Dualcast+1","BootSequence","Gash","Auto Shields+1","Impatience","Darkness","Multi-Cast"],"relics":["Cracked Core","Bloody Idol","Mummified Hand","FossilizedHelix","Inserter","Anchor"],"potions_floor_usage":[10,16,16,18,23],"damage_taken":[{"damage":12,"enemies":"Jaw Worm","floor":1,"turns":3},{"damage":0,"enemies":"2 Louse","floor":2,"turns":2},{"damage":1,"enemies":"Small Slimes","floor":3,"turns":3},{"damage":1,"enemies":"Exordium Wildlife","floor":5,"turns":3},{"damage":25,"enemies":"3 Sentries","floor":10,"turns":7},{"damage":0,"enemies":"Blue Slaver","floor":14,"turns":3},{"damage":18,"enemies":"The Guardian","floor":16,"turns":10},{"damage":11,"enemies":"Spheric Guardian","floor":18,"turns":4},{"damage":5,"enemies":"Shell Parasite","floor":22,"turns":5},{"damage":68,"enemies":"Gremlin Leader","floor":23,"turns":6}],"seed_played":"7717797112965012326","potions_obtained":[{"floor":1,"key":"FocusPotion"},{"floor":2,"key":"Poison Potion"},{"floor":10,"key":"Swift Potion"},{"floor":16,"key":"Poison Potion"},{"floor":22,"key":"Energy Potion"}],"is_trial":false,"path_per_floor":["M","M","M","?","M","R","?","R","T","E","$","R","?","M","R","B",null,"M","?","?","T","M","E"],"character_chosen":"DEFECT","items_purchased":["Impatience"],"campfire_rested":1,"item_purchase_floors":[11],"current_hp_per_floor":[66,66,65,65,64,64,35,60,60,35,35,35,35,35,35,17,68,57,57,57,62,62,0],"gold":174,"neow_bonus":"TWENTY_PERCENT_HP_BONUS","is_prod":false,"is_daily":false,"chose_seed":false,"campfire_upgraded":3,"win_rate":0,"timestamp":1549718171,"path_taken":["M","M","M","?","M","R","?","R","T","E","$","R","?","M","R","BOSS","M","?","?","?","M","E"],"build_version":"2019-01-23","purchased_purges":0,"victory":false,"max_hp_per_floor":[85,85,85,85,85,85,85,85,85,85,85,85,85,85,85,85,85,85,85,85,85,85,85],"card_choices":[{"not_picked":["Steam","Coolheaded"],"picked":"BootSequence","floor":1},{"not_picked":["Reprogram","Barrage"],"picked":"Gash","floor":2},{"not_picked":["Sweeping Beam","Compile Driver","Stack"],"picked":"SKIP","floor":3},{"not_picked":["Cold Snap","Double Energy","Hello World"],"picked":"SKIP","floor":5},{"not_picked":["Turbo","Stack"],"picked":"Auto Shields","floor":10},{"not_picked":["Stack","Redo"],"picked":"Darkness","floor":14},{"not_picked":["Fission","Thunder Strike"],"picked":"Multi-Cast","floor":16},{"not_picked":["Beam Cell","Streamline","Hologram"],"picked":"SKIP","floor":18},{"not_picked":["Hologram","Streamline","Go for the Eyes"],"picked":"SKIP","floor":22}],"player_experience":761478,"relics_obtained":[{"floor":9,"key":"Mummified Hand"},{"floor":10,"key":"FossilizedHelix"},{"floor":21,"key":"Anchor"}],"event_choices":[{"damage_healed":0,"gold_gain":0,"player_choice":"Fled","damage_taken":0,"max_hp_gain":0,"max_hp_loss":0,"event_name":"Scrap Ooze","floor":4,"gold_loss":0},{"damage_healed":0,"gold_gain":0,"player_choice":"Take Damage","damage_taken":29,"relics_obtained":["Golden Idol"],"max_hp_gain":0,"max_hp_loss":0,"event_name":"Golden Idol","floor":7,"gold_loss":0},{"damage_healed":0,"gold_gain":0,"player_choice":"Left Gold","damage_taken":0,"max_hp_gain":0,"max_hp_loss":0,"event_name":"World of Goop","floor":13,"gold_loss":4},{"damage_healed":0,"gold_gain":0,"player_choice":"Simplicity","damage_taken":0,"max_hp_gain":0,"max_hp_loss":0,"event_name":"Back to Basics","floor":19,"gold_loss":0,"cards_upgraded":["Strike_B","Strike_B","Strike_B","Strike_B","Defend_B","Defend_B","Defend_B","Defend_B"]},{"damage_healed":0,"gold_gain":0,"player_choice":"Gave Idol","damage_taken":0,"relics_obtained":["Bloody Idol"],"max_hp_gain":0,"max_hp_loss":0,"event_name":"Forgotten Altar","floor":20,"relics_lost":["Golden Idol"],"gold_loss":0}],"is_beta":false,"boss_relics":[{"not_picked":["Eternal Feather","Snecko Eye"],"picked":"Inserter"}],"items_purged_floors":[],"is_endless":false,"potions_floor_spawned":[1,2,10,16,22],"killed_by":"Gremlin Leader","ascension_level":17}