{"gold_per_floor":[112,123,133,143,158,189,189,221,300,300,300,300,318,18,18,120,120,132,132,149,159,173,173,203,34,34,66,80,103,115,125,125,222,222,237,254,129,177,189,189,39,39,113,128,147,147,147,0,0,0],"floor_reached":50,"playtime":3568,"items_purged":["Strike_G","Strike_G","Defend_G","Defend_G"],"score":620,"play_id":"6a805576-dbab-494b-bf08-4b40925f1428","local_time":"20190128165321","is_ascension_mode":true,"campfire_choices":[{"floor":7.0,"key":"REST"},{"data":"Noxious Fumes","floor":10.0,"key":"SMITH"},{"data":"Neutralize","floor":12.0,"key":"SMITH"},{"data":"Leg Sweep","floor":15.0,"key":"SMITH"},{"data":"Leg Sweep","floor":23.0,"key":"SMITH"},{"floor":32,"key":"REST"},{"data":"Noxious Fumes","floor":40,"key":"SMITH"},{"data":"Ghostly","floor":42,"key":"SMITH"},{"floor":49,"key":"REST"}],"neow_cost":"NONE","seed_source_timestamp":677995454830361,"circlet_count":0,"master_deck":["Defend_G","Defend_G","Defend_G","Survivor","Neutralize","Leg Sweep+1","Backflip","Cloak And Dagger","Heel Hook","Well Laid Plans","Sucker Punch","Noxious Fumes+1","Neutralize+1","Caltrops","Leg Sweep+1","Finesse","After Image","Dagger Spray","Ghostly","Ghostly","Ghostly","Ghostly","Ghostly+1","Terror","Cloak And Dagger","Noxious Fumes+1","Venomology","Phantasmal Killer+1","Accuracy+1","Blade Dance+1","Accuracy+1","Noxious Fumes","Escape Plan","Heel Hook"],"special_seed":0,"relics":["Ring of the Snake","Dead Branch","Anchor","Pear","Black Star","Ice Cream","Snake Skull","Paper Crane","Dodecahedron","Oddly Smooth Stone","Astrolabe","Prayer Wheel","Frozen Egg 2","Red Mask"],"potions_floor_usage":[28,36,38,44,44,45,45,45,50],"damage_taken":[{"damage":8.0,"enemies":"Jaw Worm","floor":1.0,"turns":6.0},{"damage":7.0,"enemies":"Cultist","floor":2.0,"turns":4.0},{"damage":1.0,"enemies":"2 Louse","floor":3.0,"turns":3.0},{"damage":2.0,"enemies":"2 Fungi Beasts","floor":4.0,"turns":6.0},{"damage":5.0,"enemies":"3 Louse","floor":5.0,"turns":4.0},{"damage":36.0,"enemies":"3 Sentries","floor":6.0,"turns":21.0},{"damage":30.0,"enemies":"Lagavulin","floor":8.0,"turns":7.0},{"damage":0.0,"enemies":"Large Slime","floor":13.0,"turns":6.0},{"damage":16.0,"enemies":"Hexaghost","floor":16.0,"turns":11.0},{"damage":14.0,"enemies":"3 Byrds","floor":18.0,"turns":5.0},{"damage":0.0,"enemies":"Shell Parasite","floor":20.0,"turns":7.0},{"damage":10.0,"enemies":"Snake Plant","floor":21.0,"turns":5.0},{"damage":7.0,"enemies":"Snecko","floor":22.0,"turns":6.0},{"damage":11.0,"enemies":"Book of Stabbing","floor":24.0,"turns":7.0},{"damage":22.0,"enemies":"Gremlin Leader","floor":27.0,"turns":7.0},{"damage":0,"enemies":"Sentry and Sphere","floor":28,"turns":7},{"damage":0,"enemies":"Centurion and Healer","floor":30,"turns":9},{"damage":0,"enemies":"Snake Plant","floor":31,"turns":6},{"damage":1,"enemies":"Automaton","floor":33,"turns":11},{"damage":0,"enemies":"3 Shapes","floor":35,"turns":5},{"damage":0,"enemies":"Orb Walker","floor":36,"turns":6},{"damage":0,"enemies":"2 Orb Walkers","floor":38,"turns":6},{"damage":2,"enemies":"4 Shapes","floor":39,"turns":7},{"damage":6,"enemies":"Spire Growth","floor":44,"turns":6},{"damage":0,"enemies":"3 Darklings","floor":45,"turns":5},{"damage":41,"enemies":"Awakened One","floor":50,"turns":7}],"seed_played":"4263215962877603033","potions_obtained":[{"floor":1.0,"key":"SmokeBomb"},{"floor":5.0,"key":"GhostInAJar"},{"floor":8.0,"key":"Dexterity Potion"},{"floor":13.0,"key":"Dexterity Potion"},{"floor":20.0,"key":"Regen Potion"},{"floor":24.0,"key":"LiquidBronze"},{"floor":30,"key":"SteroidPotion"},{"floor":33,"key":"Explosive Potion"},{"floor":44,"key":"Block Potion"}],"is_trial":false,"path_per_floor":["M","M","M","M","M","E","R","E","T","R","?","R","M","$","R","B",null,"M","?","M","M","M","R","E","$","T","E","M","T","M","M","R","B",null,"M","M","$","?","M","R","$","R","T","M","M","?","?","?","R","B"],"character_chosen":"THE_SILENT","items_purchased":["Caltrops","Leg Sweep","Finesse","Noxious Fumes"],"campfire_rested":3,"item_purchase_floors":[14,14,14,25],"current_hp_per_floor":[69,62,61,59,54,18,41,11,21,21,21,21,21,21,21,5,87,73,43,43,33,26,26,24,24,24,2,2,2,2,2,14,13,43,43,43,43,43,41,41,41,41,41,35,35,35,35,35,41,0],"gold":0,"neow_bonus":"TEN_PERCENT_HP_BONUS","is_prod":false,"is_daily":false,"chose_seed":false,"campfire_upgraded":6,"win_rate":0,"timestamp":1548716001,"path_taken":["M","M","M","M","M","E","R","E","T","R","?","R","?","?","R","BOSS","M","?","M","M","M","R","E","$","T","E","M","?","M","?","R","BOSS","M","M","$","?","M","R","$","R","T","M","M","?","?","?","R","BOSS"],"build_version":"2019-01-23","purchased_purges":4,"victory":false,"max_hp_per_floor":[77,77,77,77,77,77,77,77,87,87,87,87,87,87,87,87,87,87,43,43,43,43,43,43,43,43,43,43,43,43,43,43,43,43,43,43,43,43,43,43,43,43,43,43,43,43,41,41,41,41],"card_choices":[{"not_picked":["Quick Slash","Deadly Poison"],"picked":"Leg Sweep","floor":1.0},{"not_picked":["Deadly Poison","Expertise"],"picked":"Backflip","floor":2.0},{"not_picked":["Setup","Prepared"],"picked":"Cloak And Dagger","floor":3.0},{"not_picked":["Dagger Spray","Deadly Poison"],"picked":"Heel Hook","floor":4.0},{"not_picked":["Distraction","Blade Dance"],"picked":"Well Laid Plans","floor":5.0},{"not_picked":["Choke","Deflect"],"picked":"Sucker Punch","floor":6.0},{"not_picked":["Underhanded Strike","Expertise"],"picked":"Noxious Fumes","floor":8.0},{"not_picked":["Endless Agony","Deflect","Catalyst"],"picked":"SKIP","floor":13.0},{"not_picked":["Die Die Die","Bullet Time"],"picked":"After Image","floor":16.0},{"not_picked":["Blade Dance+1","Deadly Poison"],"picked":"Dagger Spray","floor":18.0},{"not_picked":["Tactician","Bane"],"picked":"Terror","floor":20.0},{"not_picked":["Poisoned Stab+1","Dagger Spray","Riddle With Holes"],"picked":"SKIP","floor":21.0},{"not_picked":["Sucker Punch","Outmaneuver","Backflip"],"picked":"SKIP","floor":22.0},{"not_picked":["Backflip","Deflect"],"picked":"Cloak And Dagger","floor":24.0},{"not_picked":["All Out Attack","Finisher+1","Quick Slash"],"picked":"SKIP","floor":27.0},{"not_picked":["Dagger Spray","Predator","A Thousand Cuts"],"picked":"SKIP","floor":28},{"not_picked":["Outmaneuver","Poisoned Stab","Underhanded Strike+1"],"picked":"SKIP","floor":30},{"not_picked":["Sucker Punch","Deadly Poison","Expertise"],"picked":"SKIP","floor":31},{"not_picked":["Phantasmal Killer","Storm of Steel"],"picked":"Venomology","floor":33},{"not_picked":["Finisher+1","Bane+1","Acrobatics+1"],"picked":"SKIP","floor":35},{"not_picked":["Escape Plan","Masterful Stab"],"picked":"Accuracy+1","floor":36},{"not_picked":["Deadly Poison+1","Setup+1"],"picked":"Noxious Fumes","floor":38},{"not_picked":["Sucker Punch+1","Slice+1","Deflect"],"picked":"SKIP","floor":39},{"not_picked":["All Out Attack+1","Blade Dance","Dodge and Roll+1"],"picked":"SKIP","floor":39},{"not_picked":["PiercingWail+1","Bullet Time"],"picked":"Escape Plan","floor":44},{"not_picked":["All Out Attack","Deflect+1","Blade Dance"],"picked":"SKIP","floor":44},{"not_picked":["Flying Knee+1","Predator"],"picked":"Heel Hook","floor":45},{"not_picked":["Distraction","Cloak And Dagger","Sucker Punch+1"],"picked":"SKIP","floor":45}],"player_experience":142119,"relics_obtained":[{"floor":6.0,"key":"Dead Branch"},{"floor":8.0,"key":"Anchor"},{"floor":9.0,"key":"Pear"},{"floor":24.0,"key":"Ice Cream"},{"floor":24.0,"key":"Snake Skull"},{"floor":27.0,"key":"Paper Crane"},{"floor":27.0,"key":"Dodecahedron"},{"floor":29,"key":"Oddly Smooth Stone"},{"floor":38,"key":"Prayer Wheel"},{"floor":43,"key":"Frozen Egg 2"}],"event_choices":[{"damage_healed":0.0,"max_hp_gain":0.0,"max_hp_loss":0.0,"gold_gain":0.0,"event_name":"Match and Keep!","player_choice":"1 cards matched","floor":11.0,"gold_loss":0.0,"damage_taken":0.0,"cards_obtained":["Neutralize"]},{"damage_healed":0.0,"max_hp_gain":0.0,"max_hp_loss":44.0,"gold_gain":0.0,"event_name":"Ghosts","player_choice":"Became a Ghost","floor":19.0,"gold_loss":0.0,"damage_taken":0.0,"cards_obtained":["Ghostly","Ghostly","Ghostly","Ghostly","Ghostly"]},{"damage_healed":0,"gold_gain":0,"player_choice":"Fight","damage_taken":0,"max_hp_gain":0,"max_hp_loss":0,"event_name":"Mysterious Sphere","floor":38,"gold_loss":0},{"damage_healed":0,"gold_gain":0,"player_choice":"Memory 1","damage_taken":0,"max_hp_gain":0,"max_hp_loss":0,"event_name":"SensoryStone","floor":46,"gold_loss":0},{"damage_healed":0,"gold_gain":0,"player_choice":"Max HP","damage_taken":0,"max_hp_gain":0,"max_hp_loss":2,"event_name":"Winding Halls","floor":47,"gold_loss":0},{"damage_healed":0,"gold_gain":0,"player_choice":"Paid","damage_taken":0,"relics_obtained":["Red Mask"],"max_hp_gain":0,"max_hp_loss":0,"event_name":"Tomb of Lord Red Mask","floor":48,"gold_loss":147}],"is_beta":false,"boss_relics":[{"not_picked":["Velvet Choker","Lizard Tail"],"picked":"Black Star"},{"not_picked":["Tiny House","Calling Bell"],"picked":"Astrolabe"}],"items_purged_floors":[14,25,37,41],"is_endless":false,"potions_floor_spawned":[1,5,8,13,20,22,24,30,33,44],"killed_by":"Awakened One","ascension_level":4}