{"gold_per_floor":[209,309,72,89,102,129,129,147,174,74,87,87,116,132,132,234,234,253,353,25,37,47,47,79,79,79,79,27,46,60,72,72,169,169,180,30,30,42,53,53,83,83,83,99,99,128,152,7,7,7],"floor_reached":51,"playtime":5061,"items_purged":["Strike_R","Strike_R","Strike_R","Dark Embrace"],"score":798,"play_id":"aefc8941-9b46-4a43-b3c1-7cab2cccad08","local_time":"20190203104941","is_ascension_mode":true,"campfire_choices":[{"data":"Feed","floor":7,"key":"SMITH"},{"floor":12,"key":"REST"},{"floor":15,"key":"REST"},{"data":"Strike_R","floor":23,"key":"PURGE"},{"floor":25,"key":"REST"},{"data":"Body Slam","floor":27,"key":"SMITH"},{"data":"Demon Form","floor":32,"key":"SMITH"},{"data":"Body Slam","floor":40,"key":"SMITH"},{"data":"Shockwave","floor":42,"key":"SMITH"},{"data":"Disarm","floor":45,"key":"SMITH"},{"floor":49,"key":"REST"}],"neow_cost":"NONE","seed_source_timestamp":1290393100388207,"circlet_count":0,"master_deck":["Bash","Feed+1","Body Slam+1","Disarm+1","Battle Trance","Demon Form+1","Feed","Shockwave+1","Shrug It Off","Body Slam+1","Ghostly Armor","Shrug It Off","Immolate","Exhume","Searing Blow","Shrug It Off+1","Reaper+1"],"relics":["Burning Blood","Centennial Puzzle","Orichalcum","Bronze Scales","Empty Cage","Peace Pipe","Pear","Ancient Tea Set","Pen Nib","Unceasing Top","Pandora\u0027s Box","Kunai","Charon\u0027s Ashes","Bottled Lightning","Molten Egg 2","Boot"],"potions_floor_usage":[6,6,18,19,24,24,24,31,33,33,33,33,33],"damage_taken":[{"damage":5,"enemies":"2 Louse","floor":1,"turns":2},{"damage":3,"enemies":"Cultist","floor":4,"turns":5},{"damage":0,"enemies":"Small Slimes","floor":5,"turns":3},{"damage":49,"enemies":"Lagavulin","floor":6,"turns":10},{"damage":10,"enemies":"Blue Slaver","floor":8,"turns":5},{"damage":34,"enemies":"Gremlin Gang","floor":11,"turns":7},{"damage":22,"enemies":"3 Sentries","floor":13,"turns":7},{"damage":12,"enemies":"Exordium Thugs","floor":14,"turns":5},{"damage":27,"enemies":"Hexaghost","floor":16,"turns":10},{"damage":22,"enemies":"2 Thieves","floor":18,"turns":5},{"damage":21,"enemies":"Colosseum Slavers","floor":19,"turns":5},{"damage":36,"enemies":"Colosseum Nobs","floor":19,"turns":6},{"damage":8,"enemies":"Chosen","floor":21,"turns":6},{"damage":18,"enemies":"Snake Plant","floor":22,"turns":4},{"damage":69,"enemies":"Slavers","floor":24,"turns":9},{"damage":16,"enemies":"Snecko","floor":29,"turns":7},{"damage":12,"enemies":"Centurion and Healer","floor":30,"turns":7},{"damage":10,"enemies":"Cultist and Chosen","floor":31,"turns":6},{"damage":50,"enemies":"Champ","floor":33,"turns":10},{"damage":36,"enemies":"3 Shapes","floor":35,"turns":6},{"damage":20,"enemies":"Orb Walker","floor":38,"turns":4},{"damage":37,"enemies":"Maw","floor":39,"turns":10},{"damage":54,"enemies":"Reptomancer","floor":41,"turns":9},{"damage":2,"enemies":"3 Darklings","floor":44,"turns":6},{"damage":19,"enemies":"Giant Head","floor":46,"turns":8},{"damage":44,"enemies":"Time Eater","floor":50,"turns":10}],"seed_played":"-4795534512843931938","potions_obtained":[{"floor":1,"key":"SkillPotion"},{"floor":4,"key":"SkillPotion"},{"floor":11,"key":"GamblersBrew"},{"floor":14,"key":"Fire Potion"},{"floor":16,"key":"GamblersBrew"},{"floor":18,"key":"Strength Potion"},{"floor":21,"key":"EntropicBrew"},{"floor":30,"key":"EssenceOfSteel"},{"floor":35,"key":"SkillPotion"},{"floor":39,"key":"Explosive Potion"},{"floor":41,"key":"Swift Potion"}],"is_trial":false,"path_per_floor":["M","?","$","M","M","E","R","M","T","$","M","R","E","M","R","B",null,"M","?","$","M","M","R","E","R","T","R","$","M","M","M","R","B",null,"M","$","?","M","M","R","E","R","T","M","R","E","T","$","R","B",null],"character_chosen":"IRONCLAD","items_purchased":["Feed","Body Slam","Ancient Tea Set","Shrug It Off","Weak Potion","Reaper+1"],"campfire_rested":4,"item_purchase_floors":[3,3,20,20,28,48],"current_hp_per_floor":[80,80,80,83,86,46,46,46,46,46,22,51,39,37,68,51,109,100,79,79,81,72,72,16,62,62,62,62,56,57,56,56,16,172,145,145,145,135,108,108,63,63,63,71,71,61,61,61,118,80],"gold":7,"neow_bonus":"HUNDRED_GOLD","is_prod":false,"is_daily":false,"chose_seed":false,"campfire_upgraded":6,"win_rate":0,"timestamp":1549187381,"path_taken":["M","?","$","M","?","E","R","M","T","$","M","R","E","M","R","BOSS","M","?","$","M","M","R","E","R","T","R","$","M","M","M","R","BOSS","M","$","?","M","M","R","E","R","T","?","R","E","?","?","R","BOSS"],"build_version":"2019-01-23","purchased_purges":4,"victory":true,"max_hp_per_floor":[80,80,80,83,86,89,89,93,93,93,97,97,101,105,105,109,109,116,140,140,144,147,147,154,154,154,154,154,158,165,168,168,172,172,175,175,175,179,183,183,186,186,186,190,190,193,193,193,193,193],"card_choices":[{"not_picked":["Spot Weakness","Twin Strike","Infernal Blade"],"picked":"SKIP","floor":1},{"not_picked":["Anger","Rage","Wild Strike"],"picked":"SKIP","floor":4},{"not_picked":["Wild Strike","Sever Soul"],"picked":"Disarm","floor":5},{"not_picked":["Dual Wield","Body Slam"],"picked":"Battle Trance","floor":6},{"not_picked":["Metallicize","Burning Pact"],"picked":"Demon Form","floor":8},{"not_picked":["Sword Boomerang","Perfected Strike","Iron Wave"],"picked":"SKIP","floor":11},{"not_picked":["Headbutt","Wild Strike","Iron Wave"],"picked":"SKIP","floor":13},{"not_picked":["Seeing Red","Rage","Cleave"],"picked":"SKIP","floor":14},{"not_picked":["Immolate","Double Tap"],"picked":"Feed","floor":16},{"not_picked":["Carnage","Warcry"],"picked":"Shockwave","floor":18},{"not_picked":["Shrug It Off","Pommel Strike+1"],"picked":"Body Slam","floor":21},{"not_picked":["Havoc+1","Body Slam+1"],"picked":"Ghostly Armor","floor":22},{"not_picked":["Carnage","Dual Wield","True Grit"],"picked":"SKIP","floor":24},{"not_picked":["Exhume","Burning Pact+1"],"picked":"Shrug It Off","floor":29},{"not_picked":["Heavy Blade","Clash+1","Rupture"],"picked":"SKIP","floor":30},{"not_picked":["Entrench","Combust","Dropkick"],"picked":"SKIP","floor":31},{"not_picked":["Fiend Fire","Dark Embrace"],"picked":"Immolate","floor":33},{"not_picked":["Cleave+1","Rampage+1","Perfected Strike+1"],"picked":"SKIP","floor":35},{"not_picked":["Rampage+1","Spot Weakness+1","Perfected Strike+1"],"picked":"SKIP","floor":38},{"not_picked":["Ghostly Armor+1","Thunderclap"],"picked":"Shrug It Off+1","floor":39},{"not_picked":["Disarm","Double Tap","Cleave+1"],"picked":"SKIP","floor":41},{"not_picked":["Bloodletting+1","Sentinel","Heavy Blade"],"picked":"SKIP","floor":44},{"not_picked":["Bloodletting+1","Headbutt+1","Havoc"],"picked":"SKIP","floor":46}],"player_experience":152990,"relics_obtained":[{"floor":6,"key":"Centennial Puzzle"},{"floor":9,"key":"Orichalcum"},{"floor":13,"key":"Bronze Scales"},{"floor":19,"key":"Peace Pipe"},{"floor":19,"key":"Pear"},{"floor":24,"key":"Pen Nib"},{"floor":26,"key":"Unceasing Top"},{"floor":41,"key":"Charon\u0027s Ashes"},{"floor":43,"key":"Bottled Lightning"},{"floor":46,"key":"Molten Egg 2"},{"floor":47,"key":"Boot"}],"event_choices":[{"damage_healed":0,"gold_gain":100,"player_choice":"Pray","damage_taken":0,"max_hp_gain":0,"max_hp_loss":0,"event_name":"Golden Shrine","floor":2,"gold_loss":0},{"damage_healed":0,"gold_gain":0,"player_choice":"Fight","damage_taken":0,"max_hp_gain":0,"max_hp_loss":0,"event_name":"Colosseum","floor":19,"gold_loss":0},{"damage_healed":0,"gold_gain":0,"player_choice":"Fought Nobs","damage_taken":0,"max_hp_gain":0,"max_hp_loss":0,"event_name":"Colosseum","floor":19,"gold_loss":0},{"damage_healed":0,"gold_gain":0,"player_choice":"Gave Potion","damage_taken":0,"relics_obtained":["Kunai"],"max_hp_gain":0,"max_hp_loss":0,"event_name":"WeMeetAgain","floor":37,"gold_loss":0}],"is_beta":false,"boss_relics":[{"not_picked":["Fusion Hammer","Black Star"],"picked":"Empty Cage"},{"not_picked":["Cursed Key","Calling Bell"],"picked":"Pandora\u0027s Box"}],"items_purged_floors":[3,10,20,36],"is_endless":false,"potions_floor_spawned":[1,4,11,14,16,18,19,21,22,30,35,39,41],"ascension_level":1}