{"gold_per_floor":[18,36,56,9,9,9,44,44,121,139,151,73,49,49,49,128,128,112,128,228,228,228,228,261,361,432,446,446,446,466,492,492,569,569,585,603,655,15,15,15,41,51,51,51,63,63,75,75],"floor_reached":48,"playtime":3581,"items_purged":[],"score":922,"play_id":"5876233b-d1e4-44cd-ac4f-fa249f949be4","local_time":"20190222001041","is_ascension_mode":true,"campfire_choices":[{"data":"Bash","floor":6,"key":"SMITH"},{"data":"Feed","floor":8,"key":"SMITH"},{"floor":15,"key":"REST"},{"data":"Uppercut","floor":23,"key":"SMITH"},{"data":"J.A.X.","floor":29,"key":"SMITH"},{"floor":32,"key":"REST"},{"data":"Disarm","floor":40,"key":"SMITH"},{"floor":44,"key":"REST"},{"data":"Shrug It Off","floor":46,"key":"SMITH"}],"neow_cost":"NO_GOLD","seed_source_timestamp":767349036380804,"circlet_count":0,"master_deck":["AscendersBane","Strike_R","Strike_R","Strike_R+1","Strike_R","Strike_R","Defend_R","Defend_R","Defend_R","Defend_R","Bash+1","Feed+1","Armaments","Disarm+1","Anger","Iron Wave","Clothesline","Burning Pact+1","Uppercut+1","Shrug It Off+1","Fiend Fire","Pommel Strike","Body Slam","J.A.X.+1","Infernal Blade+1","Juggernaut","Warcry+1","Reaper","Shrug It Off+1","Inflame+1","Rupture+1","Shrug It Off+1","Seeing Red+1","Warcry+1","True Grit+1","Intimidate+1"],"relics":["Burning Blood","Ancient Tea Set","Bag of Preparation","Self Forming Clay","Eternal Feather","Ginger","Shuriken","Toxic Egg 2","Sundial","The Courier","Cursed Key","Champion Belt","Pantograph","Mercury Hourglass","Pear","Paper Frog"],"potions_floor_usage":[18,19,20,33,41,48,48],"damage_taken":[{"damage":3,"enemies":"2 Louse","floor":1,"turns":3},{"damage":6,"enemies":"Cultist","floor":2,"turns":4},{"damage":22,"enemies":"Jaw Worm","floor":3,"turns":6},{"damage":32,"enemies":"Gremlin Nob","floor":7,"turns":4},{"damage":7,"enemies":"Blue Slaver","floor":10,"turns":5},{"damage":10,"enemies":"3 Louse","floor":11,"turns":5},{"damage":12,"enemies":"The Guardian","floor":16,"turns":17},{"damage":13,"enemies":"2 Thieves","floor":18,"turns":4},{"damage":17,"enemies":"Chosen","floor":19,"turns":6},{"damage":23,"enemies":"Colosseum Slavers","floor":20,"turns":5},{"damage":31,"enemies":"Colosseum Nobs","floor":20,"turns":7},{"damage":28,"enemies":"Slavers","floor":24,"turns":8},{"damage":30,"enemies":"Snake Plant","floor":27,"turns":3},{"damage":10,"enemies":"Centurion and Healer","floor":30,"turns":6},{"damage":34,"enemies":"Book of Stabbing","floor":31,"turns":5},{"damage":48,"enemies":"Champ","floor":33,"turns":9},{"damage":7,"enemies":"Orb Walker","floor":35,"turns":3},{"damage":9,"enemies":"3 Shapes","floor":36,"turns":9},{"damage":74,"enemies":"2 Orb Walkers","floor":37,"turns":6},{"damage":52,"enemies":"Giant Head","floor":41,"turns":8},{"damage":22,"enemies":"Maw","floor":42,"turns":7},{"damage":45,"enemies":"3 Darklings","floor":45,"turns":5},{"damage":26,"enemies":"Sphere and 2 Shapes","floor":47,"turns":8},{"damage":72,"enemies":"Nemesis","floor":48,"turns":5}],"seed_played":"2501805694970665569","potions_obtained":[{"floor":3,"key":"Regen Potion"},{"floor":10,"key":"Block Potion"},{"floor":16,"key":"Fire Potion"},{"floor":19,"key":"PowerPotion"},{"floor":30,"key":"SneckoOil"},{"floor":31,"key":"AttackPotion"},{"floor":41,"key":"Poison Potion"},{"floor":47,"key":"EssenceOfSteel"}],"is_trial":false,"path_per_floor":["M","M","M","$","?","R","E","R","T","M","M","$","$","?","R","B",null,"M","M","?","?","?","R","E","?","T","M","?","R","M","E","R","B",null,"M","M","?","$","?","R","E","M","T","R","M","R","M","E"],"character_chosen":"IRONCLAD","items_purchased":["Anger","Uppercut","Shrug It Off","Shrug It Off+1","Pantograph","Mercury Hourglass","Pear"],"campfire_rested":3,"item_purchase_floors":[4,12,13,38,38,38,38],"current_hp_per_floor":[74,77,64,64,64,64,38,38,38,41,41,41,41,23,50,48,84,77,66,28,28,61,73,55,55,55,31,31,46,46,18,65,23,87,90,87,38,48,48,66,20,11,11,65,48,69,65,0],"gold":75,"neow_bonus":"THREE_RARE_CARDS","is_prod":false,"is_daily":false,"chose_seed":false,"campfire_upgraded":6,"win_rate":0,"timestamp":1550823041,"path_taken":["M","M","M","$","?","R","E","R","T","M","M","?","$","?","R","BOSS","M","M","?","?","?","R","E","?","T","?","?","R","M","E","R","BOSS","M","M","?","$","?","R","E","M","T","R","M","R","?","E"],"build_version":"2019-01-23","purchased_purges":0,"victory":false,"max_hp_per_floor":[78,81,84,84,84,84,84,84,84,88,92,92,92,92,92,96,96,96,96,100,100,100,100,104,104,104,104,104,104,108,108,108,108,108,112,112,116,126,120,120,120,120,120,120,120,120,120,120],"card_choices":[{"not_picked":["Exhume","Brutality"],"picked":"Feed","floor":0},{"not_picked":["Flex","Warcry","Perfected Strike"],"picked":"SKIP","floor":1},{"not_picked":["Clash","Rage"],"picked":"Armaments","floor":2},{"not_picked":["Thunderclap","Sword Boomerang"],"picked":"Disarm","floor":3},{"not_picked":["Berserk","Armaments"],"picked":"Iron Wave","floor":7},{"not_picked":["Headbutt","Thunderclap"],"picked":"Clothesline","floor":10},{"not_picked":["Perfected Strike","Iron Wave"],"picked":"Burning Pact","floor":11},{"not_picked":["Berserk","Brutality"],"picked":"Fiend Fire","floor":16},{"not_picked":["Heavy Blade","Anger","Clash"],"picked":"SKIP","floor":18},{"not_picked":["Heavy Blade","Anger","Clash"],"picked":"SKIP","floor":18},{"not_picked":["Bloodletting","Thunderclap"],"picked":"Pommel Strike","floor":19},{"not_picked":["Armaments","Clothesline"],"picked":"Body Slam","floor":20},{"not_picked":["Flex","Corruption"],"picked":"Infernal Blade","floor":24},{"not_picked":["Body Slam","Clothesline"],"picked":"Juggernaut","floor":27},{"not_picked":["Hemokinesis+1","Headbutt","Body Slam"],"picked":"SKIP","floor":30},{"not_picked":["Clothesline","Havoc+1"],"picked":"Warcry+1","floor":31},{"not_picked":["Immolate","Dark Embrace"],"picked":"Reaper","floor":33},{"not_picked":["Clash","Battle Trance+1"],"picked":"Shrug It Off+1","floor":35},{"not_picked":["Clash+1","Flex+1"],"picked":"Inflame+1","floor":36},{"not_picked":["Metallicize","Rage+1"],"picked":"Rupture+1","floor":37},{"not_picked":["Body Slam+1","Cleave"],"picked":"Seeing Red+1","floor":41},{"not_picked":["Carnage","Pommel Strike+1"],"picked":"Warcry+1","floor":42},{"not_picked":["Sentinel+1","Armaments+1"],"picked":"True Grit+1","floor":45},{"not_picked":["Iron Wave","Armaments+1"],"picked":"Intimidate+1","floor":47}],"player_experience":670693,"relics_obtained":[{"floor":7,"key":"Bag of Preparation"},{"floor":9,"key":"Self Forming Clay"},{"floor":20,"key":"Ginger"},{"floor":20,"key":"Shuriken"},{"floor":24,"key":"Toxic Egg 2"},{"floor":26,"key":"Sundial"},{"floor":31,"key":"The Courier"},{"floor":37,"key":"Champion Belt"},{"floor":41,"key":"Paper Frog"}],"event_choices":[{"damage_healed":0,"gold_gain":0,"player_choice":"Gave Potion","damage_taken":0,"relics_obtained":["Ancient Tea Set"],"max_hp_gain":0,"max_hp_loss":0,"event_name":"WeMeetAgain","floor":5,"gold_loss":0},{"damage_healed":0,"gold_gain":0,"player_choice":"Entered Light","damage_taken":18,"max_hp_gain":0,"max_hp_loss":0,"event_name":"Shining Light","floor":14,"gold_loss":0,"cards_upgraded":["Burning Pact","Strike_R"]},{"damage_healed":0,"gold_gain":0,"player_choice":"Fight","damage_taken":0,"max_hp_gain":0,"max_hp_loss":0,"event_name":"Colosseum","floor":20,"gold_loss":0},{"damage_healed":0,"gold_gain":0,"player_choice":"Fought Nobs","damage_taken":0,"max_hp_gain":0,"max_hp_loss":0,"event_name":"Colosseum","floor":20,"gold_loss":0},{"damage_healed":0,"gold_gain":0,"player_choice":"Obtain J.A.X.","damage_taken":0,"max_hp_gain":0,"max_hp_loss":0,"event_name":"Drug Dealer","floor":21,"gold_loss":0,"cards_obtained":["J.A.X."]},{"damage_healed":33,"gold_gain":0,"player_choice":"Heal","damage_taken":0,"max_hp_gain":0,"max_hp_loss":0,"event_name":"The Library","floor":22,"gold_loss":0},{"damage_healed":0,"gold_gain":100,"player_choice":"Pray","damage_taken":0,"max_hp_gain":0,"max_hp_loss":0,"event_name":"Golden Shrine","floor":25,"gold_loss":0},{"damage_healed":0,"gold_gain":0,"player_choice":"Ignored","damage_taken":0,"max_hp_gain":0,"max_hp_loss":0,"event_name":"The Mausoleum","floor":28,"gold_loss":0},{"damage_healed":0,"gold_gain":0,"player_choice":"Fight","damage_taken":0,"max_hp_gain":0,"max_hp_loss":0,"event_name":"Mysterious Sphere","floor":37,"gold_loss":0},{"damage_healed":0,"gold_gain":0,"player_choice":"Max HP","damage_taken":0,"max_hp_gain":0,"max_hp_loss":6,"event_name":"Winding Halls","floor":39,"gold_loss":0}],"is_beta":false,"boss_relics":[{"not_picked":["Tiny House","Busted Crown"],"picked":"Eternal Feather"},{"not_picked":["Calling Bell","Fusion Hammer"],"picked":"Cursed Key"}],"items_purged_floors":[],"is_endless":false,"potions_floor_spawned":[3,10,16,19,30,31,41,47],"killed_by":"Nemesis","ascension_level":14}