{"gold_per_floor":[117,117,117,40,58,91,91,111,111,139,150,163,163,180,180,283,283,302,5,5,18,33,33,64,64,64,95,194,194,194,214,214,312,312,330,330,0,0,0,0,15,47,47,67,17,17,17,17,17,17],"floor_reached":51,"playtime":1695,"items_purged":["Strike_B","Strike_B+1","Regret"],"score":1164,"play_id":"da653e2f-d877-420e-8273-e8182c974439","local_time":"20190203130428","is_ascension_mode":true,"campfire_choices":[{"data":"Sunder","floor":7.0,"key":"SMITH"},{"data":"Dualcast","floor":13.0,"key":"SMITH"},{"data":"Redo","floor":15.0,"key":"SMITH"},{"floor":23.0,"key":"REST"},{"data":"Defragment","floor":29.0,"key":"SMITH"},{"floor":32.0,"key":"REST"},{"data":"Echo Form","floor":40.0,"key":"SMITH"},{"floor":46,"key":"REST"},{"floor":49,"key":"REST"}],"neow_cost":"NONE","seed_source_timestamp":124372044394546,"circlet_count":0,"master_deck":["AscendersBane","Strike_B+1","Defend_B+1","Defend_B+1","Defend_B+1","Defend_B+1","Zap+1","Dualcast+1","Sweeping Beam","Sunder+1","Cold Snap","Rip and Tear","Cold Snap","Cold Snap","Ball Lightning","Redo+1","Machine Learning","Defragment+1","Loop","Echo Form+1","Ball Lightning","Stack+1","Defragment+1","Go for the Eyes+1","Creative AI+1","Stack","Self Repair+1","Flash of Steel+1","Chaos","White Noise","Glacier"],"special_seed":0,"relics":["FrozenCore","NeowsBlessing","Singing Bowl","Symbiotic Virus","Dream Catcher","Bronze Scales","Smiling Mask","Molten Egg 2","Frozen Egg 2","Cursed Key","Runic Capacitor","Art of War","Pocketwatch"],"potions_floor_usage":[42,42],"damage_taken":[{"damage":0.0,"enemies":"Jaw Worm","floor":1.0,"turns":1.0},{"damage":0.0,"enemies":"2 Louse","floor":5.0,"turns":1.0},{"damage":0.0,"enemies":"3 Sentries","floor":6.0,"turns":1.0},{"damage":0.0,"enemies":"Cultist","floor":8.0,"turns":2.0},{"damage":18.0,"enemies":"Gremlin Nob","floor":10.0,"turns":3.0},{"damage":8.0,"enemies":"Gremlin Gang","floor":11.0,"turns":3.0},{"damage":0.0,"enemies":"Exordium Thugs","floor":12.0,"turns":3.0},{"damage":0.0,"enemies":"3 Louse","floor":14.0,"turns":2.0},{"damage":21.0,"enemies":"Slime Boss","floor":16.0,"turns":8.0},{"damage":10.0,"enemies":"Chosen","floor":18.0,"turns":4.0},{"damage":6.0,"enemies":"3 Byrds","floor":21.0,"turns":2.0},{"damage":7.0,"enemies":"Centurion and Healer","floor":22.0,"turns":6.0},{"damage":15.0,"enemies":"Slavers","floor":24.0,"turns":5.0},{"damage":13.0,"enemies":"Book of Stabbing","floor":27.0,"turns":5.0},{"damage":6.0,"enemies":"Snecko","floor":31.0,"turns":4.0},{"damage":22.0,"enemies":"Champ","floor":33.0,"turns":12.0},{"damage":16.0,"enemies":"3 Darklings","floor":35.0,"turns":5.0},{"damage":7.0,"enemies":"Orb Walker","floor":41.0,"turns":3.0},{"damage":56,"enemies":"Reptomancer","floor":42,"turns":8},{"damage":7,"enemies":"4 Shapes","floor":44,"turns":4},{"damage":23,"enemies":"Time Eater","floor":50,"turns":11}],"seed_played":"-4418228344992130669","potions_obtained":[{"floor":5.0,"key":"FocusPotion"},{"floor":6.0,"key":"LiquidBronze"},{"floor":11.0,"key":"EssenceOfSteel"},{"floor":18.0,"key":"Fire Potion"},{"floor":27.0,"key":"SkillPotion"},{"floor":33.0,"key":"SteroidPotion"},{"floor":35.0,"key":"LiquidBronze"},{"floor":42,"key":"Fire Potion"}],"is_trial":false,"path_per_floor":["M","?","?","$","M","E","R","M","T","E","M","M","R","M","R","B",null,"M","$","?","M","M","R","E","?","T","E","?","R","?","M","R","B",null,"M","?","$","?","?","R","M","E","T","M","$","R","?","$","R","B",null],"character_chosen":"DEFECT","items_purchased":["Sunder","Loop","Bronze Scales","Runic Capacitor","Self Repair+1"],"campfire_rested":4,"item_purchase_floors":[4,19,19,37,37],"current_hp_per_floor":[68,68,53,53,53,53,53,53,53,35,27,27,27,29,29,8,60,50,50,36,30,23,49,34,34,34,21,21,21,21,15,42,20,70,54,54,54,54,54,54,57,11,11,6,6,33,33,33,58,45],"gold":17,"neow_bonus":"THREE_ENEMY_KILL","is_prod":false,"is_daily":false,"chose_seed":false,"campfire_upgraded":5,"win_rate":0,"timestamp":1549220668,"path_taken":["M","?","?","?","?","E","R","M","T","E","M","?","R","M","R","BOSS","M","$","?","M","M","R","E","?","T","E","?","R","?","M","R","BOSS","M","?","$","?","?","R","M","E","T","M","$","R","?","?","R","BOSS"],"build_version":"2019-01-23","purchased_purges":3,"victory":true,"max_hp_per_floor":[75,75,75,75,75,75,75,75,75,75,75,75,75,77,77,77,77,77,77,82,82,82,84,84,84,84,84,84,84,84,84,86,86,86,86,86,86,82,82,82,82,82,82,84,84,86,86,86,86,86],"card_choices":[{"not_picked":["Redo","Darkness"],"picked":"Sweeping Beam","floor":1.0},{"not_picked":["Sweeping Beam","Barrage"],"picked":"Cold Snap","floor":5.0},{"not_picked":["Storm","Hologram"],"picked":"Rip and Tear","floor":6.0},{"not_picked":["Scrape","Hologram"],"picked":"Cold Snap","floor":8.0},{"not_picked":["Storm","Hologram"],"picked":"Cold Snap","floor":10.0},{"not_picked":["Sweeping Beam","Beam Cell"],"picked":"Ball Lightning","floor":11.0},{"not_picked":["All For One","Streamline"],"picked":"Redo","floor":12.0},{"not_picked":["Recycle","Rebound","Streamline"],"picked":"Singing Bowl","floor":14.0},{"not_picked":["Meteor Strike","Seek"],"picked":"Machine Learning","floor":16.0},{"not_picked":["Ball Lightning","Cold Snap+1"],"picked":"Defragment","floor":18.0},{"not_picked":["Turbo","Leap"],"picked":"Echo Form","floor":21.0},{"not_picked":["Streamline","Scrape"],"picked":"Ball Lightning","floor":22.0},{"not_picked":["Reinforced Body","Darkness","Steam"],"picked":"Singing Bowl","floor":23.0},{"not_picked":["Gash+1","Consume"],"picked":"Stack+1","floor":24.0},{"not_picked":["Cold Snap+1","Streamline+1"],"picked":"Defragment","floor":27.0},{"not_picked":["Fission","Storm+1"],"picked":"Go for the Eyes+1","floor":31.0},{"not_picked":["Reprogram","Aggregate","Turbo"],"picked":"Singing Bowl","floor":32.0},{"not_picked":["Biased Cognition+1","Rainbow"],"picked":"Creative AI+1","floor":33.0},{"not_picked":["Ball Lightning+1","Go for the Eyes+1"],"picked":"Stack","floor":35.0},{"not_picked":["Jack Of All Trades","Blind"],"picked":"Flash of Steel+1","floor":39.0},{"not_picked":["Go for the Eyes+1","Rip and Tear+1"],"picked":"Chaos","floor":41.0},{"not_picked":["Gash+1","Lockon+1"],"picked":"White Noise","floor":42},{"not_picked":["Rip and Tear+1","Streamline+1","Creative AI+1"],"picked":"Singing Bowl","floor":44},{"not_picked":["Capacitor+1","Turbo+1","Steam+1"],"picked":"Singing Bowl","floor":46},{"not_picked":["Coolheaded","Chill"],"picked":"Glacier","floor":49}],"player_experience":165390,"relics_obtained":[{"floor":6.0,"key":"Singing Bowl"},{"floor":9.0,"key":"Symbiotic Virus"},{"floor":10.0,"key":"Dream Catcher"},{"floor":24.0,"key":"Smiling Mask"},{"floor":26.0,"key":"Molten Egg 2"},{"floor":27.0,"key":"Frozen Egg 2"},{"floor":42,"key":"Art of War"},{"floor":43,"key":"Pocketwatch"}],"event_choices":[{"cards_removed":["Strike_B"],"damage_healed":0.0,"max_hp_gain":0.0,"max_hp_loss":0.0,"gold_gain":0.0,"event_name":"Living Wall","player_choice":"Forget","floor":2.0,"gold_loss":0.0,"damage_taken":0.0},{"damage_healed":0.0,"max_hp_gain":0.0,"max_hp_loss":0.0,"gold_gain":0.0,"event_name":"Shining Light","player_choice":"Entered Light","floor":3.0,"gold_loss":0.0,"damage_taken":15.0,"cards_upgraded":["Defend_B","Zap"]},{"damage_healed":0.0,"max_hp_gain":5.0,"max_hp_loss":0.0,"gold_gain":0.0,"event_name":"Forgotten Altar","player_choice":"Shed Blood","floor":20.0,"gold_loss":0.0,"damage_taken":19.0},{"damage_healed":0.0,"max_hp_gain":0.0,"max_hp_loss":0.0,"gold_gain":0.0,"event_name":"Back to Basics","player_choice":"Simplicity","floor":25.0,"gold_loss":0.0,"damage_taken":0.0,"cards_upgraded":["Strike_B","Strike_B","Defend_B","Defend_B","Defend_B"]},{"damage_healed":0.0,"max_hp_gain":0.0,"max_hp_loss":0.0,"gold_gain":99.0,"event_name":"Nest","player_choice":"Stole From Cult","floor":28.0,"gold_loss":0.0,"damage_taken":0.0},{"damage_healed":0.0,"max_hp_gain":0.0,"max_hp_loss":0.0,"gold_gain":0.0,"event_name":"FaceTrader","player_choice":"Leave","floor":30.0,"gold_loss":0.0,"damage_taken":0.0},{"damage_healed":0.0,"max_hp_gain":0.0,"max_hp_loss":0.0,"gold_gain":0.0,"event_name":"Tomb of Lord Red Mask","player_choice":"Ignored","floor":36.0,"gold_loss":0.0,"damage_taken":0.0},{"damage_healed":0.0,"max_hp_gain":0.0,"max_hp_loss":4.0,"gold_gain":0.0,"event_name":"Winding Halls","player_choice":"Max HP","floor":38.0,"gold_loss":0.0,"damage_taken":0.0},{"damage_healed":0.0,"max_hp_gain":0.0,"max_hp_loss":0.0,"gold_gain":0.0,"event_name":"SensoryStone","player_choice":"Memory 1","floor":39.0,"gold_loss":0.0,"damage_taken":0.0},{"damage_healed":0,"gold_gain":0,"player_choice":"Ignored","damage_taken":0,"max_hp_gain":0,"max_hp_loss":0,"event_name":"Mysterious Sphere","floor":47,"gold_loss":0}],"is_beta":false,"boss_relics":[{"not_picked":["Orrery","Empty Cage"],"picked":"FrozenCore"},{"not_picked":["Runic Dome","Coffee Dripper"],"picked":"Cursed Key"}],"items_purged_floors":[19,37,45],"is_endless":false,"potions_floor_spawned":[5,6,8,11,14,18,27,33,35,42],"ascension_level":12}