{"gold_per_floor":[113,131,131,131,4,4,17,17,17,0,0,0,0,35,35,164,164,180,180,128,128,149,149,170,170,170,170,189,205,9,24,24,24],"floor_reached":33,"playtime":1592,"items_purged":["Injury"],"score":291,"play_id":"bf408574-ba7b-4791-99f4-c1c5a1820859","local_time":"20190126153320","is_ascension_mode":true,"campfire_choices":[{"floor":6,"key":"REST"},{"floor":8,"key":"REST"},{"data":"Zap","floor":13,"key":"SMITH"},{"data":"Conserve Battery","floor":15,"key":"SMITH"},{"data":"Glacier","floor":23,"key":"SMITH"},{"data":"Buffer","floor":25,"key":"SMITH"},{"data":"Hello World","floor":32,"key":"SMITH"}],"neow_cost":"CURSE","seed_source_timestamp":845386239544185,"circlet_count":0,"master_deck":["Defend_B","Defend_B","Defend_B","Defend_B","Zap+1","Dualcast","Cold Snap","Glacier+1","Coolheaded","Beam Cell","Conserve Battery+1","Electrodynamics","Cold Snap+1","Steam","Turbo","Buffer+1","Bite","Bite","Bite","Bite","Bite","Undo+1","Redo+1","Hello World+1"],"relics":["Cracked Core","Turnip","Singing Bowl","Golden Idol","Meat on the Bone","Shuriken","Nuclear Battery","Spirit Poop","Question Card","StoneCalendar","Sling"],"potions_floor_usage":[16,16,29,33,33],"damage_taken":[{"damage":9,"enemies":"Jaw Worm","floor":1,"turns":3},{"damage":0,"enemies":"2 Louse","floor":2,"turns":1},{"damage":0,"enemies":"Cultist","floor":7,"turns":5},{"damage":0,"enemies":"Looter","floor":10,"turns":4},{"damage":11,"enemies":"3 Sentries","floor":14,"turns":9},{"damage":60,"enemies":"Slime Boss","floor":16,"turns":26},{"damage":0,"enemies":"3 Byrds","floor":18,"turns":1},{"damage":1,"enemies":"Chosen","floor":22,"turns":4},{"damage":19,"enemies":"Centurion and Healer","floor":24,"turns":19},{"damage":8,"enemies":"Cultist and Chosen","floor":28,"turns":7},{"damage":4,"enemies":"Shelled Parasite and Fungi","floor":29,"turns":7},{"damage":1,"enemies":"Sentry and Sphere","floor":31,"turns":7},{"damage":70,"enemies":"Champ","floor":33,"turns":19}],"seed_played":"7218958580406034020","potions_obtained":[{"floor":1,"key":"EntropicBrew"},{"floor":18,"key":"Block Potion"},{"floor":29,"key":"Ancient Potion"}],"is_trial":false,"path_per_floor":["M","M","?","?","$","R","M","R","T","M","$","?","R","E","R","B",null,"M","?","$","T","M","R","M","R","T","?","M","M","$","M","R","B"],"character_chosen":"DEFECT","items_purchased":["Coolheaded","Steam","Sling"],"campfire_rested":2,"item_purchase_floors":[5,20,30],"current_hp_per_floor":[66,66,33,33,33,55,57,77,77,77,77,82,82,71,71,23,82,82,82,82,82,81,81,62,62,62,57,51,57,57,57,57,0],"gold":24,"neow_bonus":"ONE_RARE_RELIC","is_prod":false,"is_daily":false,"chose_seed":false,"campfire_upgraded":5,"win_rate":0,"timestamp":1548534800,"path_taken":["M","M","?","?","?","R","M","R","T","M","$","?","R","E","R","BOSS","M","?","$","?","M","R","M","R","T","?","M","?","$","M","R","BOSS"],"build_version":"2019-01-23","purchased_purges":1,"victory":false,"max_hp_per_floor":[75,75,75,75,75,75,77,77,77,77,77,82,82,82,82,82,82,82,82,82,82,82,82,82,82,82,57,57,57,57,57,57,57],"card_choices":[{"not_picked":["Heatsinks","Rebound"],"picked":"Cold Snap","floor":1},{"not_picked":["Redo","Skim"],"picked":"Glacier","floor":2},{"not_picked":["Ball Lightning","Chaos","Beam Cell"],"picked":"Singing Bowl","floor":7},{"not_picked":["Redo","Go for the Eyes"],"picked":"Beam Cell","floor":10},{"not_picked":["Stack","Rainbow"],"picked":"Conserve Battery","floor":14},{"not_picked":["Seek","Reboot"],"picked":"Electrodynamics","floor":16},{"not_picked":["Hologram","Storm"],"picked":"Cold Snap+1","floor":18},{"not_picked":["Redo","Tempest","Gash+1"],"picked":"Turbo","floor":22},{"not_picked":["Streamline","Conserve Battery","Genetic Algorithm"],"picked":"Buffer","floor":24},{"not_picked":["Go for the Eyes","Barrage","Coolheaded"],"picked":"Undo+1","floor":28},{"not_picked":["Tempest","Beam Cell","Streamline+1"],"picked":"Redo+1","floor":29},{"not_picked":["Reprogram","Glacier","Steam"],"picked":"Hello World","floor":31}],"player_experience":235537,"relics_obtained":[{"floor":9,"key":"Meat on the Bone"},{"floor":14,"key":"Shuriken"},{"floor":21,"key":"Question Card"},{"floor":26,"key":"StoneCalendar"}],"event_choices":[{"damage_healed":0,"gold_gain":0,"player_choice":"Success","damage_taken":33,"relics_obtained":["Singing Bowl"],"max_hp_gain":0,"max_hp_loss":0,"event_name":"Scrap Ooze","floor":3,"gold_loss":0},{"damage_healed":0,"gold_gain":0,"player_choice":"Take Wound","damage_taken":0,"relics_obtained":["Golden Idol"],"max_hp_gain":0,"max_hp_loss":0,"event_name":"Golden Idol","floor":4,"gold_loss":0,"cards_obtained":["Injury"]},{"damage_healed":0,"gold_gain":0,"player_choice":"Donut","damage_taken":0,"max_hp_gain":5,"max_hp_loss":0,"event_name":"Big Fish","floor":12,"gold_loss":0},{"cards_removed":["Shame"],"damage_healed":0,"gold_gain":0,"player_choice":"Offered Curse","damage_taken":0,"relics_obtained":["Spirit Poop"],"max_hp_gain":0,"max_hp_loss":0,"event_name":"Bonfire Elementals","floor":19,"gold_loss":0},{"damage_healed":0,"gold_gain":0,"player_choice":"Became a vampire","damage_taken":0,"max_hp_gain":0,"max_hp_loss":25,"event_name":"Vampires","floor":27,"gold_loss":0,"cards_obtained":["Bite","Bite","Bite","Bite","Bite"]}],"is_beta":false,"boss_relics":[{"not_picked":["White Beast Statue","Sozu"],"picked":"Nuclear Battery"}],"items_purged_floors":[5],"is_endless":false,"potions_floor_spawned":[1,18,29],"killed_by":"Champ","ascension_level":2}