{"gold_per_floor":[109,126,11,11,31,58,58,71,96,0,12,12,26,201,201,298,298,281,30,30,30,30,46,61,61,73,102,114,126,138,169,181,193],"floor_reached":33,"playtime":2889,"items_purged":["Doubt"],"score":309,"play_id":"2371c8b6-20be-4aa1-a86b-2a91e1f8347a","local_time":"20190119055620","is_ascension_mode":true,"campfire_choices":[{"data":"Jack Of All Trades","floor":7,"key":"SMITH"},{"data":"Infinite Blades","floor":12,"key":"SMITH"},{"data":"Neutralize","floor":15,"key":"SMITH"},{"data":"Venomology","floor":28,"key":"SMITH"},{"data":"Terror","floor":30,"key":"SMITH"},{"floor":32,"key":"REST"}],"neow_cost":"NONE","seed_source_timestamp":204638131188639,"circlet_count":0,"master_deck":["Defend_G","Defend_G","Defend_G","Defend_G","Defend_G","Survivor","Neutralize+1","Dramatic Entrance+1","Deadly Poison","Sucker Punch","Jack Of All Trades+1","Flying Knee","Tactician","Underhanded Strike","Panacea","Infinite Blades+1","Cloak And Dagger","Venomology+1","Injury","Terror+1","Dodge and Roll","Dramatic Entrance+1","Slice","Infinite Blades","Decay","Writhe","Bite","Bite","Bite","Bite","Bite","Accuracy+1","Deflect+1","All Out Attack+1","Noxious Fumes+1","Footwork","Envenom","Backflip"],"relics":["Ring of the Snake","Orichalcum","Strawberry","PreservedInsect","Calling Bell","Bronze Scales","Matryoshka","Prayer Wheel","MawBank","Ornamental Fan","Whetstone","Pen Nib"],"potions_floor_usage":[16,16,16,23,23,24,27,33],"damage_taken":[{"damage":11,"enemies":"Jaw Worm","floor":1,"turns":4},{"damage":0,"enemies":"Cultist","floor":2,"turns":3},{"damage":6,"enemies":"2 Louse","floor":5,"turns":2},{"damage":19,"enemies":"Gremlin Nob","floor":6,"turns":5},{"damage":4,"enemies":"Looter","floor":8,"turns":3},{"damage":1,"enemies":"Blue Slaver","floor":11,"turns":4},{"damage":0,"enemies":"Exordium Thugs","floor":13,"turns":4},{"damage":11,"enemies":"Hexaghost","floor":16,"turns":13},{"damage":17,"enemies":"2 Thieves","floor":18,"turns":4},{"damage":9,"enemies":"Spheric Guardian","floor":23,"turns":4},{"damage":11,"enemies":"Centurion and Healer","floor":24,"turns":8},{"damage":25,"enemies":"Shelled Parasite and Fungi","floor":27,"turns":4},{"damage":17,"enemies":"Snake Plant","floor":31,"turns":3},{"damage":26,"enemies":"Collector","floor":33,"turns":2}],"seed_played":"4217112106767982561","potions_obtained":[{"floor":5,"key":"Ancient Potion"},{"floor":6,"key":"EssenceOfSteel"},{"floor":11,"key":"Strength Potion"},{"floor":13,"key":"Dexterity Potion"},{"floor":18,"key":"Dexterity Potion"},{"floor":23,"key":"Weak Potion"}],"is_trial":false,"path_per_floor":["M","M","$","?","M","E","R","M","T","$","M","R","M","?","R","B",null,"M","$","?","?","$","M","M","T","T","M","R","?","R","M","R","B"],"character_chosen":"THE_SILENT","items_purchased":["Jack Of All Trades","Dagger Throw","Panacea","Dramatic Entrance","Slice","Infinite Blades"],"campfire_rested":1,"item_purchase_floors":[3,3,10,19,19,19],"current_hp_per_floor":[59,59,59,59,53,41,41,37,37,37,36,36,36,36,36,25,77,60,60,60,49,49,42,41,41,41,20,20,20,20,5,19,0],"gold":193,"neow_bonus":"RANDOM_COLORLESS","is_prod":false,"is_daily":false,"chose_seed":false,"campfire_upgraded":5,"win_rate":0,"timestamp":1547895380,"path_taken":["M","M","$","?","?","E","R","M","T","?","M","R","M","?","R","BOSS","M","$","?","?","?","M","M","?","T","?","R","?","R","M","R","BOSS"],"build_version":"2019-01-17v2","purchased_purges":1,"victory":false,"max_hp_per_floor":[70,70,70,70,70,77,77,77,77,77,77,77,77,77,77,77,77,77,77,71,49,49,49,49,49,49,49,49,49,49,49,49,49],"card_choices":[{"not_picked":["Underhanded Strike","Predator"],"picked":"Deadly Poison","floor":1},{"not_picked":["Cloak And Dagger","Flying Knee"],"picked":"Sucker Punch","floor":2},{"not_picked":["Quick Slash","Flechettes"],"picked":"Flying Knee","floor":5},{"not_picked":["Quick Slash","Expertise"],"picked":"Tactician","floor":6},{"not_picked":["Dagger Spray","Deadly Poison"],"picked":"Underhanded Strike","floor":8},{"not_picked":["Slice","Acrobatics"],"picked":"Infinite Blades","floor":11},{"not_picked":["Quick Slash","Flying Knee"],"picked":"Cloak And Dagger","floor":13},{"not_picked":["Wraith Form v2","Storm of Steel"],"picked":"Venomology","floor":16},{"not_picked":["PiercingWail","Dodge and Roll"],"picked":"Terror","floor":18},{"not_picked":["Flying Knee","Cloak And Dagger"],"picked":"Dodge and Roll","floor":18},{"not_picked":["Skewer","Poisoned Stab+1"],"picked":"Accuracy+1","floor":23},{"not_picked":["Poisoned Stab+1","Dodge and Roll+1","Backstab"],"picked":"SKIP","floor":23},{"not_picked":["Dash","Bane+1"],"picked":"Deflect+1","floor":24},{"not_picked":["Calculated Gamble","Terror"],"picked":"All Out Attack+1","floor":24},{"not_picked":["Dagger Spray","Bouncing Flask+1"],"picked":"Noxious Fumes+1","floor":27},{"not_picked":["Deadly Poison","Dodge and Roll"],"picked":"Footwork","floor":27},{"not_picked":["Riddle With Holes","Deadly Poison"],"picked":"Envenom","floor":31},{"not_picked":["Quick Slash+1","Prepared"],"picked":"Backflip","floor":31}],"player_experience":121787,"relics_obtained":[{"floor":6,"key":"Strawberry"},{"floor":9,"key":"PreservedInsect"},{"floor":17,"key":"Bronze Scales"},{"floor":17,"key":"Matryoshka"},{"floor":17,"key":"Prayer Wheel"},{"floor":25,"key":"MawBank"},{"floor":25,"key":"Ornamental Fan"},{"floor":26,"key":"Whetstone"},{"floor":26,"key":"Pen Nib"}],"event_choices":[{"cards_removed":["Dagger Throw"],"damage_healed":0,"gold_gain":0,"player_choice":"Gave Card","damage_taken":0,"relics_obtained":["Orichalcum"],"max_hp_gain":0,"max_hp_loss":0,"event_name":"WeMeetAgain","floor":4,"gold_loss":0},{"damage_healed":0,"gold_gain":175,"player_choice":"AGREE","damage_taken":0,"max_hp_gain":0,"max_hp_loss":0,"event_name":"Liars Game","floor":14,"gold_loss":0,"cards_obtained":["Doubt"]},{"damage_healed":0,"gold_gain":0,"cards_transformed":["Parasite","Parasite"],"player_choice":"Became Test Subject","damage_taken":0,"max_hp_gain":0,"max_hp_loss":0,"event_name":"Drug Dealer","floor":20,"gold_loss":0,"cards_obtained":["Decay","Writhe"]},{"damage_healed":0,"gold_gain":0,"player_choice":"Became a vampire","damage_taken":0,"max_hp_gain":0,"max_hp_loss":22,"event_name":"Vampires","floor":21,"gold_loss":0,"cards_obtained":["Bite","Bite","Bite","Bite","Bite"]},{"damage_healed":0,"gold_gain":0,"player_choice":"Ignored","damage_taken":0,"max_hp_gain":0,"max_hp_loss":0,"event_name":"Ghosts","floor":29,"gold_loss":0}],"is_beta":false,"boss_relics":[{"not_picked":["Ring of the Serpent","Velvet Choker"],"picked":"Calling Bell"}],"items_purged_floors":[19],"is_endless":false,"potions_floor_spawned":[5,6,11,13,18,23],"killed_by":"Collector","ascension_level":1}