{"gold_per_floor":[118,118,129,129,139,169,25,25,49,11,11,36,53,69,69,170,170,183,183,183,183,183,212,212,232,255,33,51,61,76,76],"floor_reached":31,"playtime":1194,"items_purged":["Parasite"],"score":265,"play_id":"32b4a920-8317-4c11-813d-0346de57f0ad","local_time":"20190124173008","is_ascension_mode":false,"campfire_choices":[{"floor":15,"key":"REST"},{"floor":24,"key":"REST"}],"neow_cost":"NONE","seed_source_timestamp":679986776917797,"circlet_count":0,"master_deck":["Strike_B","Strike_B","Strike_B+1","Strike_B","Defend_B","Defend_B","Defend_B","Defend_B","Zap+1","Dualcast","Go for the Eyes","Sweeping Beam","Static Discharge","Conserve Battery","Hologram","Melter","Go for the Eyes","FTL","Conserve Battery","FTL","Force Field","Buffer","Double Energy+1","Aggregate+1","Force Field+1","Conserve Battery+1","Chaos+1","White Noise+1"],"relics":["Cracked Core","NeowsBlessing","PreservedInsect","DataDisk","Mummified Hand","Eternal Feather","Toxic Egg 2","Enchiridion","Lantern","War Paint","Dream Catcher"],"potions_floor_usage":[6,13,18,22,29,29],"damage_taken":[{"damage":0,"enemies":"2 Louse","floor":1,"turns":1},{"damage":0,"enemies":"Small Slimes","floor":3,"turns":1},{"damage":0,"enemies":"Jaw Worm","floor":5,"turns":1},{"damage":14,"enemies":"Gremlin Nob","floor":6,"turns":3},{"damage":6,"enemies":"3 Sentries","floor":12,"turns":5},{"damage":2,"enemies":"Large Slime","floor":13,"turns":5},{"damage":0,"enemies":"2 Fungi Beasts","floor":14,"turns":3},{"damage":24,"enemies":"The Guardian","floor":16,"turns":9},{"damage":11,"enemies":"2 Thieves","floor":18,"turns":4},{"damage":10,"enemies":"Colosseum Slavers","floor":22,"turns":6},{"damage":37,"enemies":"Slavers","floor":23,"turns":6},{"damage":6,"enemies":"3 Byrds","floor":25,"turns":2},{"damage":17,"enemies":"3 Cultists","floor":28,"turns":5},{"damage":0,"enemies":"Centurion and Healer","floor":29,"turns":5},{"damage":13,"enemies":"Chosen and Byrds","floor":30,"turns":8},{"damage":32,"enemies":"Cultist and Chosen","floor":31,"turns":7}],"seed_played":"-3181944588580098128","potions_obtained":[{"floor":3,"key":"Swift Potion"},{"floor":5,"key":"Fire Potion"},{"floor":16,"key":"Fruit Juice"},{"floor":18,"key":"Explosive Potion"},{"floor":25,"key":"SpeedPotion"},{"floor":28,"key":"Fruit Juice"}],"is_trial":false,"path_per_floor":["M","?","M","?","M","E","$","?","T","$","?","E","M","M","R","B",null,"M","?","T","?","?","E","R","M","T","$","M","M","M","M"],"character_chosen":"DEFECT","items_purchased":["Hologram","Melter","Go for the Eyes","FTL","Dream Catcher"],"campfire_rested":2,"item_purchase_floors":[7,7,7,10,27],"current_hp_per_floor":[75,60,60,60,60,46,46,43,43,43,61,55,53,53,75,51,75,69,69,69,53,43,6,45,39,39,39,22,27,14,0],"gold":76,"neow_bonus":"THREE_ENEMY_KILL","is_prod":false,"is_daily":false,"chose_seed":false,"campfire_upgraded":0,"win_rate":0,"timestamp":1548369008,"path_taken":["M","?","M","?","M","E","$","?","T","?","?","E","M","M","R","BOSS","M","?","?","?","?","E","R","M","T","$","M","M","?","M"],"build_version":"2019-01-23","purchased_purges":1,"victory":false,"max_hp_per_floor":[75,75,75,75,75,75,75,75,75,75,75,75,75,75,75,75,75,80,80,80,80,80,80,80,80,80,77,77,82,82,82],"card_choices":[{"not_picked":["Hello World","Rebound"],"picked":"Go for the Eyes","floor":1},{"not_picked":["Stack","Rebound"],"picked":"Sweeping Beam","floor":3},{"not_picked":["Steam","Barrage"],"picked":"Static Discharge","floor":5},{"not_picked":["Heatsinks","Auto Shields"],"picked":"Conserve Battery","floor":6},{"not_picked":["Turbo","Barrage"],"picked":"Conserve Battery","floor":12},{"not_picked":["Cold Snap","Scrape"],"picked":"FTL","floor":13},{"not_picked":["Redo","Conserve Battery"],"picked":"Force Field","floor":14},{"not_picked":["Hyperbeam","Creative AI"],"picked":"Buffer","floor":16},{"not_picked":["Compile Driver","Sweeping Beam+1"],"picked":"Double Energy","floor":18},{"not_picked":["Aggregate+1","Steam+1"],"picked":"Force Field+1","floor":23},{"not_picked":["Rebound+1","Melter","Ball Lightning"],"picked":"SKIP","floor":25},{"not_picked":["Leap+1","Reprogram+1"],"picked":"Conserve Battery+1","floor":28},{"not_picked":["Steam Power+1","Leap+1"],"picked":"Chaos+1","floor":29},{"not_picked":["Coolheaded+1","Loop"],"picked":"White Noise+1","floor":30}],"player_experience":215959,"relics_obtained":[{"floor":6,"key":"PreservedInsect"},{"floor":12,"key":"Mummified Hand"},{"floor":20,"key":"Toxic Egg 2"},{"floor":21,"key":"Enchiridion"},{"floor":23,"key":"Lantern"},{"floor":26,"key":"War Paint"}],"event_choices":[{"damage_healed":0,"gold_gain":0,"player_choice":"Entered Light","damage_taken":15,"max_hp_gain":0,"max_hp_loss":0,"event_name":"Shining Light","floor":2,"gold_loss":0,"cards_upgraded":["Zap","Strike_B"]},{"damage_healed":0,"gold_gain":0,"player_choice":"Ignored","damage_taken":0,"max_hp_gain":0,"max_hp_loss":0,"event_name":"Golden Wing","floor":4,"gold_loss":0},{"damage_healed":0,"gold_gain":0,"player_choice":"Success","damage_taken":3,"relics_obtained":["DataDisk"],"max_hp_gain":0,"max_hp_loss":0,"event_name":"Scrap Ooze","floor":8,"gold_loss":0},{"damage_healed":18,"gold_gain":0,"player_choice":"Healed and dodged fight","damage_taken":0,"max_hp_gain":0,"max_hp_loss":0,"event_name":"Mushrooms","floor":11,"gold_loss":0,"cards_obtained":["Parasite"]},{"damage_healed":0,"gold_gain":0,"player_choice":"Read","damage_taken":0,"max_hp_gain":0,"max_hp_loss":0,"event_name":"The Library","floor":19,"gold_loss":0,"cards_obtained":["Aggregate"]},{"damage_healed":0,"gold_gain":0,"player_choice":"Obtained Book","damage_taken":16,"max_hp_gain":0,"max_hp_loss":0,"event_name":"Cursed Tome","floor":21,"gold_loss":0},{"damage_healed":0,"gold_gain":0,"player_choice":"Fight","damage_taken":0,"max_hp_gain":0,"max_hp_loss":0,"event_name":"Colosseum","floor":22,"gold_loss":0},{"damage_healed":0,"gold_gain":0,"player_choice":"Fled From Nobs","damage_taken":0,"max_hp_gain":0,"max_hp_loss":0,"event_name":"Colosseum","floor":22,"gold_loss":0}],"is_beta":false,"boss_relics":[{"not_picked":["Lizard Tail","Ectoplasm"],"picked":"Eternal Feather"}],"items_purged_floors":[27],"is_endless":false,"potions_floor_spawned":[3,5,16,18,25,28],"killed_by":"Cultist and Chosen","ascension_level":0}