{"gold_per_floor":[218,218,137,150,168,197,197,231,231,231,241,255,286,286,286,389,389,369,96,114,132,51,51,51,62,62,62,62,78,78,78,78,78],"floor_reached":33,"playtime":2358,"items_purged":["Strike_R"],"score":449,"play_id":"e9ab3910-148f-4bfc-b7e3-48f98bed065c","local_time":"20190210175901","is_ascension_mode":true,"campfire_choices":[{"data":"Bash","floor":7,"key":"SMITH"},{"floor":10,"key":"REST"},{"data":"Armaments","floor":15,"key":"SMITH"},{"floor":23,"key":"REST"},{"data":"Juggernaut","floor":28,"key":"SMITH"},{"data":"True Grit","floor":32,"key":"SMITH"}],"neow_cost":"NONE","seed_source_timestamp":101734528301400,"circlet_count":0,"master_deck":["AscendersBane","Defend_R","Defend_R","Defend_R","Defend_R","Bash+1","Headbutt","Metallicize","Iron Wave","Pommel Strike","Juggernaut+1","Flame Barrier","Armaments+1","Flame Barrier","Fiend Fire","Carnage","Offering","Second Wind+1","Twin Strike+1","Metallicize","Clothesline","Shrug It Off","Shrug It Off","Immolate","Metallicize","True Grit+1","Battle Trance","True Grit+1"],"relics":["Burning Blood","Letter Opener","Bird Faced Urn","Prayer Wheel","Singing Bowl","Strawberry","Astrolabe","PreservedInsect","The Courier"],"potions_floor_usage":[6,8,16,21,33,33],"damage_taken":[{"damage":2,"enemies":"Jaw Worm","floor":1,"turns":3},{"damage":13,"enemies":"Small Slimes","floor":4,"turns":4},{"damage":6,"enemies":"Cultist","floor":5,"turns":3},{"damage":23,"enemies":"3 Sentries","floor":6,"turns":12},{"damage":19,"enemies":"Lagavulin","floor":8,"turns":7},{"damage":12,"enemies":"Red Slaver","floor":11,"turns":4},{"damage":13,"enemies":"2 Fungi Beasts","floor":12,"turns":4},{"damage":16,"enemies":"3 Sentries","floor":13,"turns":8},{"damage":35,"enemies":"Slime Boss","floor":16,"turns":12},{"damage":24,"enemies":"2 Thieves","floor":18,"turns":4},{"damage":7,"enemies":"3 Byrds","floor":20,"turns":3},{"damage":35,"enemies":"Centurion and Healer","floor":21,"turns":6},{"damage":16,"enemies":"Snecko","floor":25,"turns":6},{"damage":20,"enemies":"Snake Plant","floor":29,"turns":4},{"damage":32,"enemies":"Colosseum Slavers","floor":30,"turns":4},{"damage":83,"enemies":"Collector","floor":33,"turns":7}],"seed_played":"7557097185640105122","potions_obtained":[{"floor":4,"key":"Fire Potion"},{"floor":5,"key":"Weak Potion"},{"floor":8,"key":"SteroidPotion"},{"floor":11,"key":"BloodPotion"},{"floor":16,"key":"BloodPotion"},{"floor":20,"key":"Fire Potion"},{"floor":25,"key":"BloodPotion"},{"floor":29,"key":"Dexterity Potion"}],"is_trial":false,"path_per_floor":["M","?","$","M","M","E","R","E","T","R","M","M","E","?","R","B",null,"M","$","M","M","$","R","?","M","T","?","R","M","?","?","R","B"],"character_chosen":"IRONCLAD","items_purchased":["Metallicize","PreservedInsect","Shrug It Off","Metallicize"],"campfire_rested":2,"item_purchase_floors":[3,19,19,22],"current_hp_per_floor":[76,64,64,57,57,40,40,29,29,53,51,48,49,49,49,24,73,55,55,56,35,35,62,62,62,62,95,95,87,65,65,65,0],"gold":78,"neow_bonus":"HUNDRED_GOLD","is_prod":false,"is_daily":false,"chose_seed":false,"campfire_upgraded":4,"win_rate":0,"timestamp":1549792741,"path_taken":["M","?","$","M","M","E","R","E","T","R","M","M","E","?","R","BOSS","M","?","M","?","$","R","?","M","T","?","R","?","?","?","R","BOSS"],"build_version":"2019-01-23","purchased_purges":1,"victory":false,"max_hp_per_floor":[80,80,80,80,80,80,80,80,80,80,82,82,89,89,89,89,89,89,89,89,93,93,93,93,95,95,95,95,95,95,95,95,95],"card_choices":[{"not_picked":["Sword Boomerang","True Grit"],"picked":"Headbutt","floor":1},{"not_picked":["Bloodletting","Body Slam","Heavy Blade"],"picked":"SKIP","floor":4},{"not_picked":["Battle Trance","Bloodletting"],"picked":"Iron Wave","floor":5},{"not_picked":["Corruption","Shrug It Off"],"picked":"Pommel Strike","floor":6},{"not_picked":["Rage","Pommel Strike"],"picked":"Juggernaut","floor":8},{"not_picked":["Warcry","Anger","Flex"],"picked":"Singing Bowl","floor":11},{"not_picked":["Pommel Strike","Warcry"],"picked":"Flame Barrier","floor":11},{"not_picked":["Dual Wield","Wild Strike"],"picked":"Armaments","floor":12},{"not_picked":["Sword Boomerang","Body Slam"],"picked":"Flame Barrier","floor":12},{"not_picked":["Flex","Blood for Blood"],"picked":"Fiend Fire","floor":13},{"not_picked":["Berserk","Bludgeon"],"picked":"Offering","floor":16},{"not_picked":["True Grit","Iron Wave"],"picked":"Metallicize","floor":18},{"not_picked":["Thunderclap","Burning Pact"],"picked":"Clothesline","floor":18},{"not_picked":["Headbutt","Corruption"],"picked":"Shrug It Off","floor":20},{"not_picked":["Blood for Blood","Shrug It Off"],"picked":"Immolate","floor":20},{"not_picked":["Heavy Blade","Havoc+1","Wild Strike"],"picked":"Singing Bowl","floor":21},{"not_picked":["Iron Wave","Wild Strike","Entrench"],"picked":"Singing Bowl","floor":21},{"not_picked":["Wild Strike","Dropkick"],"picked":"True Grit","floor":25},{"not_picked":["Carnage+1","Iron Wave","Inflame"],"picked":"Singing Bowl","floor":25},{"not_picked":["Pommel Strike+1","Pummel"],"picked":"Battle Trance","floor":29},{"not_picked":["Thunderclap","Headbutt"],"picked":"True Grit","floor":29}],"player_experience":378842,"relics_obtained":[{"floor":6,"key":"Bird Faced Urn"},{"floor":8,"key":"Prayer Wheel"},{"floor":9,"key":"Singing Bowl"},{"floor":13,"key":"Strawberry"},{"floor":26,"key":"The Courier"}],"event_choices":[{"damage_healed":0,"gold_gain":0,"player_choice":"Success","damage_taken":12,"relics_obtained":["Letter Opener"],"max_hp_gain":0,"max_hp_loss":0,"event_name":"Scrap Ooze","floor":2,"gold_loss":0},{"damage_healed":0,"gold_gain":0,"cards_transformed":["Strike_R"],"player_choice":"Transformed","damage_taken":0,"max_hp_gain":0,"max_hp_loss":0,"event_name":"Transmorgrifier","floor":14,"gold_loss":0,"cards_obtained":["Carnage"]},{"cards_removed":["Sever Soul"],"damage_healed":33,"gold_gain":0,"player_choice":"Offered Uncommon","damage_taken":0,"max_hp_gain":0,"max_hp_loss":0,"event_name":"Bonfire Elementals","floor":27,"gold_loss":0},{"damage_healed":0,"gold_gain":0,"player_choice":"Fight","damage_taken":0,"max_hp_gain":0,"max_hp_loss":0,"event_name":"Colosseum","floor":30,"gold_loss":0},{"damage_healed":0,"gold_gain":0,"player_choice":"Fled From Nobs","damage_taken":0,"max_hp_gain":0,"max_hp_loss":0,"event_name":"Colosseum","floor":30,"gold_loss":0},{"damage_healed":0,"gold_gain":0,"player_choice":"Upgraded","damage_taken":0,"max_hp_gain":0,"max_hp_loss":0,"event_name":"Upgrade Shrine","floor":31,"gold_loss":0,"cards_upgraded":["True Grit"]}],"is_beta":false,"boss_relics":[{"not_picked":["Ectoplasm","Coffee Dripper"],"picked":"Astrolabe"}],"items_purged_floors":[19],"is_endless":false,"potions_floor_spawned":[4,5,8,11,16,20,25,29],"killed_by":"Collector","ascension_level":12}