{"gold_per_floor":[110,110,129,145,26,52,52,66,66,97,97,113,138,138],"floor_reached":14,"playtime":384,"items_purged":["Strike_B"],"score":220,"play_id":"61fb17fb-8a42-460a-82ae-63b332886111","local_time":"20190223192526","is_ascension_mode":true,"campfire_choices":[{"data":"Defragment","floor":7.0,"key":"SMITH"},{"floor":11.0,"key":"REST"}],"neow_cost":"NONE","seed_source_timestamp":20959920808800,"circlet_count":0,"master_deck":["AscendersBane","Strike_B","Strike_B","Defend_B+1","Defend_B","Defend_B","Defend_B","Zap+1","Dualcast","Ball Lightning","Cold Snap","Defragment+1","Consume"],"special_seed":0,"relics":["Cracked Core","War Paint","Incense Burner","Unceasing Top","Ice Cream","Oddly Smooth Stone"],"potions_floor_usage":[],"damage_taken":[{"damage":2.0,"enemies":"Jaw Worm","floor":1.0,"turns":3.0},{"damage":0.0,"enemies":"Cultist","floor":3.0,"turns":3.0},{"damage":2.0,"enemies":"2 Louse","floor":4.0,"turns":2.0},{"damage":19.0,"enemies":"3 Sentries","floor":6.0,"turns":7.0},{"damage":5.0,"enemies":"2 Fungi Beasts","floor":8.0,"turns":3.0},{"damage":1.0,"enemies":"Lagavulin","floor":10.0,"turns":5.0},{"damage":15.0,"enemies":"3 Louse","floor":12.0,"turns":3.0},{"damage":31.0,"enemies":"Gremlin Nob","floor":13.0,"turns":4.0},{"damage":18,"enemies":"Exordium Thugs","floor":14,"turns":1}],"seed_played":"7996727856959173208","potions_obtained":[{"floor":3.0,"key":"Weak Potion"},{"floor":10.0,"key":"Dexterity Potion"}],"is_trial":false,"path_per_floor":["M","?","M","M","$","E","R","M","T","E","R","M","E","M"],"character_chosen":"DEFECT","items_purchased":["Defragment"],"campfire_rested":1,"item_purchase_floors":[5],"current_hp_per_floor":[62,62,62,60,60,41,41,36,36,35,56,41,10,0],"gold":138,"neow_bonus":"RANDOM_COMMON_RELIC","is_prod":false,"is_daily":false,"chose_seed":false,"campfire_upgraded":1,"win_rate":0,"timestamp":1550942726,"path_taken":["M","?","M","M","$","E","R","?","T","E","R","M","E","M"],"build_version":"2019-01-23","purchased_purges":1,"victory":false,"max_hp_per_floor":[71,71,71,71,71,71,71,71,71,71,71,71,71,71],"card_choices":[{"not_picked":["Compile Driver","Steam"],"picked":"Ball Lightning","floor":1.0},{"not_picked":["Leap","Barrage"],"picked":"Cold Snap","floor":3.0},{"not_picked":["Rebound","Double Energy","FTL"],"picked":"SKIP","floor":4.0},{"not_picked":["Lockon","Melter","Steam"],"picked":"SKIP","floor":6.0},{"not_picked":["Stack","Doom and Gloom","Melter"],"picked":"SKIP","floor":8.0},{"not_picked":["Tempest","Coolheaded","Lockon"],"picked":"SKIP","floor":10.0},{"not_picked":["Heatsinks","Genetic Algorithm"],"picked":"Consume","floor":12.0},{"not_picked":["Beam Cell","Gash","Amplify"],"picked":"SKIP","floor":13.0}],"player_experience":922518,"relics_obtained":[{"floor":6.0,"key":"Incense Burner"},{"floor":9.0,"key":"Unceasing Top"},{"floor":10.0,"key":"Ice Cream"},{"floor":13.0,"key":"Oddly Smooth Stone"}],"event_choices":[{"cards_removed":["Strike_B"],"damage_healed":0.0,"max_hp_gain":0.0,"max_hp_loss":0.0,"gold_gain":0.0,"event_name":"Bonfire Elementals","player_choice":"Offered Basic","floor":2.0,"gold_loss":0.0,"damage_taken":0.0}],"is_beta":false,"boss_relics":[],"items_purged_floors":[5],"is_endless":false,"potions_floor_spawned":[3,10],"killed_by":"Exordium Thugs","ascension_level":20}