{"gold_per_floor":[117,133,151,165,219,219,235,235,310,310],"floor_reached":10,"playtime":675,"items_purged":[],"score":102,"play_id":"96758880-c684-4d99-8c7b-1e547ad8e50b","local_time":"20181103233811","is_ascension_mode":true,"campfire_choices":[{"data":"Choke","floor":6,"key":"SMITH"}],"neow_cost":"NONE","seed_source_timestamp":51471431148594,"circlet_count":0,"master_deck":["AscendersBane","Defend_G","Defend_G","Defend_G","Defend_G","Defend_G","Strike_G","Strike_G","Strike_G","Strike_G","Strike_G","Survivor","Neutralize","Choke+1","Underhanded Strike"],"relics":["Snecko Eye","Happy Flower","Molten Egg 2"],"potions_floor_usage":[4,10],"damage_taken":[{"damage":15,"enemies":"Cultist","floor":1,"turns":6},{"damage":3,"enemies":"2 Louse","floor":2,"turns":4},{"damage":4,"enemies":"Small Slimes","floor":3,"turns":4},{"damage":0,"enemies":"2 Fungi Beasts","floor":4,"turns":3},{"damage":6,"enemies":"Lots of Slimes","floor":7,"turns":4},{"damage":43,"enemies":"Lagavulin","floor":10,"turns":7}],"seed_played":"7362195003465868560","potions_obtained":[{"floor":2,"key":"Swift Potion"},{"floor":3,"key":"Dexterity Potion"}],"is_trial":false,"path_per_floor":["M","M","M","M","T","R","M","?","T","E"],"character_chosen":"THE_SILENT","items_purchased":[],"campfire_rested":0,"item_purchase_floors":[],"current_hp_per_floor":[44,41,37,37,37,37,31,31,31,0],"gold":310,"neow_bonus":"BOSS_RELIC","is_prod":false,"is_daily":false,"chose_seed":false,"campfire_upgraded":1,"win_rate":0,"timestamp":1541284691,"path_taken":["M","M","M","M","?","R","M","?","T","E"],"build_version":"2018-11-01","purchased_purges":0,"victory":false,"max_hp_per_floor":[66,66,66,66,66,66,66,66,66,66],"card_choices":[{"not_picked":["Cloak And Dagger","Flechettes","Quick Slash"],"picked":"SKIP","floor":1},{"not_picked":["Deadly Poison","Backstab","Tactician"],"picked":"SKIP","floor":2},{"not_picked":["Backflip","Bouncing Flask"],"picked":"Choke","floor":3},{"not_picked":["Acrobatics","Heel Hook"],"picked":"Underhanded Strike","floor":4},{"not_picked":["Skewer","Noxious Fumes","Catalyst"],"picked":"SKIP","floor":7}],"player_experience":508251,"relics_obtained":[{"floor":5,"key":"Happy Flower"},{"floor":9,"key":"Molten Egg 2"}],"event_choices":[{"damage_healed":0,"gold_gain":0,"player_choice":"Bought 0 Potions","damage_taken":0,"max_hp_gain":0,"max_hp_loss":0,"event_name":"The Woman in Blue","floor":8,"gold_loss":0}],"is_beta":false,"boss_relics":[],"items_purged_floors":[],"is_endless":false,"potions_floor_spawned":[2,3],"killed_by":"Lagavulin","ascension_level":14}