{"gold_per_floor":[15,15,15,29,45,45,65,83,108,152,168,168,184,217,217,336,336,355,61,80,1,100,100,123,123,146,159,175,175,200,4,4,123,123,143,268,17,350,366,366,366],"floor_reached":41,"playtime":2843,"items_purged":[],"score":470,"play_id":"0c68fd05-55b9-482e-8e6e-a0efa8a8b5de","local_time":"20190118013458","is_ascension_mode":false,"campfire_choices":[{"data":"Double Energy","floor":6,"key":"SMITH"},{"data":"Zap","floor":12,"key":"SMITH"},{"floor":15,"key":"REST"},{"data":"Sunder","floor":23,"key":"SMITH"},{"data":"Static Discharge","floor":25,"key":"SMITH"},{"floor":32,"key":"REST"},{"data":"Buffer","floor":40,"key":"SMITH"}],"neow_cost":"NO_GOLD","seed_source_timestamp":102594345767862,"circlet_count":0,"master_deck":["Zap+1","Dualcast","Hologram","Double Energy+1","Genetic Algorithm","Force Field","Streamline","Self Repair","Beam Cell","Melter","White Noise","Core Surge","Steam Power","Glacier","Sunder+1","Force Field","Reprogram","Gash","Go for the Eyes","Static Discharge+1","Panacea","Gash","Self Repair","Ball Lightning","Redo","Barrage","Chaos","Streamline+1","Buffer+1","Stack","Steam Power","Aggregate+1","Gash","Gash","Streamline+1","Compile Driver+1","Hologram+1"],"relics":["Cracked Core","Ice Cream","Omamori","Bronze Scales","Odd Mushroom","Pandora\u0027s Box","ClockworkSouvenir","Strawberry","HandDrill","Orrery","Unceasing Top","Molten Egg 2"],"potions_floor_usage":[10,10,16,16,24,33,33,41,41],"damage_taken":[{"damage":5,"enemies":"Small Slimes","floor":1,"turns":3},{"damage":1,"enemies":"Jaw Worm","floor":4,"turns":4},{"damage":0,"enemies":"Cultist","floor":5,"turns":3},{"damage":22,"enemies":"Exordium Wildlife","floor":7,"turns":8},{"damage":18,"enemies":"3 Louse","floor":8,"turns":4},{"damage":20,"enemies":"3 Sentries","floor":10,"turns":6},{"damage":0,"enemies":"Large Slime","floor":11,"turns":5},{"damage":5,"enemies":"Exordium Wildlife","floor":13,"turns":3},{"damage":14,"enemies":"The Mushroom Lair","floor":14,"turns":3},{"damage":37,"enemies":"Slime Boss","floor":16,"turns":9},{"damage":16,"enemies":"2 Thieves","floor":18,"turns":4},{"damage":3,"enemies":"3 Byrds","floor":20,"turns":3},{"damage":8,"enemies":"Snecko","floor":24,"turns":4},{"damage":15,"enemies":"Snake Plant","floor":27,"turns":3},{"damage":20,"enemies":"Centurion and Healer","floor":28,"turns":5},{"damage":20,"enemies":"Shelled Parasite and Fungi","floor":30,"turns":4},{"damage":81,"enemies":"Automaton","floor":33,"turns":8},{"damage":10,"enemies":"Orb Walker","floor":35,"turns":3},{"damage":0,"enemies":"Mind Bloom Boss Battle","floor":36,"turns":5},{"damage":18,"enemies":"3 Shapes","floor":39,"turns":3},{"damage":76,"enemies":"2 Orb Walkers","floor":41,"turns":5}],"seed_played":"-5046839550827794143","potions_obtained":[{"floor":1,"key":"Regen Potion"},{"floor":5,"key":"PowerPotion"},{"floor":10,"key":"GamblersBrew"},{"floor":11,"key":"SpeedPotion"},{"floor":16,"key":"Dexterity Potion"},{"floor":20,"key":"Fruit Juice"},{"floor":30,"key":"LiquidBronze"},{"floor":35,"key":"Block Potion"},{"floor":36,"key":"Fire Potion"}],"is_trial":false,"path_per_floor":["M","?","?","M","M","R","M","M","T","E","M","R","M","?","R","B",null,"M","$","M","$","?","R","M","R","T","M","M","?","M","$","R","B",null,"M","?","$","?","M","R","?"],"character_chosen":"DEFECT","items_purchased":["ClockworkSouvenir","Panacea","Self Repair","HandDrill","Molten Egg 2"],"campfire_rested":2,"item_purchase_floors":[19,19,21,31,37],"current_hp_per_floor":[70,70,70,69,69,69,47,29,29,24,31,31,33,26,48,18,75,66,66,70,70,70,70,80,80,87,79,73,73,67,67,87,20,87,87,87,87,87,76,76,0],"gold":366,"neow_bonus":"ONE_RARE_RELIC","is_prod":false,"is_daily":false,"chose_seed":false,"campfire_upgraded":5,"win_rate":0.0,"timestamp":1547793298,"path_taken":["M","?","?","M","M","R","M","M","T","E","M","R","?","?","R","BOSS","M","$","M","$","?","R","M","R","T","M","M","?","M","$","R","BOSS","M","?","$","?","M","R","?"],"build_version":"2019-01-17","purchased_purges":0,"victory":false,"max_hp_per_floor":[75,75,75,75,75,75,75,75,75,75,75,75,75,75,75,75,75,75,75,75,75,75,75,80,80,87,87,87,87,87,87,87,87,87,87,87,87,87,87,87,87],"card_choices":[{"not_picked":["Lockon","Coolheaded"],"picked":"Hologram","floor":1},{"not_picked":["Rebound","Storm"],"picked":"Double Energy","floor":4},{"not_picked":["Skim","Force Field"],"picked":"Genetic Algorithm","floor":5},{"not_picked":["Hologram","Barrage"],"picked":"Force Field","floor":7},{"not_picked":["Leap","Turbo"],"picked":"Streamline","floor":8},{"not_picked":["Auto Shields","FTL"],"picked":"Self Repair","floor":10},{"not_picked":["Gash","Leap"],"picked":"Beam Cell","floor":11},{"not_picked":["Redo","Recycle"],"picked":"Melter","floor":13},{"not_picked":["Cold Snap","Barrage"],"picked":"White Noise","floor":14},{"not_picked":["Meteor Strike","Hyperbeam"],"picked":"Core Surge","floor":16},{"not_picked":["Hologram","Reprogram"],"picked":"Cold Snap","floor":18},{"not_picked":["Sweeping Beam","Coolheaded+1"],"picked":"Gash","floor":20},{"not_picked":["Rebound","Consume"],"picked":"Aggregate","floor":24},{"not_picked":["Amplify","Undo"],"picked":"Ball Lightning","floor":27},{"not_picked":["Undo","Fusion"],"picked":"Redo","floor":28},{"not_picked":["Coolheaded","Ball Lightning"],"picked":"Streamline+1","floor":30},{"not_picked":["Reboot","Core Surge"],"picked":"Buffer","floor":33},{"not_picked":["Hello World","Consume"],"picked":"Stack","floor":34},{"not_picked":["Leap","Cold Snap"],"picked":"Steam Power","floor":34},{"not_picked":["Hologram","Steam"],"picked":"Aggregate+1","floor":34},{"not_picked":["Cold Snap","Rebound"],"picked":"Gash","floor":34},{"not_picked":["Go for the Eyes","Conserve Battery"],"picked":"Gash","floor":34},{"not_picked":["Leap+1","Genetic Algorithm+1"],"picked":"Streamline+1","floor":35},{"not_picked":["Darkness","Undo"],"picked":"Compile Driver+1","floor":36},{"not_picked":["Tempest+1","Multi-Cast"],"picked":"Hologram+1","floor":39}],"player_experience":94959,"relics_obtained":[{"floor":9,"key":"Omamori"},{"floor":10,"key":"Bronze Scales"},{"floor":14,"key":"Odd Mushroom"},{"floor":26,"key":"Strawberry"},{"floor":36,"key":"Unceasing Top"}],"event_choices":[{"damage_healed":0,"gold_gain":0,"player_choice":"Take Wound","damage_taken":0,"relics_obtained":["Golden Idol"],"max_hp_gain":0,"max_hp_loss":0,"event_name":"Golden Idol","floor":2,"gold_loss":0,"cards_obtained":["Injury"]},{"cards_removed":["Injury"],"damage_healed":0,"gold_gain":0,"player_choice":"Card Removal","damage_taken":0,"max_hp_gain":0,"max_hp_loss":0,"event_name":"Wheel of Change","floor":3,"gold_loss":0},{"damage_healed":0,"gold_gain":0,"player_choice":"Fought Mushrooms","damage_taken":0,"max_hp_gain":0,"max_hp_loss":0,"event_name":"Mushrooms","floor":14,"gold_loss":0},{"damage_healed":0,"gold_gain":99,"player_choice":"Stole From Cult","damage_taken":0,"max_hp_gain":0,"max_hp_loss":0,"event_name":"Nest","floor":22,"gold_loss":0},{"damage_healed":0,"gold_gain":0,"cards_transformed":["Aggregate","Cold Snap"],"player_choice":"Became Test Subject","damage_taken":0,"max_hp_gain":0,"max_hp_loss":0,"event_name":"Drug Dealer","floor":29,"gold_loss":0,"cards_obtained":["Barrage","Chaos"]},{"damage_healed":0,"gold_gain":0,"player_choice":"Fight","damage_taken":0,"max_hp_gain":0,"max_hp_loss":0,"event_name":"MindBloom","floor":36,"gold_loss":0},{"damage_healed":0,"gold_gain":333,"player_choice":"Gave Idol","damage_taken":0,"max_hp_gain":0,"max_hp_loss":0,"event_name":"The Moai Head","floor":38,"relics_lost":["Golden Idol"],"gold_loss":0},{"damage_healed":0,"gold_gain":0,"player_choice":"Fight","damage_taken":0,"max_hp_gain":0,"max_hp_loss":0,"event_name":"Mysterious Sphere","floor":41,"gold_loss":0}],"is_beta":false,"boss_relics":[{"not_picked":["Inserter","Runic Dome"],"picked":"Pandora\u0027s Box"},{"not_picked":["Cursed Key","Sozu"],"picked":"Orrery"}],"items_purged_floors":[],"is_endless":false,"potions_floor_spawned":[1,5,10,11,16,20,30,35,36],"killed_by":"2 Orb Walkers","ascension_level":0}