{"gold_per_floor":[114,114,125,200,211,211,239,256,281,56,71,246,274,291,291,391,391,404,404,404,86,96,96,11,21,21,56,75,75,93,103,103,206,206,225,239,253,267,167,185,212,229,229,262,262,137,137,154,154,154],"floor_reached":51,"playtime":5045,"items_purged":["Doubt","Writhe","Writhe"],"score":966,"play_id":"4c456fcb-6c4c-42f4-8aca-5f0e06b0a275","local_time":"20180725131129","is_ascension_mode":true,"campfire_choices":[{"data":"Genetic Algorithm","floor":6,"key":"SMITH"},{"floor":15,"key":"REST"},{"data":"Genetic Algorithm","floor":23,"key":"SMITH"},{"data":"Echo Form","floor":29,"key":"SMITH"},{"data":"Sunder","floor":32,"key":"SMITH"},{"data":"Reinforced Body","floor":45,"key":"SMITH"},{"data":"Hyperbeam","floor":47,"key":"SMITH"},{"floor":49,"key":"REST"}],"neow_cost":"TEN_PERCENT_HP_LOSS","seed_source_timestamp":0,"circlet_count":0,"master_deck":["Strike_B","Strike_B","Strike_B","Strike_B","Defend_B","Defend_B","Defend_B","Defend_B","Zap","Dualcast","Sunder","Genetic Algorithm+1","Undo","Go for the Eyes","Fusion","Glacier","Echo Form+1","Reinforced Body+1","Genetic Algorithm+1","Hyperbeam","Reinforced Body+1","Sunder+1","Hyperbeam+1","Sunder"],"special_seed":0,"relics":["Cracked Core","Gambling Chip","Centennial Puzzle","Happy Flower","Dream Catcher","Odd Mushroom","Snecko Eye","Pen Nib","Singing Bowl","Ornamental Fan","Strawberry","Art of War","Cursed Key","Shuriken","Vajra","Omamori"],"potions_floor_usage":[7,13,16,33,35,50,50],"damage_taken":[{"damage":7,"enemies":"Small Slimes","floor":1,"turns":4},{"damage":0,"enemies":"2 Louse","floor":3,"turns":1},{"damage":0,"enemies":"Cultist","floor":5,"turns":3},{"damage":35,"enemies":"Lagavulin","floor":7,"turns":6},{"damage":4,"enemies":"Looter","floor":8,"turns":4},{"damage":0,"enemies":"Blue Slaver","floor":11,"turns":3},{"damage":1,"floor":13,"turns":5},{"damage":0,"enemies":"2 Fungi Beasts","floor":14,"turns":4},{"damage":19,"enemies":"Hexaghost","floor":16,"turns":12},{"damage":0,"enemies":"Spheric Guardian","floor":18,"turns":6},{"damage":0,"enemies":"Shell Parasite","floor":22,"turns":7},{"damage":0,"enemies":"Chosen and Byrds","floor":25,"turns":5},{"damage":0,"enemies":"Book of Stabbing","floor":27,"turns":5},{"damage":0,"enemies":"Centurion and Healer","floor":28,"turns":5},{"damage":0,"enemies":"Snecko","floor":30,"turns":7},{"damage":0,"enemies":"Slaver and Parasite","floor":31,"turns":8},{"damage":28,"enemies":"Automaton","floor":33,"turns":10},{"damage":0,"enemies":"Flame Bruiser 1 Orb","floor":35,"turns":5},{"damage":10,"enemies":"Orb Walker","floor":36,"turns":6},{"damage":0,"enemies":"Spire Growth","floor":37,"turns":4},{"damage":0,"enemies":"3 Darklings","floor":38,"turns":4},{"damage":0,"enemies":"Maw","floor":40,"turns":7},{"damage":1,"enemies":"2 Orb Walkers","floor":41,"turns":5},{"damage":0,"enemies":"Flame Bruiser 2 Orb","floor":42,"turns":4},{"damage":0,"enemies":"Nemesis","floor":44,"turns":5},{"damage":0,"enemies":"Transient","floor":48,"turns":5},{"damage":46,"enemies":"Awakened One","floor":50,"turns":10}],"seed_played":"2168374021439897791","potions_obtained":[{"floor":1,"key":"Strength Potion"},{"floor":5,"key":"FearPotion"},{"floor":7,"key":"FocusPotion"},{"floor":14,"key":"PowerPotion"},{"floor":16,"key":"EssenceOfSteel"},{"floor":18,"key":"LiquidBronze"},{"floor":27,"key":"Block Potion"},{"floor":36,"key":"SteroidPotion"},{"floor":38,"key":"Energy Potion"},{"floor":48,"key":"GamblersBrew"}],"is_trial":false,"path_per_floor":["M","?","M","?","M","R","E","M","T","$","M","?","?","M","R","B",null,"M","?","?","$","M","R","?","M","T","E","M","R","M","M","R","B",null,"M","M","M","M","$","M","E","M","T","E","R","$","R","M","R","B"],"character_chosen":"DEFECT","items_purchased":["Dream Catcher","Fusion","Singing Bowl"],"campfire_rested":2,"item_purchase_floors":[10,10,21],"current_hp_per_floor":[61,66,66,55,55,55,20,16,16,16,16,16,15,15,36,17,59,59,46,46,46,48,48,48,50,57,59,59,59,61,61,61,33,78,80,72,74,76,76,78,77,79,79,81,81,81,81,83,111,65],"gold":154,"neow_bonus":"ONE_RARE_RELIC","is_prod":false,"is_daily":false,"chose_seed":false,"campfire_upgraded":6,"win_rate":0,"timestamp":1532517089,"path_taken":["M","?","M","?","?","R","E","M","T","$","M","?","?","M","R","BOSS","M","?","?","$","M","R","?","M","T","E","M","R","M","M","R","BOSS","M","M","M","M","$","M","E","M","T","E","R","$","R","M","R","BOSS"],"build_version":"2018-07-19v2","purchased_purges":3,"victory":true,"max_hp_per_floor":[68,73,73,73,73,73,73,73,73,73,73,73,73,73,73,73,73,73,78,78,78,80,80,80,82,89,91,91,91,93,93,93,93,93,95,97,99,101,101,103,103,105,105,107,107,107,107,109,111,111],"card_choices":[{"not_picked":["Loop","Rebound"],"picked":"Sunder","floor":1},{"not_picked":["Gash","Blizzard"],"picked":"Genetic Algorithm","floor":3},{"not_picked":["Redo","Gash"],"picked":"Undo","floor":5},{"not_picked":["Streamline","Cold Snap","Go for the Eyes"],"picked":"SKIP","floor":7},{"not_picked":["Hologram","Coolheaded"],"picked":"Go for the Eyes","floor":8},{"not_picked":["Rebound","Redo"],"picked":"Glacier","floor":11},{"not_picked":["Gash","Auto Shields"],"picked":"Echo Form","floor":13},{"not_picked":["Rebound","Defragment"],"picked":"Reinforced Body","floor":14},{"not_picked":["Hologram","Barrage"],"picked":"Genetic Algorithm","floor":15},{"not_picked":["Biased Cognition","Echo Form"],"picked":"Hyperbeam","floor":16},{"not_picked":["Beam Cell+1","Capacitor","Hello World+1"],"picked":"SKIP","floor":18},{"not_picked":["Aggregate+1","Steam","Go for the Eyes"],"picked":"Singing Bowl","floor":22},{"not_picked":["Redo","Conserve Battery","Sweeping Beam+1"],"picked":"Singing Bowl","floor":25},{"not_picked":["Core Surge","Recycle","Heatsinks"],"picked":"Singing Bowl","floor":27},{"not_picked":["Recycle","Turbo"],"picked":"Reinforced Body+1","floor":28},{"not_picked":["Heatsinks","Compile Driver","Scrape"],"picked":"Singing Bowl","floor":30},{"not_picked":["Compile Driver","Cold Snap"],"picked":"Sunder","floor":31},{"not_picked":["Electrodynamics","All For One"],"picked":"Hyperbeam","floor":33},{"not_picked":["Redo","Genetic Algorithm","Static Discharge"],"picked":"Singing Bowl","floor":35},{"not_picked":["Rebound+1","Streamline","Fusion+1"],"picked":"Singing Bowl","floor":36},{"not_picked":["Redo+1","Ball Lightning","Coolheaded+1"],"picked":"Singing Bowl","floor":37},{"not_picked":["Tempest+1","Hologram+1","Conserve Battery+1"],"picked":"Singing Bowl","floor":38},{"not_picked":["Conserve Battery","Biased Cognition","Capacitor"],"picked":"Singing Bowl","floor":40},{"not_picked":["BootSequence","Beam Cell+1"],"picked":"Sunder","floor":41},{"not_picked":["Streamline+1","Compile Driver","BootSequence+1"],"picked":"Singing Bowl","floor":42},{"not_picked":["Steam","Genetic Algorithm+1","Gash+1"],"picked":"Singing Bowl","floor":44},{"not_picked":["Gash","Stack","Rip and Tear"],"picked":"Singing Bowl","floor":48},{"not_picked":["FTL","Ball Lightning+1","Stack+1"],"picked":"Singing Bowl","floor":49}],"player_experience":199798,"relics_obtained":[{"floor":7,"key":"Centennial Puzzle"},{"floor":9,"key":"Happy Flower"},{"floor":13,"key":"Odd Mushroom"},{"floor":26,"key":"Strawberry"},{"floor":27,"key":"Art of War"},{"floor":41,"key":"Shuriken"},{"floor":43,"key":"Vajra"},{"floor":44,"key":"Omamori"}],"event_choices":[{"event_name":"Big Fish","player_choice":"Donut","floor":2,"damage_taken":0},{"event_name":"World of Goop","player_choice":"Gather Gold","floor":4,"damage_taken":0},{"event_name":"Liars Game","player_choice":"agreed","floor":12,"damage_taken":0},{"event_name":"Mushrooms","player_choice":"Fought Mushrooms","floor":13,"damage_taken":0},{"event_name":"Forgotten Altar","player_choice":"Shed Blood","floor":19,"damage_taken":0},{"event_name":"The Mausoleum","player_choice":"Yes","floor":20,"damage_taken":0},{"event_name":"Addict","player_choice":"Obtained Relic","floor":24,"damage_taken":0}],"is_beta":false,"boss_relics":[{"not_picked":["Velvet Choker","Nuclear Battery"],"picked":"Snecko Eye"},{"not_picked":["Eternal Feather","FrozenCore"],"picked":"Cursed Key"}],"items_purged_floors":[21,39,46],"is_endless":false,"potions_floor_spawned":[1,5,7,14,16,18,22,27,30,36,38,41,42,48],"ascension_level":5}