{"gold_per_floor":[113,188,206,206,218,250,263,63,89,89,89,117,117,130,130,233,233,252,126,126,126,1,1,1],"floor_reached":24,"playtime":699,"items_purged":["Strike_B","Strike_B","Writhe"],"score":298,"play_id":"8b02a130-3978-44c2-817e-1afb14faa9bc","local_time":"20190131140101","is_ascension_mode":true,"campfire_choices":[{"floor":11,"key":"REST"},{"floor":13,"key":"REST"},{"data":"Defragment","floor":15,"key":"SMITH"},{"floor":23,"key":"REST"}],"neow_cost":"NONE","seed_source_timestamp":929784159771057,"circlet_count":0,"master_deck":["AscendersBane","Defend_B","Defend_B","Defend_B","Defend_B","Zap","Dualcast","Impatience","Cold Snap","Redo","Ball Lightning","Redo","Cold Snap","Defragment+1","Cold Snap","Leap","Coolheaded","Buffer","Capacitor","Skim","Coolheaded","Glacier","Conserve Battery","Self Repair","Leap","Conserve Battery"],"special_seed":0,"relics":["Cracked Core","Juzu Bracelet","Vajra","Odd Mushroom","Orrery","Regal Pillow"],"potions_floor_usage":[],"damage_taken":[{"damage":0.0,"enemies":"2 Louse","floor":1.0,"turns":2.0},{"damage":0.0,"enemies":"Cultist","floor":3.0,"turns":3.0},{"damage":6.0,"enemies":"Small Slimes","floor":5.0,"turns":2.0},{"damage":26.0,"enemies":"3 Sentries","floor":6.0,"turns":6.0},{"damage":15,"enemies":"3 Louse","floor":7,"turns":2},{"damage":13,"enemies":"The Mushroom Lair","floor":12,"turns":4},{"damage":0,"enemies":"Exordium Wildlife","floor":14,"turns":3},{"damage":16,"enemies":"Slime Boss","floor":16,"turns":9},{"damage":47,"enemies":"3 Byrds","floor":18,"turns":6},{"damage":53,"enemies":"Slavers","floor":24,"turns":7}],"seed_played":"1840617219300576253","potions_obtained":[{"floor":5.0,"key":"PowerPotion"},{"floor":6.0,"key":"Strength Potion"},{"floor":7,"key":"Ancient Potion"}],"is_trial":false,"path_per_floor":["M","?","M","?","M","E","M","$","T","?","R","?","R","M","R","B",null,"M","$","?","?","$","R","E"],"character_chosen":"DEFECT","items_purchased":["Defragment","Cold Snap","Leap"],"campfire_rested":3,"item_purchase_floors":[8,8,19],"current_hp_per_floor":[68,57,57,50,44,18,3,3,3,3,25,12,34,34,34,18,61,14,14,14,14,14,51,0],"gold":1,"neow_bonus":"RANDOM_COLORLESS","is_prod":false,"is_daily":false,"chose_seed":false,"campfire_upgraded":1,"win_rate":0,"timestamp":1548964861,"path_taken":["M","?","M","?","M","E","M","$","T","?","R","?","R","M","R","BOSS","M","$","?","?","$","R","E"],"build_version":"2019-01-23","purchased_purges":3,"victory":false,"max_hp_per_floor":[75,75,75,75,75,75,75,75,75,75,75,75,75,75,75,75,75,75,75,75,75,75,75,75],"card_choices":[{"not_picked":["Hologram","BootSequence"],"picked":"Cold Snap","floor":1.0},{"not_picked":["Compile Driver","Chaos"],"picked":"Redo","floor":3.0},{"not_picked":["BootSequence","Stack"],"picked":"Ball Lightning","floor":5.0},{"not_picked":["Turbo","Hologram"],"picked":"Redo","floor":6.0},{"not_picked":["Skim","Rebound"],"picked":"Cold Snap","floor":7},{"not_picked":["Auto Shields","Gash"],"picked":"Leap","floor":12},{"not_picked":["Hello World","Meteor Strike"],"picked":"Coolheaded","floor":14},{"not_picked":["Thunder Strike","Hyperbeam"],"picked":"Buffer","floor":16},{"not_picked":["Chaos","Recycle"],"picked":"Capacitor","floor":17},{"not_picked":["Hologram","Stack"],"picked":"Skim","floor":17},{"not_picked":["Double Energy","Capacitor"],"picked":"Coolheaded","floor":17},{"not_picked":["Go for the Eyes","Sweeping Beam"],"picked":"Glacier","floor":17},{"not_picked":["Tempest","Steam"],"picked":"Conserve Battery","floor":17},{"not_picked":["Double Energy","Capacitor"],"picked":"Self Repair","floor":18}],"player_experience":155772,"relics_obtained":[{"floor":6.0,"key":"Juzu Bracelet"},{"floor":9,"key":"Vajra"},{"floor":12,"key":"Odd Mushroom"}],"event_choices":[{"damage_healed":0.0,"max_hp_gain":0.0,"max_hp_loss":0.0,"gold_gain":75.0,"event_name":"World of Goop","player_choice":"Gather Gold","floor":2.0,"gold_loss":0.0,"damage_taken":11.0},{"cards_removed":["Strike_B"],"damage_healed":0.0,"max_hp_gain":0.0,"max_hp_loss":0.0,"gold_gain":0.0,"event_name":"Golden Wing","player_choice":"Card Removal","floor":4.0,"gold_loss":0.0,"damage_taken":7.0},{"cards_removed":["Strike_B"],"damage_healed":0,"gold_gain":0,"player_choice":"Purged","damage_taken":0,"max_hp_gain":0,"max_hp_loss":0,"event_name":"Purifier","floor":10,"gold_loss":0},{"damage_healed":0,"gold_gain":0,"player_choice":"Fought Mushrooms","damage_taken":0,"max_hp_gain":0,"max_hp_loss":0,"event_name":"Mushrooms","floor":12,"gold_loss":0},{"damage_healed":0,"gold_gain":0,"player_choice":"Opened","damage_taken":0,"relics_obtained":["Regal Pillow"],"max_hp_gain":0,"max_hp_loss":0,"event_name":"The Mausoleum","floor":20,"gold_loss":0,"cards_obtained":["Writhe"]},{"damage_healed":0,"gold_gain":0,"player_choice":"Read","damage_taken":0,"max_hp_gain":0,"max_hp_loss":0,"event_name":"The Library","floor":21,"gold_loss":0,"cards_obtained":["Conserve Battery"]}],"is_beta":false,"boss_relics":[{"not_picked":["Philosopher\u0027s Stone","Busted Crown"],"picked":"Orrery"}],"items_purged_floors":[8,19,22],"is_endless":false,"potions_floor_spawned":[5,6,7],"killed_by":"Slavers","ascension_level":11}