{"gold_per_floor":[114,114,128,144,164,164,181,181,181,194,228,247,261,37,37,141,141,154,171,131,142,156,156,167,167,167,180,180],"floor_reached":28,"playtime":2220,"items_purged":[],"score":228,"play_id":"4b9d65fc-6051-4efb-af72-e3a9e5e05f5c","local_time":"20190101004817","is_ascension_mode":false,"campfire_choices":[{"data":"Dualcast","floor":6,"key":"SMITH"},{"data":"Static Discharge","floor":8,"key":"SMITH"},{"floor":15,"key":"REST"},{"floor":23,"key":"REST"},{"data":"Machine Learning","floor":25,"key":"SMITH"}],"neow_cost":"NONE","seed_source_timestamp":131488228173705,"circlet_count":0,"master_deck":["Strike_B","Strike_B+1","Strike_B","Strike_B","Defend_B","Defend_B","Defend_B","Defend_B","Zap+1","Dualcast+1","Leap","Static Discharge+1","Cold Snap","Sweeping Beam","Leap","Go for the Eyes","Electrodynamics+1","Auto Shields+1","Streamline","Redo","Scrape","Machine Learning+1","Decay","Injury","Normality","Steam Power","Tempest","Conserve Battery","Rip and Tear","Go for the Eyes","Glacier"],"relics":["Cracked Core","Blood Vial","Shuriken","Peace Pipe","War Paint","Calling Bell","Boot","Letter Opener","Nunchaku","Potion Belt"],"potions_floor_usage":[28],"damage_taken":[{"damage":11,"enemies":"Jaw Worm","floor":1,"turns":4},{"damage":0,"enemies":"Cultist","floor":3,"turns":3},{"damage":0,"enemies":"2 Louse","floor":4,"turns":3},{"damage":13,"enemies":"Lots of Slimes","floor":5,"turns":5},{"damage":3,"enemies":"Looter","floor":7,"turns":3},{"damage":4,"enemies":"3 Louse","floor":10,"turns":3},{"damage":20,"enemies":"3 Sentries","floor":11,"turns":5},{"damage":9,"enemies":"Gremlin Gang","floor":12,"turns":3},{"damage":1,"enemies":"Exordium Wildlife","floor":13,"turns":3},{"damage":20,"enemies":"Hexaghost","floor":16,"turns":11},{"damage":9,"enemies":"Chosen","floor":18,"turns":5},{"damage":13,"enemies":"Shell Parasite","floor":19,"turns":5},{"damage":38,"enemies":"Shelled Parasite and Fungi","floor":21,"turns":5},{"damage":7,"enemies":"Centurion and Healer","floor":22,"turns":6},{"damage":9,"enemies":"3 Cultists","floor":24,"turns":4},{"damage":37,"enemies":"Shelled Parasite and Fungi","floor":27,"turns":3},{"damage":17,"enemies":"Centurion and Healer","floor":28,"turns":1}],"seed_played":"8773785171652986659","potions_obtained":[{"floor":1,"key":"FearPotion"},{"floor":4,"key":"Dexterity Potion"},{"floor":7,"key":"Energy Potion"},{"floor":16,"key":"SteroidPotion"},{"floor":21,"key":"SteroidPotion"},{"floor":24,"key":"Weak Potion"},{"floor":27,"key":"Regen Potion"}],"is_trial":false,"path_per_floor":["M","?","M","M","M","R","M","R","T","M","E","M","M","$","R","B",null,"M","M","?","M","M","R","M","R","T","M","M"],"character_chosen":"DEFECT","items_purchased":["Redo","War Paint","Scrape"],"campfire_rested":2,"item_purchase_floors":[14,14,14],"current_hp_per_floor":[71,71,73,75,64,64,63,63,63,61,43,36,37,37,61,43,82,73,62,62,26,21,45,38,38,38,3,0],"gold":180,"neow_bonus":"TEN_PERCENT_HP_BONUS","is_prod":false,"is_daily":false,"chose_seed":false,"campfire_upgraded":3,"win_rate":0.0,"timestamp":1546325297,"path_taken":["M","?","M","M","M","R","M","R","T","M","E","?","M","$","R","BOSS","M","M","?","M","?","R","M","R","T","M","M"],"build_version":"2018-12-20","purchased_purges":0,"victory":false,"max_hp_per_floor":[82,82,82,82,82,82,82,82,82,82,82,82,82,82,82,82,82,82,82,82,82,82,82,82,82,82,82,82],"card_choices":[{"not_picked":["Coolheaded","FTL"],"picked":"Leap","floor":1},{"not_picked":["Cold Snap","Streamline"],"picked":"Static Discharge","floor":3},{"not_picked":["Barrage","BootSequence"],"picked":"Cold Snap","floor":4},{"not_picked":["Compile Driver","Steam"],"picked":"Sweeping Beam","floor":5},{"not_picked":["Heatsinks","Barrage"],"picked":"Leap","floor":7},{"not_picked":["Leap","Coolheaded"],"picked":"Go for the Eyes","floor":10},{"not_picked":["Go for the Eyes","Beam Cell"],"picked":"Electrodynamics","floor":11},{"not_picked":["Double Energy","Scrape"],"picked":"Auto Shields","floor":12},{"not_picked":["Reprogram","Compile Driver"],"picked":"Streamline","floor":13},{"not_picked":["Buffer","Multi-Cast"],"picked":"Machine Learning","floor":16},{"not_picked":["Steam","Hologram"],"picked":"Steam Power","floor":18},{"not_picked":["Skim","Auto Shields"],"picked":"Tempest","floor":19},{"not_picked":["Chaos","Stack"],"picked":"Conserve Battery","floor":21},{"not_picked":["Steam","Streamline"],"picked":"Rip and Tear","floor":22},{"not_picked":["Blizzard","Scrape"],"picked":"Go for the Eyes","floor":24},{"not_picked":["Hologram","Barrage"],"picked":"Glacier","floor":27}],"player_experience":4199,"relics_obtained":[{"floor":9,"key":"Shuriken"},{"floor":11,"key":"Peace Pipe"},{"floor":17,"key":"Boot"},{"floor":17,"key":"Letter Opener"},{"floor":17,"key":"Nunchaku"},{"floor":26,"key":"Potion Belt"}],"event_choices":[{"damage_healed":0,"gold_gain":0,"player_choice":"Gave Potion","damage_taken":0,"relics_obtained":["Blood Vial"],"max_hp_gain":0,"max_hp_loss":0,"event_name":"WeMeetAgain","floor":2,"gold_loss":0},{"damage_healed":0,"gold_gain":0,"player_choice":"Upgraded Two","damage_taken":0,"max_hp_gain":0,"max_hp_loss":0,"event_name":"Designer","floor":20,"gold_loss":40,"cards_upgraded":["Electrodynamics","Strike_B"]}],"is_beta":false,"boss_relics":[{"not_picked":["Ectoplasm","Philosopher\u0027s Stone"],"picked":"Calling Bell"}],"items_purged_floors":[],"is_endless":false,"potions_floor_spawned":[1,4,7,16,18,21,24,27],"killed_by":"Centurion and Healer","ascension_level":0}