{"gold_per_floor":[163,178,178,178,197,228,228,260,260,260,294,50,50,80,80,80],"floor_reached":16,"playtime":1139,"items_purged":[],"score":257,"play_id":"e3420753-fb37-456d-92a5-45698f7e12a3","local_time":"20181102231626","is_ascension_mode":true,"campfire_choices":[{"data":"Terror","floor":7,"key":"SMITH"},{"floor":10,"key":"REST"},{"floor":13,"key":"REST"},{"floor":15,"key":"REST"}],"neow_cost":"NONE","seed_source_timestamp":26469242110738,"circlet_count":0,"master_deck":["AscendersBane","Defend_G","Defend_G","Defend_G","Defend_G","Defend_G","Strike_G","Strike_G","Strike_G","Strike_G","Strike_G","Survivor","Neutralize+1","Terror+1","Footwork+1","Masterful Stab","Burst","Dodge and Roll","Deflect","Cloak And Dagger"],"relics":["Tiny House","Omamori","Ornamental Fan","PreservedInsect","Bottled Flame","Singing Bowl","Potion Belt"],"potions_floor_usage":[6,6],"damage_taken":[{"damage":5,"enemies":"Small Slimes","floor":1,"turns":5},{"damage":2,"enemies":"Jaw Worm","floor":2,"turns":5},{"damage":5,"enemies":"2 Louse","floor":5,"turns":4},{"damage":6,"enemies":"Gremlin Nob","floor":6,"turns":4},{"damage":41,"enemies":"3 Sentries","floor":8,"turns":16},{"damage":8,"enemies":"Gremlin Nob","floor":11,"turns":3},{"damage":0,"enemies":"Lagavulin","floor":14,"turns":6},{"damage":64,"enemies":"Hexaghost","floor":16,"turns":16}],"seed_played":"-2669243178573871203","potions_obtained":[{"floor":0,"key":"Fire Potion"},{"floor":2,"key":"Block Potion"},{"floor":11,"key":"Ancient Potion"},{"floor":14,"key":"Ancient Potion"}],"is_trial":false,"path_per_floor":["M","M","?","?","M","E","R","E","T","R","E","$","R","E","R","B"],"character_chosen":"THE_SILENT","items_purchased":["Singing Bowl"],"campfire_rested":3,"item_purchase_floors":[12],"current_hp_per_floor":[59,57,57,57,52,46,46,5,5,26,18,18,39,39,60,0],"gold":80,"neow_bonus":"BOSS_RELIC","is_prod":false,"is_daily":false,"chose_seed":false,"campfire_upgraded":1,"win_rate":0,"timestamp":1541196986,"path_taken":["M","M","?","?","M","E","R","E","T","R","E","$","R","E","R","BOSS"],"build_version":"2018-11-01","purchased_purges":0,"victory":false,"max_hp_per_floor":[71,71,71,71,71,71,71,71,71,71,71,71,71,71,71,71],"card_choices":[{"not_picked":["Dagger Spray","Poisoned Stab"],"picked":"Terror","floor":0},{"not_picked":["Slice","All Out Attack"],"picked":"Footwork","floor":1},{"not_picked":["Outmaneuver","Flying Knee","Dagger Throw"],"picked":"SKIP","floor":2},{"not_picked":["Quick Slash","Underhanded Strike"],"picked":"Masterful Stab","floor":5},{"not_picked":["Backflip","Outmaneuver"],"picked":"Burst","floor":6},{"not_picked":["Quick Slash","Tactician"],"picked":"Dodge and Roll","floor":8},{"not_picked":["Storm of Steel","Outmaneuver"],"picked":"Deflect","floor":11},{"not_picked":["Concentrate","Tactician"],"picked":"Cloak And Dagger","floor":14}],"player_experience":499201,"relics_obtained":[{"floor":6,"key":"Omamori"},{"floor":8,"key":"Ornamental Fan"},{"floor":9,"key":"PreservedInsect"},{"floor":11,"key":"Bottled Flame"},{"floor":14,"key":"Potion Belt"}],"event_choices":[{"damage_healed":0,"gold_gain":0,"player_choice":"Ignored","damage_taken":0,"max_hp_gain":0,"max_hp_loss":0,"event_name":"Liars Game","floor":3,"gold_loss":0},{"damage_healed":0,"gold_gain":0,"player_choice":"Grow","damage_taken":0,"max_hp_gain":0,"max_hp_loss":0,"event_name":"Living Wall","floor":4,"gold_loss":0,"cards_upgraded":["Footwork"]}],"is_beta":false,"boss_relics":[],"items_purged_floors":[],"is_endless":false,"potions_floor_spawned":[2,5,11,14],"killed_by":"Hexaghost","ascension_level":14}