{"gold_per_floor":[113,127,146,146,162,162,188,201,201,62,73,73,53,71,71,166,166,179,179,179,179,190,190,289,289,289,289,303,317,350,79,79,175,175,194,213,213,213,213,213,244,257,257,257,257,284,300,18,18,18],"floor_reached":50,"playtime":3937,"items_purged":["Heel Hook","Strike_G+1"],"score":872,"play_id":"7e9ac85f-8d50-434d-a903-38b0e747cc78","local_time":"20180917190832","is_ascension_mode":true,"campfire_choices":[{"data":"Survivor","floor":6,"key":"SMITH"},{"floor":12,"key":"REST"},{"floor":15,"key":"REST"},{"data":"Accuracy","floor":23,"key":"SMITH"},{"data":"Storm of Steel","floor":25,"key":"SMITH"},{"data":"Blade Dance","floor":27,"key":"SMITH"},{"data":"After Image","floor":32,"key":"SMITH"},{"data":"Blade Dance","floor":40,"key":"SMITH"},{"data":"Finisher","floor":44,"key":"SMITH"},{"floor":49,"key":"REST"}],"neow_cost":"NONE","seed_source_timestamp":0,"circlet_count":0,"master_deck":["Defend_G+1","Defend_G+1","Defend_G+1","Defend_G+1","Strike_G+1","Strike_G+1","Strike_G+1","Survivor+1","Neutralize+1","AscendersBane","Accuracy+1","Tools of the Trade","Deflect","Storm of Steel+1","Infinite Blades","Blade Dance+1","After Image+1","Infinite Blades+1","Footwork","After Image","Blade Dance+1","Adrenaline","Backstab","Flash of Steel","Finisher+1","Reflex","Accuracy","Flash of Steel"],"special_seed":0,"relics":["WristBlade","Orichalcum","Mercury Hourglass","Philosopher\u0027s Stone","Ninja Scroll","PreservedInsect","Lee\u0027s Waffle","Runic Dome","Thread and Needle","Bottled Lightning","Shuriken"],"potions_floor_usage":[5,7,14,16,30,30,41,42,50],"damage_taken":[{"damage":2,"enemies":"Jaw Worm","floor":1,"turns":6},{"damage":2,"enemies":"Cultist","floor":2,"turns":4},{"damage":0,"enemies":"Small Slimes","floor":3,"turns":3},{"damage":2,"enemies":"Exordium Wildlife","floor":5,"turns":5},{"damage":51,"enemies":"Lagavulin","floor":7,"turns":10},{"damage":0,"enemies":"Red Slaver","floor":8,"turns":5},{"damage":0,"enemies":"Blue Slaver","floor":11,"turns":3},{"damage":0,"enemies":"3 Louse","floor":14,"turns":2},{"damage":5,"enemies":"The Guardian","floor":16,"turns":12},{"damage":5,"enemies":"Shell Parasite","floor":18,"turns":5},{"damage":0,"enemies":"Spheric Guardian","floor":22,"turns":3},{"damage":7,"enemies":"3 Cultists","floor":28,"turns":4},{"damage":6,"enemies":"Cultist and Chosen","floor":29,"turns":4},{"damage":29,"enemies":"Slavers","floor":30,"turns":3},{"damage":9,"enemies":"Collector","floor":33,"turns":8},{"damage":7,"enemies":"3 Shapes","floor":35,"turns":5},{"damage":20,"enemies":"3 Darklings","floor":36,"turns":5},{"damage":0,"enemies":"Giant Head","floor":41,"turns":5},{"damage":1,"enemies":"Spire Growth","floor":42,"turns":4},{"damage":6,"enemies":"2 Orb Walkers","floor":46,"turns":4},{"damage":0,"enemies":"Maw","floor":47,"turns":6},{"damage":69,"enemies":"Time Eater","floor":50,"turns":10}],"seed_played":"1892921974988330443","potions_obtained":[{"floor":1,"key":"EssenceOfSteel"},{"floor":3,"key":"Poison Potion"},{"floor":11,"key":"Fire Potion"},{"floor":13,"key":"GhostInAJar"},{"floor":18,"key":"Strength Potion"},{"floor":28,"key":"Poison Potion"},{"floor":33,"key":"Ancient Potion"},{"floor":35,"key":"Fire Potion"},{"floor":42,"key":"Poison Potion"}],"is_trial":false,"path_per_floor":["M","M","M","?","M","R","E","M","T","$","M","R","?","M","R","B",null,"M","?","?","?","M","R","?","R","T","R","M","M","E","$","R","B",null,"M","M","?","?","?","R","E","M","T","R","$","E","M","$","R"],"character_chosen":"THE_SILENT","items_purchased":["Storm of Steel","Infinite Blades","Lee\u0027s Waffle","Accuracy","Flash of Steel"],"campfire_rested":3,"item_purchase_floors":[10,10,31,48,48],"current_hp_per_floor":[61,59,59,59,57,57,6,6,6,6,6,27,27,27,48,43,63,58,58,58,58,58,58,58,58,58,58,51,45,16,77,77,68,75,68,48,48,48,48,48,48,47,47,47,47,41,41,41,64,0],"gold":18,"neow_bonus":"BOSS_RELIC","is_prod":false,"is_daily":false,"chose_seed":false,"campfire_upgraded":7,"win_rate":0,"timestamp":1537204112,"path_taken":["M","M","M","?","?","R","E","M","T","$","M","R","?","M","R","BOSS","M","?","?","?","M","R","?","R","T","R","M","M","E","?","R","BOSS","M","M","?","?","?","R","E","M","T","R","$","E","M","$","R","BOSS"],"build_version":"2018-09-06","purchased_purges":2,"victory":false,"max_hp_per_floor":[70,70,70,70,70,70,70,70,70,70,70,70,70,70,70,70,70,70,70,70,70,70,70,70,70,70,70,70,70,70,77,77,77,77,77,77,77,77,77,77,77,77,77,77,77,77,77,77,77,77],"card_choices":[{"not_picked":["Flechettes","Sucker Punch"],"picked":"Heel Hook","floor":1},{"not_picked":["Deadly Poison","Backflip","Flying Knee"],"picked":"SKIP","floor":2},{"not_picked":["Cloak And Dagger","Sucker Punch"],"picked":"Accuracy","floor":3},{"not_picked":["Underhanded Strike","Quick Slash","Dodge and Roll"],"picked":"SKIP","floor":5},{"not_picked":["Prepared","Noxious Fumes"],"picked":"Tools of the Trade","floor":7},{"not_picked":["Acrobatics","Deadly Poison"],"picked":"Deflect","floor":8},{"not_picked":["Skewer","Acrobatics"],"picked":"Blade Dance","floor":11},{"not_picked":["Sucker Punch","Dagger Spray"],"picked":"Dash","floor":14},{"not_picked":["Die Die Die","Burst"],"picked":"After Image","floor":16},{"not_picked":["Prepared","All Out Attack"],"picked":"Infinite Blades+1","floor":18},{"not_picked":["Dodge and Roll","Deadly Poison","Backflip"],"picked":"SKIP","floor":22},{"not_picked":["Dagger Throw","Slice","Skewer"],"picked":"SKIP","floor":28},{"not_picked":["Dodge and Roll","Deflect"],"picked":"Endless Agony","floor":29},{"not_picked":["Riddle With Holes","Reflex"],"picked":"Blade Dance","floor":30},{"not_picked":["Unload","Burst"],"picked":"Adrenaline","floor":33},{"not_picked":["Bane","Sucker Punch","PiercingWail"],"picked":"SKIP","floor":35},{"not_picked":["Deflect","Predator"],"picked":"Backstab","floor":36},{"not_picked":["Forethought","HandOfGreed"],"picked":"Flash of Steel","floor":37},{"not_picked":["Dagger Spray","Dodge and Roll","Catalyst"],"picked":"SKIP","floor":41},{"not_picked":["Flechettes","Catalyst+1"],"picked":"Finisher","floor":42},{"not_picked":["Distraction+1","Poisoned Stab","Dagger Spray+1"],"picked":"SKIP","floor":46},{"not_picked":["PiercingWail","Crippling Poison"],"picked":"Reflex","floor":47}],"player_experience":416442,"relics_obtained":[{"floor":7,"key":"Orichalcum"},{"floor":9,"key":"Mercury Hourglass"},{"floor":26,"key":"Ninja Scroll"},{"floor":30,"key":"PreservedInsect"},{"floor":41,"key":"Thread and Needle"},{"floor":43,"key":"Bottled Lightning"},{"floor":46,"key":"Shuriken"}],"event_choices":[{"event_name":"Accursed Blacksmith","player_choice":"Forge","floor":4,"damage_taken":0},{"event_name":"The Woman in Blue","player_choice":"Bought 1 Potion","floor":13,"damage_taken":0},{"event_name":"Ghosts","player_choice":"Ignored","floor":19,"damage_taken":0},{"event_name":"Back to Basics","player_choice":"Simplicity","floor":20,"damage_taken":0},{"event_name":"Drug Dealer","player_choice":"Became Test Subject","floor":21,"damage_taken":0},{"event_name":"Nest","player_choice":"Stole From Cult","floor":24,"damage_taken":0},{"event_name":"SensoryStone","player_choice":"Memory 1","floor":37,"damage_taken":0},{"event_name":"Falling","player_choice":"Removed Attack","floor":38,"damage_taken":0},{"event_name":"Purifier","player_choice":"One Purge","floor":39,"damage_taken":0}],"is_beta":false,"boss_relics":[{"not_picked":["Fusion Hammer","Cursed Key"],"picked":"Philosopher\u0027s Stone"},{"not_picked":["Pandora\u0027s Box","Coffee Dripper"],"picked":"Runic Dome"}],"items_purged_floors":[31,48],"is_endless":false,"potions_floor_spawned":[1,3,11,18,28,33,35,36,42],"killed_by":"Time Eater","ascension_level":12}