{"gold_per_floor":[113,113,113,113,128,128,159,159,159,159,174,174,187,211,211,339,339,357,282,301,326,227,227,240,274,274,274,274,189,204,223,223,351,351,365,389,413,32,50,111,111],"floor_reached":41,"playtime":6987,"items_purged":["Strike_G","Strike_G"],"score":660,"play_id":"660b3fc1-71f8-4afc-825d-9545422f30d8","local_time":"20180805124521","is_ascension_mode":true,"campfire_choices":[{"data":"Poisoned Stab","floor":6,"key":"SMITH"},{"data":"Defend_G","floor":8,"key":"SMITH"},{"data":"Defend_G","floor":10,"key":"SMITH"},{"data":"Neutralize","floor":15,"key":"SMITH"},{"floor":23,"key":"REST"},{"floor":28,"key":"REST"},{"floor":32,"key":"REST"}],"neow_cost":"TEN_PERCENT_HP_LOSS","seed_source_timestamp":2375569649900,"circlet_count":0,"master_deck":["Defend_G","Defend_G","Defend_G","Defend_G+1","Defend_G+1","Strike_G","Survivor+1","Neutralize+1","Poisoned Stab+1","Bane+1","Poisoned Stab+1","Die Die Die+1","Doppelganger","Deadly Poison","Poisoned Stab+1","Poisoned Stab+1","Expertise+1","Die Die Die+1","Noxious Fumes+1"],"relics":["Ring of the Snake","The Specimen","Molten Egg 2","Frozen Egg 2","Golden Idol","Velvet Choker","Juzu Bracelet","Singing Bowl","Omamori","Fusion Hammer","TwistedFunnel","Tiny Chest"],"potions_floor_usage":[7,24,25,30,33,33,40,41,41],"damage_taken":[{"damage":0,"enemies":"2 Louse","floor":1,"turns":4},{"damage":0,"enemies":"Jaw Worm","floor":5,"turns":4},{"damage":0,"enemies":"3 Sentries","floor":7,"turns":2},{"damage":0,"enemies":"Small Slimes","floor":11,"turns":2},{"damage":0,"enemies":"Exordium Thugs","floor":13,"turns":5},{"damage":0,"enemies":"Large Slime","floor":14,"turns":5},{"damage":28,"enemies":"Slime Boss","floor":16,"turns":10},{"damage":18,"enemies":"3 Byrds","floor":18,"turns":4},{"damage":9,"enemies":"2 Thieves","floor":20,"turns":3},{"damage":2,"enemies":"Snake Plant","floor":21,"turns":3},{"damage":2,"enemies":"Snecko","floor":24,"turns":4},{"damage":20,"enemies":"Gremlin Leader","floor":25,"turns":5},{"damage":1,"enemies":"Chosen and Byrds","floor":30,"turns":4},{"damage":0,"enemies":"Cultist and Chosen","floor":31,"turns":4},{"damage":20,"enemies":"Collector","floor":33,"turns":7},{"damage":0,"enemies":"3 Shapes","floor":35,"turns":3},{"damage":13,"enemies":"3 Darklings","floor":36,"turns":4},{"damage":1,"enemies":"Transient","floor":37,"turns":5},{"damage":15,"enemies":"Maw","floor":39,"turns":5},{"damage":35,"enemies":"Giant Head","floor":40,"turns":7},{"damage":13,"enemies":"Spire Growth","floor":41,"turns":2}],"seed_played":"-5909078875330543284","potions_obtained":[{"floor":1,"key":"AttackPotion"},{"floor":13,"key":"SpeedPotion"},{"floor":14,"key":"Ancient Potion"},{"floor":21,"key":"Block Potion"},{"floor":25,"key":"Weak Potion"},{"floor":27,"key":"EssenceOfSteel"},{"floor":30,"key":"FearPotion"},{"floor":36,"key":"Energy Potion"},{"floor":39,"key":"SneckoOil"},{"floor":40,"key":"Block Potion"}],"is_trial":false,"path_per_floor":["M","?","?","?","M","R","E","R","T","R","M","?","M","M","R","B",null,"M","?","M","M","$","R","M","E","T","?","R","?","M","M","R","B",null,"M","M","M","$","M","E"],"character_chosen":"THE_SILENT","items_purchased":["Poisoned Stab+1","TwistedFunnel","Noxious Fumes+1"],"campfire_rested":3,"item_purchase_floors":[22,38,38],"current_hp_per_floor":[63,56,56,56,56,56,56,56,56,56,56,41,41,41,41,13,51,33,33,24,22,22,40,38,18,18,18,36,36,37,37,56,38,60,62,51,52,52,39,6,0],"gold":111,"neow_bonus":"ONE_RARE_RELIC","is_prod":false,"is_daily":false,"chose_seed":false,"campfire_upgraded":4,"win_rate":0,"timestamp":1533465921,"path_taken":["M","?","?","?","M","R","E","R","T","R","M","?","M","?","R","BOSS","M","?","?","M","$","R","M","E","T","?","R","?","M","M","R","BOSS","M","M","M","$","M","E","M"],"build_version":"2018-08-02","purchased_purges":2,"victory":false,"max_hp_per_floor":[63,63,63,63,63,63,63,63,63,63,63,63,63,63,63,63,63,63,63,63,63,63,63,63,63,63,63,63,63,65,65,65,67,67,69,71,73,73,75,77,77],"card_choices":[{"not_picked":["Terror","Backstab","Quick Slash"],"picked":"SKIP","floor":1},{"not_picked":["Slice","Endless Agony"],"picked":"Poisoned Stab","floor":5},{"not_picked":["Dagger Spray","Footwork"],"picked":"Bane","floor":7},{"not_picked":["Prepared","Cloak And Dagger","Acrobatics"],"picked":"SKIP","floor":11},{"not_picked":["Well Laid Plans+1","Expertise"],"picked":"Poisoned Stab+1","floor":13},{"not_picked":["PiercingWail","Bane+1"],"picked":"Die Die Die+1","floor":14},{"not_picked":["Unload+1","After Image+1"],"picked":"Doppelganger","floor":16},{"not_picked":["Finisher+1","Endless Agony+1"],"picked":"Deadly Poison","floor":18},{"not_picked":["Dagger Spray+1","Finisher+1","Sucker Punch+1"],"picked":"SKIP","floor":20},{"not_picked":["Sucker Punch+1","Slice+1"],"picked":"Poisoned Stab+1","floor":21},{"not_picked":["Slice+1","Poisoned Stab+1"],"picked":"Expertise+1","floor":24},{"not_picked":["Deflect","Accuracy+1","Sucker Punch+1"],"picked":"SKIP","floor":25},{"not_picked":["Endless Agony+1","Cloak And Dagger","Finisher+1"],"picked":"Singing Bowl","floor":30},{"not_picked":["Quick Slash+1","PiercingWail"],"picked":"Die Die Die+1","floor":31},{"not_picked":["After Image+1","Night Terror","Grand Finale+1"],"picked":"Singing Bowl","floor":33},{"not_picked":["Deflect","Slice+1","Bane+1"],"picked":"Singing Bowl","floor":35},{"not_picked":["Blur","Prepared","Dagger Spray+1"],"picked":"Singing Bowl","floor":36},{"not_picked":["Cloak And Dagger","Dodge and Roll","Setup+1"],"picked":"Singing Bowl","floor":37},{"not_picked":["Acrobatics","Tools of the Trade+1","Flying Knee+1"],"picked":"Singing Bowl","floor":39},{"not_picked":["Setup+1","PiercingWail","Bane+1"],"picked":"Singing Bowl","floor":40}],"player_experience":260850,"relics_obtained":[{"floor":7,"key":"Molten Egg 2"},{"floor":9,"key":"Frozen Egg 2"},{"floor":25,"key":"Juzu Bracelet"},{"floor":26,"key":"Singing Bowl"},{"floor":40,"key":"Tiny Chest"}],"event_choices":[{"event_name":"Golden Wing","player_choice":"Card Removal","floor":2,"damage_taken":0},{"event_name":"Living Wall","player_choice":"Grow","floor":3,"damage_taken":0},{"event_name":"Match and Keep!","player_choice":"0 cards matched","floor":4,"damage_taken":0},{"event_name":"Match and Keep!","player_choice":"0 cards matched","floor":4,"damage_taken":0},{"event_name":"Golden Idol","player_choice":"Take Damage","floor":12,"damage_taken":0},{"event_name":"Beggar","player_choice":"Gave Gold","floor":19,"damage_taken":0},{"event_name":"The Lab","player_choice":"Got Potions","floor":27,"damage_taken":0},{"event_name":"Addict","player_choice":"Obtained Relic","floor":29,"damage_taken":0}],"is_beta":false,"boss_relics":[{"not_picked":["Coffee Dripper","Calling Bell"],"picked":"Velvet Choker"},{"not_picked":["Cursed Key","Orrery"],"picked":"Fusion Hammer"}],"items_purged_floors":[22,38],"is_endless":false,"potions_floor_spawned":[1,13,14,21,25,30,36,39,40],"killed_by":"Spire Growth","ascension_level":7}