{"gold_per_floor":[111,129,129,35,46,46,72,72,72,72,88,101,101,101,101,200,200,217,227,82,108,108,108,108],"floor_reached":24,"playtime":1776,"items_purged":["Strike_B"],"score":310,"play_id":"bb0b3a73-e890-4e26-ac34-0b7737bea2ae","local_time":"20181104231456","is_ascension_mode":true,"campfire_choices":[{"data":"Darkness","floor":6.0,"key":"SMITH"},{"data":"Conserve Battery","floor":8.0,"key":"SMITH"},{"data":"Dualcast","floor":10.0,"key":"SMITH"},{"data":"Hologram","floor":15.0,"key":"SMITH"},{"floor":23.0,"key":"REST"}],"neow_cost":"NONE","seed_source_timestamp":44480944829798,"circlet_count":0,"master_deck":["AscendersBane","Strike_B","Strike_B","Defend_B","Defend_B","Defend_B","Defend_B","Zap","Dualcast+1","Darkness+1","Conserve Battery+1","Dark Shackles","Hologram+1","Steam","Buffer","Hologram+1","Genetic Algorithm+1","Redo","Leap"],"special_seed":0,"relics":["Cracked Core","Ancient Tea Set","The Courier","Blood Vial","Velvet Choker","Red Mask"],"potions_floor_usage":[],"damage_taken":[{"damage":6.0,"enemies":"Jaw Worm","floor":1.0,"turns":4.0},{"damage":1.0,"enemies":"Cultist","floor":2.0,"turns":4.0},{"damage":0.0,"enemies":"2 Louse","floor":5.0,"turns":3.0},{"damage":20.0,"enemies":"Lagavulin","floor":7.0,"turns":7.0},{"damage":4.0,"enemies":"Exordium Thugs","floor":11.0,"turns":4.0},{"damage":13.0,"enemies":"Large Slime","floor":12.0,"turns":5.0},{"damage":35.0,"enemies":"Slime Boss","floor":16.0,"turns":9.0},{"damage":9.0,"enemies":"Shell Parasite","floor":18.0,"turns":5.0},{"damage":18.0,"enemies":"Spheric Guardian","floor":19.0,"turns":7.0},{"damage":59.0,"enemies":"Masked Bandits","floor":21.0,"turns":6.0},{"damage":42,"enemies":"3 Cultists","floor":24,"turns":6}],"seed_played":"-2401856103739241012","potions_obtained":[{"floor":1.0,"key":"Energy Potion"},{"floor":7.0,"key":"Fire Potion"},{"floor":12.0,"key":"Regen Potion"},{"floor":18.0,"key":"FocusPotion"}],"is_trial":false,"path_per_floor":["M","M","?","$","M","R","E","R","T","R","M","M","?","?","R","B",null,"M","M","$","?","?","R","M"],"character_chosen":"DEFECT","items_purchased":["Dark Shackles","Redo","Leap"],"campfire_rested":1,"item_purchase_floors":[4,20,20],"current_hp_per_floor":[62,61,61,61,61,61,41,41,41,41,39,28,28,85,85,50,76,69,53,53,8,8,33,0],"gold":108,"neow_bonus":"RANDOM_COMMON_RELIC","is_prod":false,"is_daily":false,"chose_seed":false,"campfire_upgraded":4,"win_rate":0,"timestamp":1541369696,"path_taken":["M","M","?","?","M","R","E","R","T","R","M","M","?","?","R","BOSS","M","M","$","?","?","R","?"],"build_version":"2018-11-01","purchased_purges":1,"victory":false,"max_hp_per_floor":[75,75,75,75,75,75,75,75,75,75,75,75,75,85,85,85,85,85,85,85,85,85,85,85],"card_choices":[{"not_picked":["Gash","Undo"],"picked":"Darkness","floor":1.0},{"not_picked":["Leap","Gash"],"picked":"Conserve Battery","floor":2.0},{"not_picked":["Rebound","Beam Cell","Static Discharge"],"picked":"SKIP","floor":5.0},{"not_picked":["Conserve Battery","Compile Driver"],"picked":"Echo Form","floor":7.0},{"not_picked":["Barrage","Compile Driver"],"picked":"Hologram","floor":11.0},{"not_picked":["Stack","Gash"],"picked":"Steam","floor":12.0},{"not_picked":["Machine Learning","Electrodynamics"],"picked":"Buffer","floor":16.0},{"not_picked":["Barrage","Fusion"],"picked":"Hologram+1","floor":18.0},{"not_picked":["Sweeping Beam","Coolheaded"],"picked":"Genetic Algorithm+1","floor":19.0}],"player_experience":516453,"relics_obtained":[{"floor":7.0,"key":"The Courier"},{"floor":9.0,"key":"Blood Vial"},{"floor":21.0,"key":"Red Mask"}],"event_choices":[{"cards_removed":["Strike_B"],"damage_healed":0.0,"max_hp_gain":0.0,"max_hp_loss":0.0,"gold_gain":0.0,"event_name":"Purifier","player_choice":"Purged","floor":3.0,"gold_loss":0.0,"damage_taken":0.0},{"damage_healed":0.0,"max_hp_gain":0.0,"max_hp_loss":0.0,"gold_gain":0.0,"event_name":"Scrap Ooze","player_choice":"Fled","floor":13.0,"gold_loss":0.0,"damage_taken":0.0},{"cards_removed":["Echo Form"],"damage_healed":47.0,"max_hp_gain":10.0,"max_hp_loss":0.0,"gold_gain":0.0,"event_name":"Bonfire Elementals","player_choice":"Offered Rare","floor":14.0,"gold_loss":0.0,"damage_taken":0.0},{"damage_healed":0.0,"max_hp_gain":0.0,"max_hp_loss":0.0,"gold_gain":0.0,"event_name":"Masked Bandits","player_choice":"Fought Bandits","floor":21.0,"gold_loss":0.0,"damage_taken":0.0},{"damage_healed":0.0,"max_hp_gain":0.0,"max_hp_loss":0.0,"gold_gain":0.0,"event_name":"Match and Keep!","player_choice":"0 cards matched","floor":22.0,"gold_loss":0.0,"damage_taken":0.0,"cards_obtained":[]}],"is_beta":false,"boss_relics":[{"not_picked":["Sozu","Astrolabe"],"picked":"Velvet Choker"}],"items_purged_floors":[20],"is_endless":false,"potions_floor_spawned":[1,7,12,18,19],"killed_by":"3 Cultists","ascension_level":12}