{"gold_per_floor":[117,136,151,251,261,261,261,261,261,277,302,318,331,360,360,457,457,470,395,405,424,424,458,473,487,511,523,523],"floor_reached":28,"playtime":1638,"items_purged":["Strike_B"],"score":320,"play_id":"4036e4af-b77d-410e-8122-b9952f66f061","local_time":"20190125031122","is_ascension_mode":true,"campfire_choices":[{"data":"Dualcast","floor":6,"key":"SMITH"},{"data":"Go for the Eyes","floor":8,"key":"SMITH"},{"floor":15,"key":"REST"}],"neow_cost":"NONE","seed_source_timestamp":371458220443185,"circlet_count":0,"master_deck":["Strike_B","Strike_B","Defend_B+1","Defend_B+1","Defend_B","Defend_B","Zap+1","Dualcast+1","Gash","Beam Cell","All For One","Go for the Eyes+1","Coolheaded","Leap","Conserve Battery","All For One","Gash","Leap+1","Stack+1","Coolheaded"],"relics":["Cracked Core","Shovel","War Paint","Thread and Needle","Runic Pyramid","Mummified Hand","Oddly Smooth Stone"],"potions_floor_usage":[7,14,14,24,24,27],"damage_taken":[{"damage":8,"enemies":"2 Louse","floor":1,"turns":2},{"damage":0,"enemies":"Cultist","floor":2,"turns":2},{"damage":0,"enemies":"Small Slimes","floor":3,"turns":2},{"damage":30,"enemies":"Exordium Thugs","floor":5,"turns":3},{"damage":13,"enemies":"Large Slime","floor":10,"turns":4},{"damage":1,"enemies":"Gremlin Gang","floor":12,"turns":5},{"damage":0,"enemies":"Red Slaver","floor":13,"turns":3},{"damage":12,"enemies":"Lagavulin","floor":14,"turns":3},{"damage":4,"enemies":"The Guardian","floor":16,"turns":12},{"damage":4,"enemies":"Shell Parasite","floor":18,"turns":5},{"damage":16,"enemies":"2 Thieves","floor":20,"turns":4},{"damage":0,"enemies":"Snecko","floor":21,"turns":4},{"damage":30,"enemies":"Gremlin Leader","floor":23,"turns":6},{"damage":11,"enemies":"Cultist and Chosen","floor":24,"turns":6},{"damage":4,"enemies":"Centurion and Healer","floor":25,"turns":6},{"damage":0,"enemies":"Snake Plant","floor":27,"turns":4},{"damage":6,"enemies":"Cultist and Chosen","floor":28,"turns":1}],"seed_played":"1992098075757160801","potions_obtained":[{"floor":3,"key":"EssenceOfSteel"},{"floor":7,"key":"Fruit Juice"},{"floor":7,"key":"AttackPotion"},{"floor":7,"key":"SmokeBomb"},{"floor":10,"key":"AttackPotion"},{"floor":13,"key":"AttackPotion"},{"floor":16,"key":"Swift Potion"},{"floor":18,"key":"AttackPotion"},{"floor":24,"key":"AttackPotion"},{"floor":27,"key":"Fire Potion"}],"is_trial":false,"path_per_floor":["M","M","M","?","M","R","?","R","T","M","T","M","M","E","R","B",null,"M","$","M","M","?","E","M","M","T","M","M"],"character_chosen":"DEFECT","items_purchased":[],"campfire_rested":1,"item_purchase_floors":[],"current_hp_per_floor":[60,60,60,60,30,30,35,35,35,22,22,21,21,9,33,29,67,63,63,47,47,47,17,6,2,2,2,0],"gold":523,"neow_bonus":"UPGRADE_CARD","is_prod":false,"is_daily":false,"chose_seed":false,"campfire_upgraded":2,"win_rate":0,"timestamp":1548407482,"path_taken":["M","M","M","?","?","R","?","R","T","?","?","M","M","E","R","BOSS","M","$","M","M","?","E","?","M","T","M","M"],"build_version":"2019-01-23","purchased_purges":1,"victory":false,"max_hp_per_floor":[75,75,75,75,75,75,80,80,80,80,80,80,80,80,80,80,80,80,80,80,80,80,80,80,80,80,80,80],"card_choices":[{"not_picked":["Compile Driver","Blizzard"],"picked":"Gash","floor":1},{"not_picked":["Chill","Leap"],"picked":"Beam Cell","floor":2},{"not_picked":["Beam Cell","Fusion"],"picked":"All For One","floor":3},{"not_picked":["Steam","Streamline"],"picked":"Go for the Eyes","floor":5},{"not_picked":["Doom and Gloom","Barrage"],"picked":"Coolheaded","floor":10},{"not_picked":["Doom and Gloom","Coolheaded"],"picked":"Leap","floor":12},{"not_picked":["Force Field","Reprogram"],"picked":"Conserve Battery","floor":13},{"not_picked":["Amplify","Turbo","Double Energy"],"picked":"SKIP","floor":14},{"not_picked":["Thunder Strike","Echo Form"],"picked":"All For One","floor":16},{"not_picked":["Fusion","Stack"],"picked":"Gash","floor":18},{"not_picked":["Double Energy","Sweeping Beam"],"picked":"Leap+1","floor":20},{"not_picked":["Fusion","Streamline+1","Double Energy"],"picked":"SKIP","floor":21},{"not_picked":["Rip and Tear","Amplify"],"picked":"Stack+1","floor":23},{"not_picked":["Aggregate","Stack"],"picked":"Coolheaded","floor":24},{"not_picked":["Turbo+1","Stack","Auto Shields+1"],"picked":"SKIP","floor":25},{"not_picked":["Steam Power+1","Stack","Glacier+1"],"picked":"SKIP","floor":27}],"player_experience":125270,"relics_obtained":[{"floor":9,"key":"Shovel"},{"floor":11,"key":"War Paint"},{"floor":14,"key":"Thread and Needle"},{"floor":23,"key":"Mummified Hand"},{"floor":26,"key":"Oddly Smooth Stone"}],"event_choices":[{"damage_healed":0,"gold_gain":100,"player_choice":"Gold","damage_taken":0,"max_hp_gain":0,"max_hp_loss":0,"event_name":"Wheel of Change","floor":4,"gold_loss":0},{"damage_healed":0,"gold_gain":0,"player_choice":"Got Potions","damage_taken":0,"max_hp_gain":0,"max_hp_loss":0,"event_name":"Lab","floor":7,"gold_loss":0},{"cards_removed":["Strike_B"],"damage_healed":0,"gold_gain":0,"player_choice":"Purged","damage_taken":0,"max_hp_gain":0,"max_hp_loss":0,"event_name":"Purifier","floor":22,"gold_loss":0}],"is_beta":false,"boss_relics":[{"not_picked":["Philosopher\u0027s Stone","Calling Bell"],"picked":"Runic Pyramid"}],"items_purged_floors":[19],"is_endless":false,"potions_floor_spawned":[3,10,13,16,18,24,27],"killed_by":"Cultist and Chosen","ascension_level":6}