{"gold_per_floor":[112,112,132,132,147,147,178,198,198,198,139,155,176,200,200,329,329,348,348,348,367,383,383,323,357,357,357,357,203,203,5,5,5],"floor_reached":33,"playtime":2358,"items_purged":["Strike_B"],"score":424,"play_id":"9c2dac51-407d-4585-a920-1953484d561a","local_time":"20181103225235","is_ascension_mode":true,"campfire_choices":[{"data":"Zap","floor":6,"key":"SMITH"},{"floor":10,"key":"REST"},{"floor":15,"key":"REST"},{"data":"Fission","floor":23,"key":"SMITH"},{"floor":27,"key":"REST"},{"data":"Zap","floor":28,"key":"SMITH"},{"data":"Secret Technique","floor":30,"key":"SMITH"},{"data":"Static Discharge","floor":32,"key":"SMITH"}],"neow_cost":"NONE","seed_source_timestamp":0,"circlet_count":0,"master_deck":["AscendersBane","Strike_B","Strike_B","Strike_B","Defend_B","Defend_B","Defend_B","Defend_B","Zap+1","Dualcast","Steam","Undo","Tempest","Zap+1","Steam","Aggregate","Static Discharge+1","Echo Form","Leap","BootSequence","Fission+1","Undo","Conserve Battery","Skim","Secret Technique+1","Conserve Battery"],"special_seed":0,"relics":["Cracked Core","Golden Idol","WingedGreaves","The Courier","Cables","Nuclear Battery","Shuriken","Regal Pillow","Chemical X"],"potions_floor_usage":[7,16,16,22,33],"damage_taken":[{"damage":9,"enemies":"Small Slimes","floor":1,"turns":4},{"damage":0,"enemies":"Cultist","floor":3,"turns":3},{"damage":13,"enemies":"Jaw Worm","floor":5,"turns":4},{"damage":9,"enemies":"Lagavulin","floor":7,"turns":6},{"damage":42,"enemies":"Gremlin Gang","floor":8,"turns":4},{"damage":0,"enemies":"Looter","floor":12,"turns":3},{"damage":5,"enemies":"Blue Slaver","floor":13,"turns":3},{"damage":9,"enemies":"Lots of Slimes","floor":14,"turns":6},{"damage":17,"enemies":"Slime Boss","floor":16,"turns":8},{"damage":0,"enemies":"Chosen","floor":18,"turns":3},{"damage":10,"enemies":"Spheric Guardian","floor":21,"turns":6},{"damage":8,"enemies":"Shelled Parasite and Fungi","floor":22,"turns":9},{"damage":22,"enemies":"Book of Stabbing","floor":25,"turns":8},{"damage":72,"enemies":"Collector","floor":33,"turns":6}],"seed_played":"-123386167646005346","potions_obtained":[{"floor":3,"key":"Poison Potion"},{"floor":12,"key":"Regen Potion"},{"floor":13,"key":"Strength Potion"},{"floor":20,"key":"Block Potion"},{"floor":20,"key":"Energy Potion"}],"is_trial":false,"path_per_floor":["M","?","M","?","M","R","E","M","T","R","?","M","M","M","R","B",null,"M","?","?","M","M","R","$","E","T","R","R","$","R","$","R","B"],"character_chosen":"DEFECT","items_purchased":["Secret Technique","Chemical X","Conserve Battery"],"campfire_rested":3,"item_purchase_floors":[29,31,31],"current_hp_per_floor":[66,66,66,66,53,53,44,2,2,24,24,24,19,10,32,30,65,65,65,65,55,47,47,47,25,25,62,62,62,62,62,62,0],"gold":5,"neow_bonus":"TEN_PERCENT_HP_BONUS","is_prod":false,"is_daily":false,"chose_seed":false,"campfire_upgraded":5,"win_rate":0,"timestamp":1541281955,"path_taken":["M","?","M","?","?","R","E","M","T","R","?","M","?","M","R","BOSS","M","?","?","M","?","R","$","E","T","R","R","$","R","$","R","BOSS"],"build_version":"2018-11-01","purchased_purges":1,"victory":false,"max_hp_per_floor":[82,76,76,76,76,76,76,76,76,76,76,76,76,76,76,76,76,76,76,76,76,76,76,76,76,76,76,76,76,76,76,76,76],"card_choices":[{"not_picked":["Storm","Compile Driver"],"picked":"Steam","floor":1},{"not_picked":["Stack","Force Field"],"picked":"Undo","floor":3},{"not_picked":["Darkness","Barrage"],"picked":"Steam","floor":5},{"not_picked":["Rebound","Darkness"],"picked":"Aggregate","floor":7},{"not_picked":["Consume","Compile Driver"],"picked":"Static Discharge","floor":8},{"not_picked":["Compile Driver","Steam"],"picked":"Echo Form","floor":12},{"not_picked":["Go for the Eyes","Sweeping Beam"],"picked":"Leap","floor":13},{"not_picked":["Streamline","Redo"],"picked":"BootSequence","floor":14},{"not_picked":["Echo Form","Seek"],"picked":"Fission","floor":16},{"not_picked":["Streamline","Hello World"],"picked":"Undo","floor":18},{"not_picked":["Sweeping Beam","Ball Lightning"],"picked":"Conserve Battery","floor":21},{"not_picked":["Turbo","Rebound"],"picked":"Skim","floor":22},{"not_picked":["Streamline","Go for the Eyes+1","Gash"],"picked":"SKIP","floor":25}],"player_experience":503869,"relics_obtained":[{"floor":7,"key":"WingedGreaves"},{"floor":9,"key":"The Courier"},{"floor":25,"key":"Shuriken"},{"floor":26,"key":"Regal Pillow"}],"event_choices":[{"damage_healed":0,"gold_gain":0,"player_choice":"Lose Max HP","damage_taken":0,"relics_obtained":["Golden Idol"],"max_hp_gain":0,"max_hp_loss":6,"event_name":"Golden Idol","floor":2,"gold_loss":0},{"damage_healed":0,"gold_gain":0,"player_choice":"2 cards matched","damage_taken":0,"max_hp_gain":0,"max_hp_loss":0,"event_name":"Match and Keep!","floor":4,"gold_loss":0,"cards_obtained":["Tempest","Zap"]},{"damage_healed":0,"gold_gain":0,"player_choice":"Paid Gold","damage_taken":0,"relics_obtained":["Cables"],"max_hp_gain":0,"max_hp_loss":0,"event_name":"WeMeetAgain","floor":11,"gold_loss":59},{"damage_healed":0,"gold_gain":0,"player_choice":"Ignored","damage_taken":0,"max_hp_gain":0,"max_hp_loss":0,"event_name":"Cursed Tome","floor":19,"gold_loss":0},{"damage_healed":0,"gold_gain":0,"player_choice":"Got Potions","damage_taken":0,"max_hp_gain":0,"max_hp_loss":0,"event_name":"Lab","floor":20,"gold_loss":0}],"is_beta":false,"boss_relics":[{"not_picked":["Snecko Eye","Coffee Dripper"],"picked":"Nuclear Battery"}],"items_purged_floors":[24],"is_endless":false,"potions_floor_spawned":[3,12,13,14,21],"killed_by":"Collector","ascension_level":12}