{"gold_per_floor":[111,121,134,144,144,144,176,176,176,176,203,168,168,217,217,290,290,301,301,54,64,64,64,44,44,71,71,98,109,109,121,121,198,198,215,229,229],"floor_reached":37,"playtime":1334,"items_purged":["Decay"],"score":735,"play_id":"f1ce51d8-7b6d-4dae-8701-99698799e9b9","local_time":"20190223114549","is_ascension_mode":true,"campfire_choices":[{"data":"Noxious Fumes","floor":6,"key":"SMITH"},{"data":"Infinite Blades","floor":8,"key":"SMITH"},{"floor":13,"key":"REST"},{"data":"Catalyst","floor":15,"key":"SMITH"},{"floor":23,"key":"REST"},{"data":"Panache","floor":25,"key":"SMITH"},{"floor":27,"key":"REST"},{"floor":30,"key":"REST"},{"floor":32,"key":"REST"}],"neow_cost":"NONE","seed_source_timestamp":731356679802647,"circlet_count":0,"master_deck":["AscendersBane","Defend_G","Defend_G","Defend_G","Defend_G","Defend_G","Strike_G","Strike_G","Strike_G","Strike_G","Strike_G","Survivor","Neutralize","Dagger Spray","Escape Plan","Noxious Fumes+1","Backstab","Infinite Blades+1","Parasite","Catalyst+1","Deadly Poison","Night Terror","Prepared+1","Panache+1","Catalyst","Shame","Well Laid Plans","Leg Sweep","Setup","Poisoned Stab","Prepared+1","Venomology","Crippling Poison+1","Prepared+1"],"relics":["Ring of the Snake","Dream Catcher","Bag of Marbles","Question Card","WingedGreaves","Happy Flower","Busted Crown","Kunai","Bronze Scales","Frozen Egg 2","Eternal Feather"],"potions_floor_usage":[16,28,29,35,36],"damage_taken":[{"damage":11,"enemies":"Jaw Worm","floor":1,"turns":6},{"damage":2,"enemies":"Small Slimes","floor":2,"turns":4},{"damage":2,"enemies":"2 Louse","floor":3,"turns":2},{"damage":13,"enemies":"Exordium Wildlife","floor":4,"turns":6},{"damage":22,"enemies":"3 Sentries","floor":7,"turns":8},{"damage":34,"enemies":"Gremlin Nob","floor":11,"turns":4},{"damage":46,"enemies":"Hexaghost","floor":16,"turns":9},{"damage":0,"enemies":"3 Byrds","floor":18,"turns":5},{"damage":22,"enemies":"Spheric Guardian","floor":21,"turns":4},{"damage":37,"enemies":"Slavers","floor":28,"turns":3},{"damage":17,"enemies":"Snake Plant","floor":29,"turns":4},{"damage":27,"enemies":"Centurion and Healer","floor":31,"turns":4},{"damage":17,"enemies":"Champ","floor":33,"turns":4},{"damage":2,"enemies":"Orb Walker","floor":35,"turns":4},{"damage":33,"enemies":"3 Darklings","floor":36,"turns":4},{"damage":20,"enemies":"Sphere and 2 Shapes","floor":37,"turns":3}],"seed_played":"-240866704372491867","potions_obtained":[{"floor":4,"key":"SpeedPotion"},{"floor":16,"key":"Fire Potion"},{"floor":21,"key":"Dexterity Potion"},{"floor":24,"key":"PowerPotion"},{"floor":33,"key":"Strength Potion"},{"floor":35,"key":"PowerPotion"}],"is_trial":false,"path_per_floor":["M","M","M","M","?","R","E","R","T","?","E","?","R","T","R","B",null,"M","?","$","M","?","R","?","R","T","R","E","M","R","M","R","B",null,"M","M","M"],"character_chosen":"THE_SILENT","items_purchased":["Panache"],"campfire_rested":5,"item_purchase_floors":[20],"current_hp_per_floor":[48,46,44,31,53,53,31,31,31,47,13,29,48,48,48,2,50,50,50,50,28,28,47,47,47,47,66,29,12,31,4,23,6,51,49,16,0],"gold":229,"neow_bonus":"RANDOM_COMMON_RELIC","is_prod":false,"is_daily":false,"chose_seed":false,"campfire_upgraded":4,"win_rate":0,"timestamp":1550943949,"path_taken":["M","M","M","M","?","R","E","R","T","?","E","?","R","?","R","BOSS","M","?","?","?","?","R","?","R","T","R","E","M","R","M","R","BOSS","M","?","M"],"build_version":"2019-01-23","purchased_purges":1,"victory":false,"max_hp_per_floor":[66,66,66,66,66,66,66,66,66,66,66,66,66,66,66,66,66,66,66,66,66,66,66,66,66,66,66,66,66,66,66,66,66,66,66,66,66],"card_choices":[{"not_picked":["Dagger Throw","Blade Dance"],"picked":"Dagger Spray","floor":1},{"not_picked":["Quick Slash","Predator"],"picked":"Escape Plan","floor":2},{"not_picked":["Flying Knee","Slice"],"picked":"Noxious Fumes","floor":3},{"not_picked":["Dodge and Roll","Choke"],"picked":"Backstab","floor":4},{"not_picked":["Predator","Eviscerate"],"picked":"Infinite Blades","floor":7},{"not_picked":["Predator","Well Laid Plans","Sucker Punch"],"picked":"Catalyst","floor":11},{"not_picked":["Acrobatics","Dagger Throw","Blade Dance"],"picked":"Deadly Poison","floor":13},{"not_picked":["Doppelganger","Burst","Wraith Form v2"],"picked":"Night Terror","floor":16},{"not_picked":["Blade Dance"],"picked":"Prepared+1","floor":18},{"not_picked":["Distraction"],"picked":"Catalyst","floor":21},{"not_picked":["Deflect"],"picked":"Well Laid Plans","floor":23},{"not_picked":["Choke"],"picked":"Leg Sweep","floor":28},{"not_picked":["Backflip"],"picked":"Setup","floor":29},{"not_picked":["Riddle With Holes"],"picked":"Poisoned Stab","floor":30},{"not_picked":["Heel Hook","Quick Slash+1"],"picked":"SKIP","floor":31},{"not_picked":["Bullet Time"],"picked":"Prepared+1","floor":32},{"not_picked":["Die Die Die"],"picked":"Venomology","floor":33},{"not_picked":["Outmaneuver"],"picked":"Crippling Poison+1","floor":35},{"not_picked":["Dodge and Roll+1"],"picked":"Prepared+1","floor":36}],"player_experience":591750,"relics_obtained":[{"floor":7,"key":"Bag of Marbles"},{"floor":9,"key":"Question Card"},{"floor":11,"key":"WingedGreaves"},{"floor":14,"key":"Happy Flower"},{"floor":26,"key":"Bronze Scales"},{"floor":28,"key":"Frozen Egg 2"}],"event_choices":[{"damage_healed":22,"gold_gain":0,"player_choice":"Banana","damage_taken":0,"max_hp_gain":0,"max_hp_loss":0,"event_name":"Big Fish","floor":5,"gold_loss":0},{"damage_healed":16,"gold_gain":0,"player_choice":"Healed and dodged fight","damage_taken":0,"max_hp_gain":0,"max_hp_loss":0,"event_name":"Mushrooms","floor":10,"gold_loss":0,"cards_obtained":["Parasite"]},{"damage_healed":16,"gold_gain":0,"player_choice":"Healed","damage_taken":0,"max_hp_gain":0,"max_hp_loss":0,"event_name":"The Cleric","floor":12,"gold_loss":35},{"damage_healed":0,"gold_gain":0,"player_choice":"Cursed","damage_taken":0,"max_hp_gain":0,"max_hp_loss":0,"event_name":"Wheel of Change","floor":19,"gold_loss":0,"cards_obtained":["Decay"]},{"damage_healed":0,"gold_gain":0,"player_choice":"Stole Relic","damage_taken":0,"relics_obtained":["Kunai"],"max_hp_gain":0,"max_hp_loss":0,"event_name":"Addict","floor":22,"gold_loss":0,"cards_obtained":["Shame"]},{"damage_healed":0,"gold_gain":0,"player_choice":"Bought 1 Potion","damage_taken":0,"max_hp_gain":0,"max_hp_loss":0,"event_name":"The Woman in Blue","floor":24,"gold_loss":0}],"is_beta":false,"boss_relics":[{"not_picked":["Tiny House","Snecko Eye"],"picked":"Busted Crown"},{"not_picked":["Runic Dome","Orrery"],"picked":"Eternal Feather"}],"items_purged_floors":[20],"is_endless":false,"potions_floor_spawned":[4,16,21,33,35],"killed_by":"Sphere and 2 Shapes","ascension_level":15}