{"gold_per_floor":[109,122,135,154,169,203,203,215,215,237,237,251,251,7,7,110,110,124,124,124,49],"floor_reached":21,"playtime":2028,"items_purged":[],"score":181,"play_id":"f3c2a60d-be5e-4da5-9142-442eac908238","local_time":"20190208171246","is_ascension_mode":false,"campfire_choices":[{"floor":13,"key":"REST"},{"data":"Machine Learning","floor":15,"key":"SMITH"}],"neow_cost":"NONE","seed_source_timestamp":61602193915769,"circlet_count":0,"master_deck":["Strike_B","Strike_B","Strike_B","Strike_B","Defend_B","Defend_B","Defend_B","Defend_B","Zap","Dualcast","Conserve Battery","Ball Lightning","Redo","Darkness","Machine Learning+1","Skim","Steam Power","Fusion","Reboot","Darkness+1"],"relics":["Cracked Core","Question Card","Frozen Egg 2","Mummified Hand","Sundial","Black Star","Nloth\u0027s Gift"],"potions_floor_usage":[8,8,10,12,12,12,16,21],"damage_taken":[{"damage":1,"enemies":"Cultist","floor":1,"turns":3},{"damage":1,"enemies":"Jaw Worm","floor":2,"turns":3},{"damage":9,"enemies":"2 Louse","floor":3,"turns":3},{"damage":14,"enemies":"Large Slime","floor":4,"turns":5},{"damage":9,"enemies":"Lots of Slimes","floor":5,"turns":4},{"damage":29,"enemies":"3 Sentries","floor":6,"turns":8},{"damage":0,"enemies":"2 Fungi Beasts","floor":8,"turns":2},{"damage":6,"enemies":"The Mushroom Lair","floor":10,"turns":5},{"damage":0,"enemies":"Red Slaver","floor":12,"turns":4},{"damage":17,"enemies":"Slime Boss","floor":16,"turns":11},{"damage":50,"enemies":"3 Byrds","floor":18,"turns":6},{"damage":34,"enemies":"2 Thieves","floor":21,"turns":3}],"seed_played":"-3940176986200879341","potions_obtained":[{"floor":1,"key":"SteroidPotion"},{"floor":2,"key":"Energy Potion"},{"floor":8,"key":"SkillPotion"},{"floor":11,"key":"Weak Potion"},{"floor":11,"key":"Swift Potion"},{"floor":11,"key":"LiquidBronze"},{"floor":12,"key":"Block Potion"},{"floor":16,"key":"FearPotion"},{"floor":18,"key":"Poison Potion"}],"is_trial":false,"path_per_floor":["M","?","?","?","M","?","M"],"character_chosen":"DEFECT","items_purchased":["Sundial"],"campfire_rested":1,"item_purchase_floors":[14],"current_hp_per_floor":[81,80,71,57,48,19,7,7,7,1,1,1,25,25,25,8,82,32,32,32,0],"gold":49,"neow_bonus":"TEN_PERCENT_HP_BONUS","is_prod":false,"is_daily":false,"chose_seed":false,"campfire_upgraded":1,"win_rate":0.0,"timestamp":1549642366,"path_taken":["M","M","?","M","M","E","?","M","T","?","?","?","R","$","R","BOSS","M","?","$","?"],"build_version":"2019-01-23","purchased_purges":0,"victory":false,"max_hp_per_floor":[82,82,82,82,82,82,82,82,82,82,82,82,82,82,82,82,82,82,82,82,82],"card_choices":[{"not_picked":["Scrape","Streamline","Gash"],"picked":"SKIP","floor":1},{"not_picked":["Hologram","Doom and Gloom"],"picked":"Conserve Battery","floor":2},{"not_picked":["Reprogram","Stack"],"picked":"Ball Lightning","floor":3},{"not_picked":["Static Discharge","Undo"],"picked":"Redo","floor":4},{"not_picked":["Tempest","Undo"],"picked":"Darkness","floor":5},{"not_picked":["Cold Snap","Leap"],"picked":"Machine Learning","floor":6},{"not_picked":["Barrage","Consume","Ball Lightning"],"picked":"Skim","floor":8},{"not_picked":["Gash","Compile Driver","Hologram"],"picked":"Steam Power","floor":10},{"not_picked":["Hello World+1","Lockon","Cold Snap"],"picked":"Fusion","floor":12},{"not_picked":["Thunder Strike","Amplify","All For One"],"picked":"Reboot","floor":16},{"not_picked":["Gash","Streamline","Hello World+1"],"picked":"Darkness+1","floor":18}],"player_experience":50855,"relics_obtained":[{"floor":6,"key":"Question Card"},{"floor":9,"key":"Mummified Hand"},{"floor":10,"key":"Odd Mushroom"}],"event_choices":[{"damage_healed":0,"gold_gain":0,"player_choice":"Success","damage_taken":12,"relics_obtained":["Frozen Egg 2"],"max_hp_gain":0,"max_hp_loss":0,"event_name":"Scrap Ooze","floor":7,"gold_loss":0},{"damage_healed":0,"gold_gain":0,"player_choice":"Fought Mushrooms","damage_taken":0,"max_hp_gain":0,"max_hp_loss":0,"event_name":"Mushrooms","floor":10,"gold_loss":0},{"damage_healed":0,"gold_gain":0,"player_choice":"Got Potions","damage_taken":0,"max_hp_gain":0,"max_hp_loss":0,"event_name":"Lab","floor":11,"gold_loss":0},{"damage_healed":0,"gold_gain":0,"player_choice":"Traded Relic","damage_taken":0,"relics_obtained":["Nloth\u0027s Gift"],"max_hp_gain":0,"max_hp_loss":0,"event_name":"N\u0027loth","floor":19,"relics_lost":["Odd Mushroom"],"gold_loss":0}],"is_beta":false,"boss_relics":[{"not_picked":["Cursed Key","Ectoplasm"],"picked":"Black Star"}],"items_purged_floors":[],"is_endless":false,"potions_floor_spawned":[1,2,8,12,16,18],"killed_by":"2 Thieves","ascension_level":0}