{"gold_per_floor":[13,33,43,55,75,75,109,109,109,173,192,192,207,235,235,336,336,349,92,92,92,92,92,111,125,125,151,163,208,220,265,277,390,402,429,461,490,517,73,73,106,153,153,46,46,46,46,63,63,63],"floor_reached":51,"playtime":5374,"items_purged":["Strike_G","Writhe"],"score":946,"play_id":"c9ac39b8-5a60-4448-82ae-f3940bd14063","local_time":"20180724161800","is_ascension_mode":true,"campfire_choices":[{"data":"Backstab","floor":6,"key":"SMITH"},{"floor":8,"key":"REST"},{"floor":12,"key":"REST"},{"data":"Neutralize","floor":15,"key":"SMITH"},{"floor":23,"key":"REST"},{"data":"Sucker Punch","floor":30,"key":"SMITH"},{"data":"Backstab","floor":32,"key":"SMITH"},{"data":"Footwork","floor":40,"key":"SMITH"},{"data":"Backstab","floor":47,"key":"SMITH"},{"data":"Dash","floor":49,"key":"SMITH"}],"neow_cost":"NO_GOLD","seed_source_timestamp":8778939667018,"circlet_count":0,"master_deck":["Defend_G+1","Defend_G+1","Defend_G+1","Defend_G+1","Defend_G+1","Strike_G+1","Strike_G+1","Strike_G+1","Strike_G+1","Survivor","Neutralize+1","PiercingWail","Backstab+1","Calculated Gamble","Backstab+1","Calculated Gamble","Setup+1","Blade Dance+1","Sucker Punch+1","Phantasmal Killer+1","Outmaneuver+1","Burst+1","Cloak And Dagger+1","Cloak And Dagger+1","RitualDagger","Deep Breath+1","Blur+1","Concentrate+1","Choke","Outmaneuver+1","Expertise+1","Masterful Stab+1","Blade Dance+1","Ghostly+1","Ghostly+1","Ghostly+1","Ghostly+1","Ghostly+1","Heel Hook","Flying Knee","Burst+1","Backstab+1","Cloak And Dagger+1","Cloak And Dagger+1","Heel Hook+1","Predator","Backflip+1","Expertise+1","PiercingWail+1","Footwork+1","Escape Plan+1","Leg Sweep+1","Flying Knee","Dash+1","Storm of Steel+1"],"relics":["Ring of the Snake","Ice Cream","Prayer Wheel","Paper Crane","Toxic Egg 2","Oddly Smooth Stone","Lizard Tail","Blood Vial","MawBank","Potion Belt","Bronze Scales","WristBlade","Ninja Scroll","Omamori","Bird Faced Urn","Question Card","Ornamental Fan"],"potions_floor_usage":[7,14,16,16,16,33,33,50,50,50],"damage_taken":[{"damage":0,"enemies":"Cultist","floor":1,"turns":4},{"damage":0,"enemies":"2 Louse","floor":2,"turns":2},{"damage":0,"enemies":"Jaw Worm","floor":3,"turns":5},{"damage":0,"enemies":"Blue Slaver","floor":4,"turns":4},{"damage":8,"enemies":"Large Slime","floor":5,"turns":12},{"damage":39,"enemies":"Lagavulin","floor":7,"turns":10},{"damage":6,"enemies":"3 Sentries","floor":10,"turns":13},{"damage":0,"enemies":"2 Fungi Beasts","floor":11,"turns":3},{"damage":0,"enemies":"Exordium Thugs","floor":13,"turns":6},{"damage":17,"enemies":"Gremlin Nob","floor":14,"turns":5},{"damage":37,"enemies":"Slime Boss","floor":16,"turns":12},{"damage":12,"enemies":"Chosen","floor":18,"turns":7},{"damage":1,"enemies":"2 Thieves","floor":24,"turns":5},{"damage":0,"enemies":"Snecko","floor":25,"turns":5},{"damage":3,"enemies":"Chosen and Byrds","floor":27,"turns":10},{"damage":10,"enemies":"Book of Stabbing","floor":29,"turns":7},{"damage":2,"enemies":"Slavers","floor":31,"turns":8},{"damage":12,"enemies":"Automaton","floor":33,"turns":12},{"damage":1,"enemies":"3 Shapes","floor":35,"turns":12},{"damage":0,"enemies":"Orb Walker","floor":36,"turns":1},{"damage":3,"enemies":"3 Darklings","floor":37,"turns":4},{"damage":1,"enemies":"Maw","floor":38,"turns":9},{"damage":14,"enemies":"Giant Head","floor":41,"turns":9},{"damage":0,"floor":42,"turns":4},{"damage":1,"enemies":"Sphere and 2 Shapes","floor":48,"turns":4},{"damage":6,"enemies":"Donu and Deca","floor":50,"turns":14}],"seed_played":"4475881186009282315","potions_obtained":[{"floor":5,"key":"GhostInAJar"},{"floor":7,"key":"Block Potion"},{"floor":10,"key":"AttackPotion"},{"floor":13,"key":"Fire Potion"},{"floor":14,"key":"Fire Potion"},{"floor":16,"key":"Regen Potion"},{"floor":27,"key":"FearPotion"},{"floor":29,"key":"Dexterity Potion"},{"floor":33,"key":"Regen Potion"},{"floor":36,"key":"AttackPotion"},{"floor":41,"key":"EssenceOfSteel"}],"is_trial":false,"path_per_floor":["M","M","M","M","M","R","E","R","T","?","M","R","M","E","R","B",null,"M","$","?","?","?","R","M","M","T","M","?","E","R","E","R","B",null,"M","M","M","M","$","R","E","?","T","$","T","?","R","M","R","B"],"character_chosen":"THE_SILENT","items_purchased":["Cloak And Dagger+1","Blood Vial","PiercingWail+1","Ninja Scroll","Footwork","Leg Sweep+1","Flying Knee"],"campfire_rested":3,"item_purchase_floors":[19,19,39,39,39,44,44],"current_hp_per_floor":[70,70,70,70,62,62,23,44,44,38,38,59,59,42,42,5,54,42,42,36,36,36,57,58,60,60,59,35,25,25,25,25,15,30,31,33,32,33,33,33,21,23,23,23,23,32,32,35,35,35],"gold":63,"neow_bonus":"ONE_RARE_RELIC","is_prod":false,"is_daily":false,"chose_seed":false,"campfire_upgraded":7,"win_rate":0,"timestamp":1532441880,"path_taken":["M","M","?","M","M","R","E","R","T","?","M","R","M","E","R","BOSS","M","$","?","?","?","R","M","M","T","?","?","E","R","E","R","BOSS","M","M","M","?","$","R","E","?","T","$","?","?","R","M","R","BOSS"],"build_version":"2018-07-19v2","purchased_purges":2,"victory":true,"max_hp_per_floor":[70,70,70,70,70,70,70,70,70,70,70,70,70,70,70,70,70,70,70,70,70,70,70,70,70,70,70,35,35,35,35,35,35,35,35,35,35,35,35,35,35,35,35,35,35,35,35,35,35,35],"card_choices":[{"not_picked":["Prepared","Deadly Poison"],"picked":"PiercingWail","floor":1},{"not_picked":["Masterful Stab","Backflip"],"picked":"Backstab","floor":2},{"not_picked":["Noxious Fumes","Dodge and Roll"],"picked":"Calculated Gamble","floor":3},{"not_picked":["Prepared","Quick Slash","Noxious Fumes"],"picked":"SKIP","floor":4},{"not_picked":["Prepared","Quick Slash","Noxious Fumes"],"picked":"SKIP","floor":4},{"not_picked":["Prepared","Quick Slash","Noxious Fumes"],"picked":"SKIP","floor":4},{"not_picked":["PiercingWail","Dodge and Roll"],"picked":"Backstab","floor":5},{"not_picked":["Bane","Reflex"],"picked":"Calculated Gamble","floor":7},{"not_picked":["Quick Slash","Caltrops"],"picked":"Setup","floor":10},{"not_picked":["Acrobatics+1","Noxious Fumes"],"picked":"Blade Dance+1","floor":11},{"not_picked":["Masterful Stab","Slice","Quick Slash"],"picked":"SKIP","floor":11},{"not_picked":["Acrobatics+1","Calculated Gamble+1"],"picked":"Sucker Punch","floor":13},{"not_picked":["Prepared+1","Dagger Spray"],"picked":"Phantasmal Killer+1","floor":13},{"not_picked":["Escape Plan+1","Deflect+1"],"picked":"Outmaneuver+1","floor":14},{"not_picked":["Night Terror+1","Grand Finale"],"picked":"Burst+1","floor":16},{"not_picked":["Quick Slash","Eviscerate"],"picked":"Cloak And Dagger+1","floor":18},{"not_picked":["Riddle With Holes","Acrobatics+1","Calculated Gamble+1"],"picked":"SKIP","floor":18},{"not_picked":["Predator+1","Quick Slash"],"picked":"Concentrate+1","floor":24},{"not_picked":["Dagger Spray","Slice+1"],"picked":"Choke","floor":24},{"not_picked":["Masterful Stab","Deflect+1"],"picked":"Outmaneuver+1","floor":25},{"not_picked":["Dodge and Roll+1","Slice+1"],"picked":"Expertise+1","floor":25},{"not_picked":["Catalyst+1","All Out Attack+1"],"picked":"Masterful Stab+1","floor":27},{"not_picked":["Choke","Footwork"],"picked":"Blade Dance+1","floor":27},{"not_picked":["Finisher+1","Prepared+1"],"picked":"Heel Hook","floor":29},{"not_picked":["Prepared+1","Underhanded Strike"],"picked":"Flying Knee","floor":31},{"not_picked":["Glass Knife","Die Die Die"],"picked":"Burst+1","floor":33},{"not_picked":["Noxious Fumes","Calculated Gamble+1"],"picked":"Backstab","floor":35},{"not_picked":["Flechettes","Slice"],"picked":"Cloak And Dagger+1","floor":35},{"not_picked":["Underhanded Strike+1","Flechettes+1"],"picked":"Cloak And Dagger+1","floor":36},{"not_picked":["Dagger Throw+1","Backstab+1"],"picked":"Heel Hook+1","floor":36},{"not_picked":["Riddle With Holes","Noxious Fumes"],"picked":"Predator","floor":37},{"not_picked":["Calculated Gamble+1","Flechettes+1","Prepared+1"],"picked":"SKIP","floor":37},{"not_picked":["Underhanded Strike+1","Deflect+1"],"picked":"Backflip+1","floor":38},{"not_picked":["Outmaneuver+1","Crippling Poison+1"],"picked":"Expertise+1","floor":38},{"not_picked":["Underhanded Strike+1","Expertise+1","Dagger Throw+1"],"picked":"SKIP","floor":41},{"not_picked":["Dodge and Roll+1","Blur+1"],"picked":"Escape Plan+1","floor":42},{"not_picked":["Sucker Punch","Backstab","Flying Knee"],"picked":"Dash","floor":48},{"not_picked":["Expertise+1","Prepared+1","Dagger Throw"],"picked":"Storm of Steel+1","floor":48}],"player_experience":176908,"relics_obtained":[{"floor":7,"key":"Prayer Wheel"},{"floor":9,"key":"Paper Crane"},{"floor":10,"key":"Toxic Egg 2"},{"floor":14,"key":"Oddly Smooth Stone"},{"floor":26,"key":"MawBank"},{"floor":29,"key":"Potion Belt"},{"floor":31,"key":"Bronze Scales"},{"floor":41,"key":"Omamori"},{"floor":42,"key":"Bird Faced Urn"},{"floor":43,"key":"Question Card"},{"floor":45,"key":"Ornamental Fan"}],"event_choices":[{"event_name":"Dead Adventurer","player_choice":"Searched \u00273\u0027 times","floor":10,"damage_taken":0},{"event_name":"Nest","player_choice":"Joined the Cult","floor":20,"damage_taken":0},{"event_name":"Back to Basics","player_choice":"Simplicity","floor":21,"damage_taken":0},{"event_name":"Match and Keep!","player_choice":"3 cards matched","floor":22,"damage_taken":0},{"event_name":"Ghosts","player_choice":"Became a Ghost","floor":28,"damage_taken":0},{"event_name":"Mysterious Sphere","player_choice":"Fight","floor":42,"damage_taken":0},{"event_name":"Winding Halls","player_choice":"Writhe","floor":46,"damage_taken":0}],"is_beta":false,"boss_relics":[{"not_picked":["Runic Dome","Ectoplasm"],"picked":"Lizard Tail"},{"not_picked":["HoveringKite","Philosopher\u0027s Stone"],"picked":"WristBlade"}],"items_purged_floors":[19,39],"is_endless":false,"potions_floor_spawned":[5,7,10,13,14,16,27,29,33,36,41],"ascension_level":5}