{"gold_per_floor":[117,41,53,64,64,90,90,118,118,164,175,232,194,208,208,208],"floor_reached":16,"playtime":511,"items_purged":["Regret"],"score":175,"play_id":"36a17a99-3918-414e-85db-444bd9d4ac1e","local_time":"20190212182018","is_ascension_mode":true,"campfire_choices":[{"data":"Defragment","floor":7,"key":"SMITH"},{"data":"Zap","floor":15,"key":"SMITH"}],"neow_cost":"NONE","seed_source_timestamp":4041010783165,"circlet_count":0,"master_deck":["AscendersBane","Strike_B+1","Strike_B","Strike_B+1","Strike_B","Defend_B","Defend_B","Defend_B","Defend_B","Zap+1","Dualcast","Glacier","Defragment+1","Conserve Battery","Conserve Battery","Chill","Go for the Eyes","Conserve Battery","Sweeping Beam","Hologram"],"relics":["Cracked Core","Regal Pillow","Question Card","Matryoshka","Odd Mushroom","Smiling Mask","Art of War","Whetstone","Bronze Scales","MawBank"],"potions_floor_usage":[6,12,12],"damage_taken":[{"damage":1,"enemies":"Cultist","floor":1,"turns":3},{"damage":0,"enemies":"Small Slimes","floor":3,"turns":4},{"damage":2,"enemies":"Jaw Worm","floor":4,"turns":4},{"damage":47,"enemies":"Gremlin Nob","floor":6,"turns":5},{"damage":7,"enemies":"The Mushroom Lair","floor":8,"turns":7},{"damage":2,"enemies":"Looter","floor":11,"turns":3},{"damage":7,"enemies":"Gremlin Nob","floor":12,"turns":5},{"damage":0,"enemies":"Exordium Wildlife","floor":14,"turns":2},{"damage":9,"enemies":"Slime Boss","floor":16,"turns":10}],"seed_played":"-7260344376486811187","potions_obtained":[{"floor":3,"key":"EssenceOfSteel"},{"floor":6,"key":"Fruit Juice"},{"floor":11,"key":"Regen Potion"},{"floor":12,"key":"Ancient Potion"}],"is_trial":false,"path_per_floor":["M","$","M","M","?","E","R","?","T","T","M","?","$","M","R","B"],"character_chosen":"DEFECT","items_purchased":["Defragment"],"campfire_rested":0,"item_purchase_floors":[2],"current_hp_per_floor":[63,63,63,61,61,19,19,12,12,12,10,17,17,17,17,8],"gold":208,"neow_bonus":"RANDOM_COMMON_RELIC","is_prod":false,"is_daily":false,"chose_seed":false,"campfire_upgraded":2,"win_rate":0,"timestamp":1550017218,"path_taken":["M","$","?","M","?","E","R","?","T","?","M","?","$","M","R","BOSS"],"build_version":"2019-01-23","purchased_purges":1,"victory":false,"max_hp_per_floor":[71,71,71,71,71,76,76,76,76,76,76,76,76,76,76,76],"card_choices":[{"not_picked":["Conserve Battery","Blizzard"],"picked":"Glacier","floor":1},{"not_picked":["Gash","Hologram"],"picked":"Conserve Battery","floor":3},{"not_picked":["Barrage","Biased Cognition"],"picked":"Conserve Battery","floor":4},{"not_picked":["Turbo","Stack","Redo"],"picked":"Chill","floor":6},{"not_picked":["Rebound","Chaos","Barrage"],"picked":"Go for the Eyes","floor":8},{"not_picked":["Gash","Recycle","Reinforced Body"],"picked":"Conserve Battery","floor":11},{"not_picked":["Streamline","Storm","Compile Driver"],"picked":"Sweeping Beam","floor":12},{"not_picked":["Double Energy","Steam","Auto Shields"],"picked":"Hologram","floor":14}],"player_experience":184408,"relics_obtained":[{"floor":6,"key":"Matryoshka"},{"floor":8,"key":"Odd Mushroom"},{"floor":9,"key":"Smiling Mask"},{"floor":9,"key":"Art of War"},{"floor":10,"key":"Whetstone"},{"floor":10,"key":"Bronze Scales"}],"event_choices":[{"damage_healed":0,"gold_gain":0,"player_choice":"Box","damage_taken":0,"relics_obtained":["Question Card"],"max_hp_gain":0,"max_hp_loss":0,"event_name":"Big Fish","floor":5,"gold_loss":0,"cards_obtained":["Regret"]},{"damage_healed":0,"gold_gain":0,"player_choice":"Fought Mushrooms","damage_taken":0,"max_hp_gain":0,"max_hp_loss":0,"event_name":"Mushrooms","floor":8,"gold_loss":0},{"damage_healed":0,"gold_gain":0,"player_choice":"Searched \u00272\u0027 times","damage_taken":0,"relics_obtained":["MawBank"],"max_hp_gain":0,"max_hp_loss":0,"event_name":"Dead Adventurer","floor":12,"gold_loss":0}],"is_beta":false,"boss_relics":[],"items_purged_floors":[13],"is_endless":false,"potions_floor_spawned":[3,6,11,12],"killed_by":"Slime Boss","ascension_level":15}