{"gold_per_floor":[114,129,145,145,145,173,173,202,278,203,535,535,552,579,579,678,678,695,695,357,376,100,125,125,158,158,168,198,213,213,135,135,235,235,249,259,270,270,270,270,301,311,362,37,69,79,79,94,94,94],"floor_reached":51,"playtime":4388,"items_purged":["Strike_R","Strike_R","Strike_R"],"score":1341,"play_id":"5d309843-83c9-4579-9859-bc6eb00b3515","local_time":"20180919235306","is_ascension_mode":true,"campfire_choices":[{"floor":7,"key":"REST"},{"data":"Bludgeon","floor":12,"key":"SMITH"},{"data":"Shockwave","floor":15,"key":"SMITH"},{"data":"Corruption","floor":24,"key":"SMITH"},{"data":"Bludgeon","floor":30,"key":"SMITH"},{"data":"Shockwave","floor":32,"key":"SMITH"},{"data":"Berserk","floor":40,"key":"SMITH"},{"data":"Carnage","floor":49,"key":"SMITH"}],"neow_cost":"","seed_source_timestamp":14150126676825,"circlet_count":0,"master_deck":["Strike_R+1","Defend_R","Defend_R","Defend_R+1","Defend_R+1","AscendersBane","Shrug It Off+1","Burning Pact","Shrug It Off","Bludgeon+1","Ghostly Armor","Shockwave+1","Corruption+1","Shockwave+1","Bludgeon+1","Entrench+1","Shrug It Off+1","Shrug It Off+1","Carnage+1","Warcry+1","Burning Pact+1","Sentinel+1","Berserk+1","Carnage+1","Ghostly Armor+1","Body Slam+1","Pommel Strike+1","Clash+1","Dropkick+1","Shockwave+1","Dropkick+1","Offering+1"],"relics":["Burning Blood","Ginger","Bag of Marbles","Pantograph","Old Coin","Odd Mushroom","Sozu","Nilry\u0027s Codex","Matryoshka","PreservedInsect","Toxic Egg 2","Boot","Molten Egg 2","Self Forming Clay","War Paint","Philosopher\u0027s Stone","Nunchaku","Juzu Bracelet","Blood Vial","Turnip","Sundial"],"potions_floor_usage":[6,25],"damage_taken":[{"damage":8,"enemies":"Jaw Worm","floor":1,"turns":4},{"damage":4,"enemies":"2 Louse","floor":2,"turns":3},{"damage":7,"enemies":"Small Slimes","floor":3,"turns":3},{"damage":43,"enemies":"Gremlin Nob","floor":6,"turns":6},{"damage":17,"enemies":"3 Sentries","floor":8,"turns":8},{"damage":10,"enemies":"Gremlin Nob","floor":11,"turns":3},{"damage":0,"enemies":"Exordium Wildlife","floor":13,"turns":3},{"damage":8,"enemies":"The Mushroom Lair","floor":14,"turns":7},{"damage":25,"enemies":"The Guardian","floor":16,"turns":12},{"damage":2,"enemies":"Shell Parasite","floor":18,"turns":3},{"damage":7,"enemies":"Chosen","floor":21,"turns":4},{"damage":0,"enemies":"Book of Stabbing","floor":23,"turns":3},{"damage":1,"enemies":"Gremlin Leader","floor":25,"turns":5},{"damage":1,"enemies":"Shelled Parasite and Fungi","floor":27,"turns":5},{"damage":15,"enemies":"Slavers","floor":28,"turns":7},{"damage":0,"enemies":"Snake Plant","floor":29,"turns":3},{"damage":2,"enemies":"Champ","floor":33,"turns":12},{"damage":8,"enemies":"3 Darklings","floor":35,"turns":4},{"damage":0,"enemies":"Orb Walker","floor":36,"turns":3},{"damage":16,"enemies":"Spire Growth","floor":37,"turns":5},{"damage":0,"enemies":"Giant Head","floor":41,"turns":5},{"damage":8,"enemies":"Sphere and 2 Shapes","floor":42,"turns":5},{"damage":0,"enemies":"2 Orb Walkers","floor":45,"turns":3},{"damage":22,"enemies":"Maw","floor":46,"turns":4},{"damage":5,"enemies":"Spire Growth","floor":48,"turns":3},{"damage":39,"enemies":"Awakened One","floor":50,"turns":8}],"seed_played":"6039869850317943867","potions_obtained":[{"floor":2,"key":"EssenceOfSteel"},{"floor":8,"key":"SneckoOil"},{"floor":13,"key":"FearPotion"},{"floor":16,"key":"GamblersBrew"}],"is_trial":false,"path_per_floor":["M","M","M","?","?","E","R","E","T","$","E","R","M","?","R","B",null,"M","?","$","M","$","E","R","E","T","M","E","M","R","$","R","B",null,"M","M","M","?","?","R","E","M","T","$","E","M","$","M","R","B"],"character_chosen":"IRONCLAD","items_purchased":["Matryoshka","PreservedInsect","Sentinel+1","Dropkick+1","Turnip"],"campfire_rested":1,"item_purchase_floors":[20,22,31,44,44],"current_hp_per_floor":[70,72,71,71,55,18,42,31,31,31,27,27,33,31,31,37,69,73,57,57,56,56,62,62,67,67,72,63,69,69,69,69,80,80,78,80,70,70,70,70,76,74,74,74,80,64,64,67,67,47],"gold":94,"neow_bonus":"","is_prod":false,"is_daily":false,"chose_seed":false,"campfire_upgraded":7,"win_rate":0,"timestamp":1537393986,"path_taken":["M","M","M","?","?","E","R","E","T","$","E","R","M","?","R","BOSS","M","?","$","M","$","E","R","E","T","M","E","M","R","?","R","BOSS","M","M","M","?","?","R","E","?","T","$","E","M","$","M","R","BOSS"],"build_version":"2018-09-06","purchased_purges":3,"victory":true,"max_hp_per_floor":[80,80,80,80,80,80,80,80,80,80,80,80,80,80,80,80,80,80,80,80,80,80,80,80,80,80,80,80,80,80,80,80,80,80,80,80,80,80,80,80,80,80,80,80,80,80,80,80,80,80],"card_choices":[{"not_picked":["Havoc","Twin Strike"],"picked":"Shrug It Off","floor":1},{"not_picked":["Intimidate","Armaments"],"picked":"Burning Pact","floor":2},{"not_picked":["Twin Strike","Headbutt"],"picked":"Shrug It Off","floor":3},{"not_picked":["Feel No Pain","Clash"],"picked":"Ghostly Armor","floor":6},{"not_picked":["Clash","Cleave"],"picked":"Shockwave","floor":8},{"not_picked":["Cleave","Body Slam"],"picked":"Corruption","floor":11},{"not_picked":["Shrug It Off","Spot Weakness"],"picked":"Shockwave","floor":13},{"not_picked":["Demon Form","Reaper"],"picked":"Bludgeon","floor":16},{"not_picked":["Clothesline","Blood for Blood"],"picked":"Entrench+1","floor":18},{"not_picked":["Warcry","Intimidate"],"picked":"Shrug It Off+1","floor":21},{"not_picked":["Body Slam+1","Infernal Blade"],"picked":"Shrug It Off","floor":23},{"not_picked":["Dual Wield+1","Heavy Blade"],"picked":"Carnage","floor":25},{"not_picked":["Flex+1","Sword Boomerang+1"],"picked":"Warcry+1","floor":27},{"not_picked":["Carnage+1","Sword Boomerang+1"],"picked":"Burning Pact+1","floor":28},{"not_picked":["Iron Wave+1","Reckless Charge+1","Thunderclap+1"],"picked":"SKIP","floor":29},{"not_picked":["Feed+1","Juggernaut"],"picked":"Berserk","floor":33},{"not_picked":["Headbutt+1","Bloodletting+1"],"picked":"Carnage+1","floor":35},{"not_picked":["Bloodletting+1","Heavy Blade+1"],"picked":"Ghostly Armor+1","floor":36},{"not_picked":["Reckless Charge+1","Heavy Blade+1"],"picked":"Body Slam+1","floor":37},{"not_picked":["Uppercut+1","Corruption+1"],"picked":"Pommel Strike+1","floor":41},{"not_picked":["Perfected Strike+1","Inflame+1"],"picked":"Clash+1","floor":42},{"not_picked":["Flex+1","Fire Breathing"],"picked":"Shockwave+1","floor":45},{"not_picked":["Hemokinesis+1","Clothesline+1"],"picked":"Dropkick+1","floor":46},{"not_picked":["Clothesline+1","Blood for Blood+1"],"picked":"Offering+1","floor":48}],"player_experience":424946,"relics_obtained":[{"floor":6,"key":"Ginger"},{"floor":8,"key":"Bag of Marbles"},{"floor":9,"key":"Pantograph"},{"floor":11,"key":"Old Coin"},{"floor":14,"key":"Odd Mushroom"},{"floor":19,"key":"Nilry\u0027s Codex"},{"floor":23,"key":"Toxic Egg 2"},{"floor":25,"key":"Boot"},{"floor":26,"key":"Molten Egg 2"},{"floor":26,"key":"Self Forming Clay"},{"floor":28,"key":"War Paint"},{"floor":41,"key":"Nunchaku"},{"floor":43,"key":"Juzu Bracelet"},{"floor":43,"key":"Blood Vial"},{"floor":45,"key":"Sundial"}],"event_choices":[{"event_name":"Living Wall","player_choice":"Change","floor":4,"damage_taken":0},{"event_name":"Shining Light","player_choice":"Entered Light","floor":5,"damage_taken":0},{"event_name":"Mushrooms","player_choice":"Fought Mushrooms","floor":14,"damage_taken":0},{"event_name":"Cursed Tome","player_choice":"Obtained Book","floor":19,"damage_taken":0},{"event_name":"Falling","player_choice":"Removed Attack","floor":38,"damage_taken":0},{"event_name":"SecretPortal","player_choice":"Rejected Portal.","floor":39,"damage_taken":0}],"is_beta":false,"boss_relics":[{"not_picked":["Cursed Key","Pandora\u0027s Box"],"picked":"Sozu"},{"not_picked":["Calling Bell","Eternal Feather"],"picked":"Philosopher\u0027s Stone"}],"items_purged_floors":[10,20,22],"is_endless":false,"potions_floor_spawned":[2,8,13,16,18,27,29,35,37,41],"ascension_level":11}