{"path_per_floor":["M","M","M","T","M","E","M","E","T","$","?","M","R","M","R","B",null,"M","?","M","$","?","R","E","?","T","M","E"],"character_chosen":"THE_SILENT","items_purchased":["Molten Egg 2","Noxious Fumes"],"gold_per_floor":[117,137,148,198,216,241,261,290,290,36,95,108,108,127,127,224,224,238,188,205,51,51,51,82,82,109,129,162,162],"floor_reached":29,"campfire_rested":1,"playtime":3211,"current_hp_per_floor":[69,68,68,68,60,24,24,24,24,24,15,15,15,15,36,36,70,69,69,67,67,67,67,45,45,45,17,10,0],"items_purged":["Strike_G"],"gold":162,"score":350,"play_id":"9614bda9-82ae-4849-80d6-9310589bc0c4","local_time":"20180501172246","is_prod":false,"is_daily":false,"chose_seed":false,"is_ascension_mode":false,"campfire_upgraded":2,"timestamp":1525162966,"path_taken":["M","M","?","?","?","E","M","E","T","$","?","M","R","M","R","BOSS","M","?","M","$","?","R","E","?","T","M","E","M"],"build_version":"2018-04-28v2","seed_source_timestamp":1602688299763677,"purchased_purges":1,"victory":false,"master_deck":["Defend_G","Defend_G","Defend_G","Defend_G","Defend_G","Strike_G","Strike_G","Strike_G","Strike_G","Survivor","Neutralize","Quick Slash","Adrenaline","Underhanded Strike","Flying Knee","Flying Knee","Dagger Spray","Envenom+1","Deadly Poison","Deadly Poison","Flying Knee+1","Tools of the Trade","Terror","Noxious Fumes","Noxious Fumes+1","Backflip+1","Acrobatics+1"],"max_hp_per_floor":[70,70,70,70,70,70,70,70,70,70,70,70,70,70,70,70,70,70,70,70,70,70,70,70,67,67,69,69,69],"relics":["Ring of the Snake","Bag of Marbles","Ancient Tea Set","Pen Nib","Omamori","Molten Egg 2","Lantern","Calling Bell","Singing Bowl","Blue Candle","Torii","Juzu Bracelet","Orichalcum","Ornamental Fan"],"card_choices":[{"not_picked":["Predator","Dash"],"picked":"Quick Slash","floor":1},{"not_picked":["Flying Knee","Sucker Punch"],"picked":"Adrenaline","floor":2},{"not_picked":["Crippling Poison","Blade Dance"],"picked":"Underhanded Strike","floor":3},{"not_picked":["Flechettes","Outmaneuver"],"picked":"Flying Knee","floor":5},{"not_picked":["Riddle With Holes","Slice"],"picked":"Flying Knee","floor":6},{"not_picked":["Acrobatics","Deadly Poison"],"picked":"Dagger Spray","floor":7},{"not_picked":["Dagger Spray","Skewer"],"picked":"Envenom","floor":8},{"not_picked":["Dagger Spray","Poisoned Stab"],"picked":"Deadly Poison","floor":11},{"not_picked":["Flechettes","Quick Slash"],"picked":"Deadly Poison","floor":12},{"not_picked":["Bouncing Flask","Underhanded Strike"],"picked":"Flying Knee","floor":14},{"not_picked":["Burst","Wraith Form v2"],"picked":"Tools of the Trade","floor":16},{"not_picked":["Underhanded Strike","Bouncing Flask"],"picked":"Terror","floor":18},{"not_picked":["PiercingWail","A Thousand Cuts"],"picked":"Noxious Fumes","floor":20},{"not_picked":["Noxious Fumes","Blur"],"picked":"Backflip","floor":24},{"not_picked":["Choke","Finisher"],"picked":"Acrobatics","floor":28}],"player_experience":56782,"potions_floor_usage":[5,8,11,28,29,29],"damage_taken":[{"damage":1,"enemies":"Cultist","floor":1,"turns":4},{"damage":1,"enemies":"Jaw Worm","floor":2,"turns":4},{"damage":0,"enemies":"Small Slimes","floor":3,"turns":4},{"damage":8,"enemies":"Gremlin Gang","floor":5,"turns":4},{"damage":36,"enemies":"Lagavulin","floor":6,"turns":7},{"damage":0,"enemies":"Looter","floor":7,"turns":3},{"damage":0,"enemies":"Gremlin Nob","floor":8,"turns":3},{"damage":9,"enemies":"3 Sentries","floor":11,"turns":5},{"damage":0,"enemies":"Blue Slaver","floor":12,"turns":2},{"damage":0,"enemies":"Large Slime","floor":14,"turns":4},{"damage":0,"enemies":"Slime Boss","floor":16,"turns":8},{"damage":1,"enemies":"Shell Parasite","floor":18,"turns":4},{"damage":2,"enemies":"3 Byrds","floor":20,"turns":5},{"damage":22,"enemies":"Slavers","floor":24,"turns":4},{"damage":30,"enemies":"Snake Plant","floor":27,"turns":4},{"damage":7,"enemies":"Gremlin Leader","floor":28,"turns":6},{"damage":15,"enemies":"Chosen and Byrds","floor":29,"turns":6}],"event_choices":[{"event_name":"Dead Adventurer","player_choice":"Searched \u00272\u0027 times","floor":11,"damage_taken":0},{"event_name":"The Joust","player_choice":"Bet on Murderer","floor":19,"damage_taken":0},{"event_name":"The Lab","player_choice":"Got Potions","floor":22,"damage_taken":0},{"event_name":"Fountain of Cleansing","player_choice":"Removed Curse","floor":25,"damage_taken":0}],"boss_relics":[{"not_picked":["Ectoplasm","Sozu"],"picked":"Calling Bell"}],"potions_floor_spawned":[1,5,6,7,11,11,14,24,27],"seed_played":"-8591654233467543206","killed_by":"Chosen and Byrds","ascension_level":0,"is_trial":false}