{"gold_per_floor":[118,132,132,132,149,149,183,30,30,30,43,43,56,67,67,67],"floor_reached":16,"playtime":451,"items_purged":[],"score":173,"play_id":"e9fe22ce-dccc-4310-b26a-1259a72becda","local_time":"20181129123718","is_ascension_mode":true,"campfire_choices":[{"data":"Iron Wave","floor":6,"key":"SMITH"},{"floor":10,"key":"REST"},{"floor":12,"key":"REST"},{"floor":15,"key":"REST"}],"neow_cost":"NONE","seed_source_timestamp":1637290311606,"circlet_count":0,"master_deck":["AscendersBane","Strike_R","Strike_R","Strike_R","Strike_R","Strike_R","Defend_R","Defend_R","Defend_R","Defend_R","Bash","Metallicize","Shockwave+1","Iron Wave+1","Sword Boomerang","Havoc","Bloodletting","Double Tap"],"relics":["Burning Blood","NeowsBlessing","WingedGreaves","Bag of Marbles","Charon\u0027s Ashes"],"potions_floor_usage":[7],"damage_taken":[{"damage":0,"enemies":"Jaw Worm","floor":1,"turns":1},{"damage":0,"enemies":"2 Louse","floor":2,"turns":1},{"damage":0,"enemies":"Cultist","floor":5,"turns":1},{"damage":31,"enemies":"Gremlin Nob","floor":7,"turns":5},{"damage":19,"enemies":"Lots of Slimes","floor":11,"turns":3},{"damage":9,"enemies":"Blue Slaver","floor":13,"turns":3},{"damage":22,"enemies":"Exordium Thugs","floor":14,"turns":6},{"damage":80,"enemies":"The Guardian","floor":16,"turns":10}],"seed_played":"-7309619131339790495","potions_obtained":[{"floor":1,"key":"Strength Potion"},{"floor":11,"key":"BloodPotion"}],"is_trial":false,"path_per_floor":["M","M","?","?","M","R","E","$","T","R","M","R","M","M","R","B"],"character_chosen":"IRONCLAD","items_purchased":["Bag of Marbles"],"campfire_rested":3,"item_purchase_floors":[8],"current_hp_per_floor":[74,75,80,80,80,80,55,55,55,79,66,80,77,61,80,0],"gold":67,"neow_bonus":"THREE_ENEMY_KILL","is_prod":false,"is_daily":false,"chose_seed":false,"campfire_upgraded":1,"win_rate":0,"timestamp":1543491438,"path_taken":["M","M","?","?","M","R","E","$","T","R","?","R","?","M","R","BOSS"],"build_version":"2018-11-15","purchased_purges":0,"victory":false,"max_hp_per_floor":[75,75,80,80,80,80,80,80,80,80,80,80,80,80,80,80],"card_choices":[{"not_picked":["Havoc","Headbutt"],"picked":"Metallicize","floor":1},{"not_picked":["Cleave","Shockwave","Sword Boomerang"],"picked":"SKIP","floor":2},{"not_picked":["Cleave","Sword Boomerang"],"picked":"Shockwave","floor":2},{"not_picked":["Twin Strike","Battle Trance"],"picked":"Iron Wave","floor":5},{"not_picked":["Wild Strike","Fire Breathing"],"picked":"Sword Boomerang","floor":7},{"not_picked":["Entrench","Rupture"],"picked":"Havoc","floor":11},{"not_picked":["Hemokinesis","True Grit"],"picked":"Bloodletting","floor":13},{"not_picked":["Headbutt","Burning Pact"],"picked":"Double Tap","floor":14}],"player_experience":550493,"relics_obtained":[{"floor":7,"key":"WingedGreaves"},{"floor":9,"key":"Charon\u0027s Ashes"}],"event_choices":[{"damage_healed":0,"gold_gain":0,"player_choice":"Donut","damage_taken":0,"max_hp_gain":5,"max_hp_loss":0,"event_name":"Big Fish","floor":3,"gold_loss":0},{"damage_healed":0,"gold_gain":0,"player_choice":"Forge","damage_taken":0,"max_hp_gain":0,"max_hp_loss":0,"event_name":"Accursed Blacksmith","floor":4,"gold_loss":0,"cards_upgraded":["Shockwave"]}],"is_beta":false,"boss_relics":[],"items_purged_floors":[],"is_endless":false,"potions_floor_spawned":[1,11],"killed_by":"The Guardian","ascension_level":14}