{"gold_per_floor":[116,116,132,132,132,163,177,220,299,299,299,37,2,42,42,165,165,136,157,157,7,7,7,7],"floor_reached":24,"playtime":1248,"items_purged":["Regret"],"score":294,"play_id":"09c11ff2-1831-40a7-85c5-01dcf3b380ab","local_time":"20190215151807","is_ascension_mode":true,"campfire_choices":[{"data":"Multi-Cast","floor":10,"key":"SMITH"},{"data":"Defragment","floor":15,"key":"SMITH"},{"data":"Capacitor","floor":23,"key":"SMITH"}],"neow_cost":"NONE","seed_source_timestamp":204677628636157,"circlet_count":0,"master_deck":["Strike_B","Strike_B","Strike_B","Strike_B","Defend_B","Defend_B","Defend_B","Defend_B","Zap","Dualcast","Cold Snap","Coolheaded","Self Repair","Multi-Cast+1","Capacitor+1","Chill","Defragment+1","Core Surge","Chill","White Noise"],"relics":["Cracked Core","NeowsBlessing","Golden Idol","Bird Faced Urn","Potion Belt","Turnip","Bag of Preparation","Symbiotic Virus","Happy Flower","WingedGreaves","Nuclear Battery","Calipers","Centennial Puzzle"],"potions_floor_usage":[8,8],"damage_taken":[{"damage":0,"enemies":"Jaw Worm","floor":1,"turns":1},{"damage":0,"enemies":"Small Slimes","floor":3,"turns":1},{"damage":0,"enemies":"Gremlin Nob","floor":6,"turns":1},{"damage":2,"enemies":"Cultist","floor":7,"turns":3},{"damage":20,"enemies":"Lagavulin","floor":8,"turns":11},{"damage":2,"enemies":"3 Sentries","floor":14,"turns":9},{"damage":10,"enemies":"Slime Boss","floor":16,"turns":11},{"damage":29,"enemies":"2 Thieves","floor":18,"turns":5},{"damage":14,"enemies":"Shell Parasite","floor":19,"turns":4},{"damage":66,"enemies":"Book of Stabbing","floor":24,"turns":12}],"seed_played":"-4345420901731257646","potions_obtained":[{"floor":1,"key":"Strength Potion"},{"floor":3,"key":"Regen Potion"},{"floor":8,"key":"FocusPotion"},{"floor":16,"key":"Ancient Potion"},{"floor":19,"key":"SkillPotion"}],"is_trial":false,"path_per_floor":["?","?","?","M","T","$","T","?"],"character_chosen":"DEFECT","items_purchased":["Capacitor","Happy Flower","Chill","Centennial Puzzle"],"campfire_rested":0,"item_purchase_floors":[12,12,13,21],"current_hp_per_floor":[75,57,57,57,54,54,61,65,65,65,65,65,65,74,74,72,74,57,56,56,56,56,56,0],"gold":7,"neow_bonus":"THREE_ENEMY_KILL","is_prod":false,"is_daily":false,"chose_seed":false,"campfire_upgraded":3,"win_rate":0,"timestamp":1550240287,"path_taken":["M","?","M","?","?","E","?","E","T","R","?","?","$","E","R","BOSS","M","M","?","$","?","R","E"],"build_version":"2019-01-23","purchased_purges":1,"victory":false,"max_hp_per_floor":[75,75,75,75,75,75,75,75,75,75,75,75,75,75,75,75,75,75,75,75,75,75,75,75],"card_choices":[{"not_picked":["Leap","Static Discharge"],"picked":"Cold Snap","floor":1},{"not_picked":["Cold Snap","Turbo"],"picked":"Coolheaded","floor":3},{"not_picked":["Steam","Streamline"],"picked":"Self Repair","floor":6},{"not_picked":["Redo","Sweeping Beam","Turbo"],"picked":"SKIP","floor":7},{"not_picked":["Coolheaded","Heatsinks"],"picked":"Multi-Cast","floor":8},{"not_picked":["Ball Lightning","Rainbow"],"picked":"Defragment","floor":14},{"not_picked":["Machine Learning","Hyperbeam"],"picked":"Core Surge","floor":16},{"not_picked":["Steam","Rip and Tear"],"picked":"Chill","floor":18},{"not_picked":["Auto Shields","Ball Lightning"],"picked":"White Noise","floor":19}],"player_experience":167014,"relics_obtained":[{"floor":6,"key":"Turnip"},{"floor":8,"key":"Bag of Preparation"},{"floor":11,"key":"Symbiotic Virus"},{"floor":14,"key":"WingedGreaves"},{"floor":20,"key":"Calipers"}],"event_choices":[{"damage_healed":0,"gold_gain":0,"player_choice":"Take Damage","damage_taken":18,"relics_obtained":["Golden Idol"],"max_hp_gain":0,"max_hp_loss":0,"event_name":"Golden Idol","floor":2,"gold_loss":0},{"damage_healed":0,"gold_gain":0,"player_choice":"Box","damage_taken":0,"relics_obtained":["Bird Faced Urn"],"max_hp_gain":0,"max_hp_loss":0,"event_name":"Big Fish","floor":4,"gold_loss":0,"cards_obtained":["Regret"]},{"damage_healed":0,"gold_gain":0,"player_choice":"Success","damage_taken":3,"relics_obtained":["Potion Belt"],"max_hp_gain":0,"max_hp_loss":0,"event_name":"Scrap Ooze","floor":5,"gold_loss":0},{"damage_healed":0,"gold_gain":0,"player_choice":"Ignored","damage_taken":0,"max_hp_gain":0,"max_hp_loss":0,"event_name":"Beggar","floor":22,"gold_loss":0}],"is_beta":false,"boss_relics":[{"not_picked":["Calling Bell","Velvet Choker"],"picked":"Nuclear Battery"}],"items_purged_floors":[12],"is_endless":false,"potions_floor_spawned":[1,3,8,16,19],"killed_by":"Book of Stabbing","ascension_level":5}