{"gold_per_floor":[368,368,125,138,151,151,151,177,200,200,200,22,37,55,55,154,154,169,153,153],"floor_reached":20,"playtime":713,"items_purged":["Strike_B"],"score":235,"play_id":"e0c75666-d992-472f-ad7b-f6c2e24cad2d","local_time":"20190209064303","is_ascension_mode":true,"campfire_choices":[{"data":"Zap","floor":6,"key":"SMITH"},{"data":"Conserve Battery","floor":10,"key":"SMITH"},{"floor":15,"key":"REST"}],"neow_cost":"PERCENT_DAMAGE","seed_source_timestamp":2024098206095115,"circlet_count":0,"master_deck":["Strike_B","Defend_B","Defend_B","Defend_B","Defend_B","Zap+1","Dualcast","Gash","Flash of Steel","Conserve Battery+1","Coolheaded","Capacitor","Hologram","Reinforced Body","Loop","Cold Snap","Defragment","Creative AI","Redo+1"],"relics":["Cracked Core","Pen Nib","Bag of Marbles","DataDisk","Black Star"],"potions_floor_usage":[16,16,20,20],"damage_taken":[{"damage":5,"enemies":"Small Slimes","floor":1,"turns":4},{"damage":0,"enemies":"Cultist","floor":4,"turns":3},{"damage":0,"enemies":"Jaw Worm","floor":5,"turns":5},{"damage":17,"enemies":"3 Sentries","floor":8,"turns":8},{"damage":0,"enemies":"3 Louse","floor":13,"turns":4},{"damage":0,"enemies":"Blue Slaver","floor":14,"turns":4},{"damage":3,"enemies":"Slime Boss","floor":16,"turns":7},{"damage":31,"enemies":"3 Byrds","floor":18,"turns":5},{"damage":17,"enemies":"2 Thieves","floor":19,"turns":4},{"damage":30,"enemies":"Snake Plant","floor":20,"turns":3}],"seed_played":"-2516127467773933212","potions_obtained":[{"floor":4,"key":"FocusPotion"},{"floor":8,"key":"Swift Potion"},{"floor":14,"key":"FearPotion"},{"floor":16,"key":"Dexterity Potion"}],"is_trial":false,"path_per_floor":["M","?","$","M","M","R","?","E","T","R","?","$","M","M","R","B",null,"M","M","M"],"character_chosen":"DEFECT","items_purchased":["Flash of Steel","Conserve Battery","Coolheaded","DataDisk","Loop"],"campfire_rested":1,"item_purchase_floors":[3,3,3,12,12],"current_hp_per_floor":[45,45,45,45,45,45,70,53,53,53,46,46,46,46,68,65,73,42,25,0],"gold":153,"neow_bonus":"TWO_FIFTY_GOLD","is_prod":false,"is_daily":false,"chose_seed":false,"campfire_upgraded":2,"win_rate":0,"timestamp":1549712583,"path_taken":["M","?","$","M","?","R","?","E","T","R","?","?","M","M","R","BOSS","M","M","M"],"build_version":"2019-01-23","purchased_purges":1,"victory":false,"max_hp_per_floor":[75,75,75,75,75,75,75,75,75,75,75,75,75,75,75,75,75,75,75,75],"card_choices":[{"not_picked":["Turbo","Doom and Gloom"],"picked":"Gash","floor":1},{"not_picked":["Darkness","Streamline"],"picked":"Capacitor","floor":4},{"not_picked":["Melter","Stack"],"picked":"Hologram","floor":5},{"not_picked":["Hologram","Heatsinks"],"picked":"Reinforced Body","floor":8},{"not_picked":["Heatsinks","Leap"],"picked":"Cold Snap","floor":13},{"not_picked":["Compile Driver","Gash"],"picked":"Defragment","floor":14},{"not_picked":["All For One","Thunder Strike"],"picked":"Creative AI","floor":16},{"not_picked":["Melter","Redo","Streamline"],"picked":"SKIP","floor":18},{"not_picked":["Ball Lightning","Hologram"],"picked":"Redo+1","floor":19}],"player_experience":433466,"relics_obtained":[{"floor":8,"key":"Pen Nib"},{"floor":9,"key":"Bag of Marbles"}],"event_choices":[{"cards_removed":["Strike_B"],"damage_healed":0,"gold_gain":0,"player_choice":"Purged","damage_taken":0,"max_hp_gain":0,"max_hp_loss":0,"event_name":"Purifier","floor":2,"gold_loss":0},{"damage_healed":25,"gold_gain":0,"player_choice":"Banana","damage_taken":0,"max_hp_gain":0,"max_hp_loss":0,"event_name":"Big Fish","floor":7,"gold_loss":0},{"cards_removed":["Strike_B"],"damage_healed":0,"gold_gain":0,"player_choice":"Card Removal","damage_taken":7,"max_hp_gain":0,"max_hp_loss":0,"event_name":"Golden Wing","floor":11,"gold_loss":0}],"is_beta":false,"boss_relics":[{"not_picked":["Pandora\u0027s Box","Coffee Dripper"],"picked":"Black Star"}],"items_purged_floors":[3],"is_endless":false,"potions_floor_spawned":[4,8,14,16],"killed_by":"Snake Plant","ascension_level":7}