{"gold_per_floor":[114,114,114,128,145,176,190,222,247,247,277,297,297,309,309,414,414,369,294,294,294,294,294,294,294,294,294,294,294,294,294,294,294],"floor_reached":33,"playtime":3060,"items_purged":[],"score":336,"play_id":"3b6852c6-3990-4acd-b16a-dd628704b38d","local_time":"20180718211529","is_ascension_mode":true,"campfire_choices":[{"data":"Skewer","floor":10,"key":"SMITH"},{"data":"Outmaneuver","floor":13,"key":"SMITH"},{"data":"Defend_G","floor":15,"key":"SMITH"},{"data":"Tactician","floor":23,"key":"SMITH"},{"data":"Acrobatics","floor":25,"key":"SMITH"},{"data":"Outmaneuver","floor":27,"key":"SMITH"},{"data":"Defend_G","floor":29,"key":"SMITH"},{"data":"Defend_G","floor":32,"key":"SMITH"}],"neow_cost":"NONE","seed_source_timestamp":5866229354905,"circlet_count":0,"master_deck":["Defend_G","Defend_G","Defend_G+1","Defend_G+1","Defend_G+1","Strike_G","Strike_G","Strike_G+1","Strike_G","Survivor+1","Neutralize","Skewer+1","Outmaneuver+1","Escape Plan","Dash+1","Acrobatics+1","Tactician+1","Predator+1","Backflip+1","Outmaneuver+1","Underhanded Strike+1","Mind Blast+1","Backflip+1"],"relics":["Cursed Key","Molten Egg 2","Pen Nib","Omamori","Tiny Chest","Ectoplasm","Art of War","The Specimen","Calipers"],"potions_floor_usage":[6,8,24,31,33,33],"damage_taken":[{"damage":2,"enemies":"Small Slimes","floor":1,"turns":3},{"damage":0,"enemies":"Cultist","floor":4,"turns":4},{"damage":0,"enemies":"Jaw Worm","floor":5,"turns":2},{"damage":5,"enemies":"Lagavulin","floor":6,"turns":6},{"damage":0,"enemies":"Looter","floor":7,"turns":3},{"damage":3,"enemies":"3 Sentries","floor":8,"turns":5},{"damage":0,"enemies":"Large Slime","floor":12,"turns":2},{"damage":0,"enemies":"Exordium Wildlife","floor":14,"turns":3},{"damage":2,"enemies":"The Guardian","floor":16,"turns":8},{"damage":3,"enemies":"2 Thieves","floor":18,"turns":4},{"damage":0,"enemies":"Chosen","floor":20,"turns":3},{"damage":0,"enemies":"Centurion and Healer","floor":22,"turns":5},{"damage":0,"enemies":"Book of Stabbing","floor":24,"turns":3},{"damage":0,"enemies":"Snecko","floor":28,"turns":4},{"damage":12,"enemies":"Slavers","floor":31,"turns":4},{"damage":45,"enemies":"Collector","floor":33,"turns":8}],"seed_played":"4579064343275236660","potions_obtained":[{"floor":5,"key":"Strength Potion"},{"floor":6,"key":"Explosive Potion"},{"floor":8,"key":"AttackPotion"},{"floor":16,"key":"Swift Potion"},{"floor":20,"key":"Explosive Potion"},{"floor":21,"key":"GhostInAJar"},{"floor":24,"key":"Fire Potion"}],"is_trial":false,"path_per_floor":["M","?","?","M","M","E","M","E","T","R","?","M","R","M","R","B",null,"M","?","M","?","M","R","E","R","T","R","M","R","?","E","R"],"character_chosen":"THE_SILENT","items_purchased":[],"campfire_rested":0,"item_purchase_floors":[],"current_hp_per_floor":[68,68,54,54,54,49,49,46,46,46,46,46,46,46,46,44,70,67,67,67,67,67,67,67,67,67,67,67,67,53,41,41,0],"gold":294,"neow_bonus":"BOSS_RELIC","is_prod":false,"is_daily":false,"chose_seed":false,"campfire_upgraded":8,"win_rate":0,"timestamp":1531941329,"path_taken":["M","?","?","M","M","E","M","E","T","R","?","?","R","M","R","BOSS","M","?","?","?","M","R","E","R","T","R","M","R","?","E","R","BOSS"],"build_version":"2018-07-12","purchased_purges":0,"victory":false,"max_hp_per_floor":[70,70,70,70,70,70,70,70,70,70,70,70,70,70,70,70,70,70,70,70,70,70,70,70,70,70,70,70,70,70,70,70,70],"card_choices":[{"not_picked":["Dagger Throw","Well Laid Plans"],"picked":"Skewer","floor":1},{"not_picked":["Deadly Poison","Masterful Stab"],"picked":"Outmaneuver","floor":4},{"not_picked":["Dagger Spray","Bouncing Flask"],"picked":"Escape Plan","floor":5},{"not_picked":["Acrobatics","Dodge and Roll"],"picked":"Dash","floor":6},{"not_picked":["Sucker Punch+1","Blade Dance","Infinite Blades"],"picked":"SKIP","floor":7},{"not_picked":["Slice+1","Glass Knife+1"],"picked":"Acrobatics","floor":8},{"not_picked":["Dodge and Roll","Noxious Fumes","Cloak And Dagger"],"picked":"SKIP","floor":12},{"not_picked":["Reflex","Bouncing Flask","Dodge and Roll"],"picked":"SKIP","floor":14},{"not_picked":["Die Die Die+1","Night Terror"],"picked":"Tactician","floor":16},{"not_picked":["Prepared+1","Finisher+1"],"picked":"Predator+1","floor":18},{"not_picked":["PiercingWail","Blur"],"picked":"Backflip+1","floor":20},{"not_picked":["Sucker Punch+1","Flechettes+1","Poisoned Stab+1"],"picked":"SKIP","floor":22},{"not_picked":["Flechettes+1","Slice+1"],"picked":"Outmaneuver","floor":24},{"not_picked":["PiercingWail","Masterful Stab+1"],"picked":"Underhanded Strike+1","floor":28},{"not_picked":["Bane+1","Catalyst"],"picked":"Backflip+1","floor":31}],"player_experience":121175,"relics_obtained":[{"floor":6,"key":"Molten Egg 2"},{"floor":8,"key":"Pen Nib"},{"floor":9,"key":"Omamori"},{"floor":24,"key":"Art of War"},{"floor":26,"key":"The Specimen"},{"floor":31,"key":"Calipers"}],"event_choices":[{"event_name":"Bonfire Elementals","player_choice":"BASIC","floor":2,"damage_taken":0},{"event_name":"Shining Light","player_choice":"Entered Light","floor":3,"damage_taken":0},{"event_name":"Big Fish","player_choice":"Box","floor":11,"damage_taken":0},{"event_name":"Beggar","player_choice":"Gave Gold","floor":19,"damage_taken":0},{"event_name":"The Lab","player_choice":"Got Potions","floor":21,"damage_taken":0},{"event_name":"Knowing Skull","player_choice":"CARD ","floor":30,"damage_taken":0}],"boss_relics":[{"not_picked":["Busted Crown","Empty Cage"],"picked":"Ectoplasm"}],"items_purged_floors":[],"is_endless":false,"potions_floor_spawned":[5,6,8,16,20,24],"killed_by":"Collector","ascension_level":1}