{"gold_per_floor":[118,118,136,56,56,87,162,180,180,180,192,220,236,38,38,38],"floor_reached":16,"playtime":336,"items_purged":[],"score":263,"play_id":"ee0d46ee-f049-49a6-a717-d2dcc1b4df3c","local_time":"20190210080930","is_ascension_mode":true,"campfire_choices":[{"data":"Defragment","floor":15,"key":"SMITH"}],"neow_cost":"NONE","seed_source_timestamp":316373208881432,"circlet_count":0,"master_deck":["AscendersBane","Strike_B","Strike_B","Strike_B","Defend_B","Defend_B","Defend_B","Defend_B","Zap","Dualcast","Consume+1","Conserve Battery","hubris:PowerSurge","Leap","Redo","Chill","Reboot","Conserve Battery","Defragment+1","Doom and Gloom","Redo","Redo"],"relics":["Cracked Core","NeowsBlessing","ReplayFunnel","Meat on the Bone","hubris:BottledRain"],"potions_floor_usage":[],"damage_taken":[{"damage":0,"enemies":"2 Louse","floor":1,"turns":1},{"damage":0,"enemies":"Small Slimes","floor":3,"turns":1},{"damage":0,"enemies":"Gremlin Nob","floor":6,"turns":1},{"damage":2,"enemies":"Jaw Worm","floor":8,"turns":4},{"damage":5,"enemies":"Blue Slaver","floor":11,"turns":6},{"damage":33,"enemies":"Lagavulin","floor":12,"turns":7},{"damage":6,"enemies":"Lots of Slimes","floor":13,"turns":8},{"damage":0,"enemies":"Hexaghost","floor":16,"turns":1}],"seed_played":"7097249786908976751","potions_obtained":[{"floor":6,"key":"Energy Potion"},{"floor":11,"key":"Weak Potion"}],"is_trial":false,"path_per_floor":["M","?","M","$","?","E","?","M","T","?","M","E","M","$","R","B"],"character_chosen":"DEFECT","items_purchased":["hubris:PowerSurge","Defragment","Doom and Gloom","Redo"],"campfire_rested":0,"item_purchase_floors":[4,14,14,14],"current_hp_per_floor":[64,64,64,64,69,69,58,56,56,56,51,30,36,36,36,36],"gold":38,"neow_bonus":"THREE_ENEMY_KILL","is_prod":false,"is_daily":false,"chose_seed":false,"campfire_upgraded":1,"win_rate":0,"timestamp":1549746570,"path_taken":["M","?","M","$","?","E","?","?","T","?","?","E","M","$","R","BOSS"],"build_version":"2019-01-23","purchased_purges":0,"victory":false,"max_hp_per_floor":[71,71,71,71,76,76,76,76,76,76,76,76,76,76,76,76],"card_choices":[{"not_picked":["Leap","Turbo"],"picked":"Consume","floor":1},{"not_picked":["Beam Cell","Panic Button"],"picked":"Conserve Battery","floor":3},{"not_picked":["strawberrySpire:BlasterWyrm","Beam Cell"],"picked":"Leap","floor":6},{"not_picked":["Go for the Eyes","Beam Cell"],"picked":"Redo","floor":8},{"not_picked":["strawberrySpire:Disconnect","Beam Cell"],"picked":"Chill","floor":11},{"not_picked":["Aggregate","Hologram"],"picked":"Reboot","floor":12},{"not_picked":["Panic Button","strawberrySpire:Adapter"],"picked":"Conserve Battery","floor":13}],"player_experience":419848,"relics_obtained":[{"floor":6,"key":"ReplayFunnel"},{"floor":9,"key":"Meat on the Bone"},{"floor":12,"key":"hubris:BottledRain"}],"event_choices":[{"damage_healed":0,"gold_gain":0,"player_choice":"Donut","damage_taken":0,"max_hp_gain":5,"max_hp_loss":0,"event_name":"Big Fish","floor":5,"gold_loss":0},{"damage_healed":0,"gold_gain":75,"player_choice":"Gather Gold","damage_taken":11,"max_hp_gain":0,"max_hp_loss":0,"event_name":"World of Goop","floor":7,"gold_loss":0},{"damage_healed":0,"gold_gain":0,"player_choice":"Upgraded","damage_taken":0,"max_hp_gain":0,"max_hp_loss":0,"event_name":"Upgrade Shrine","floor":10,"gold_loss":0,"cards_upgraded":["Consume"]}],"is_beta":false,"boss_relics":[],"items_purged_floors":[],"is_endless":false,"potions_floor_spawned":[6,11,12],"killed_by":"Hexaghost","ascension_level":19}