{"gold_per_floor":[117,67,67,67,85,120,120,135,158,258,273,273,294,334,334,455,455,380,26,26,42,42],"floor_reached":22,"playtime":661,"items_purged":[],"score":347,"play_id":"935f064f-3473-486e-bc98-bc4165ad2ce1","local_time":"20190219145150","is_ascension_mode":true,"campfire_choices":[{"data":"Zap","floor":7,"key":"SMITH"},{"floor":12,"key":"REST"},{"data":"Reboot","floor":15,"key":"SMITH"}],"neow_cost":"NONE","seed_source_timestamp":10947905223786,"circlet_count":0,"master_deck":["AscendersBane","Strike_B","Strike_B","Strike_B","Defend_B","Defend_B","Defend_B","Defend_B","Zap+1","Dualcast","Melter","Gash","Reboot+1","Conserve Battery","Capacitor","Leap","Self Repair","Seek+1","Hello World","Reinforced Body","FTL","Fusion","Echo Form","Compile Driver"],"relics":["Cracked Core","NeowsBlessing","Golden Idol","Bag of Marbles","Regal Pillow","Ancient Tea Set","Orrery","Runic Capacitor","Bronze Scales"],"potions_floor_usage":[13,14,16,16,22],"damage_taken":[{"damage":0,"enemies":"Cultist","floor":1,"turns":1},{"damage":0,"enemies":"2 Louse","floor":5,"turns":1},{"damage":0,"enemies":"3 Sentries","floor":6,"turns":1},{"damage":4,"enemies":"Small Slimes","floor":8,"turns":3},{"damage":2,"enemies":"Red Slaver","floor":11,"turns":2},{"damage":0,"enemies":"2 Fungi Beasts","floor":13,"turns":3},{"damage":14,"enemies":"Lagavulin","floor":14,"turns":5},{"damage":23,"enemies":"The Guardian","floor":16,"turns":13},{"damage":18,"enemies":"2 Thieves","floor":18,"turns":5},{"damage":0,"enemies":"Spheric Guardian","floor":21,"turns":3},{"damage":59,"enemies":"Cultist and Chosen","floor":22,"turns":8}],"seed_played":"1655119133373106866","potions_obtained":[{"floor":5,"key":"Block Potion"},{"floor":8,"key":"Block Potion"},{"floor":13,"key":"FocusPotion"},{"floor":14,"key":"Strength Potion"},{"floor":16,"key":"SteroidPotion"},{"floor":21,"key":"Energy Potion"}],"is_trial":false,"path_per_floor":["M","?","?","$","M","E","R","M","T","?","M","R","M","E","R","B",null,"M","$","?","M","M"],"character_chosen":"DEFECT","items_purchased":["Runic Capacitor","Bronze Scales"],"campfire_rested":1,"item_purchase_floors":[19,19],"current_hp_per_floor":[68,68,50,50,50,50,50,46,46,46,44,75,75,61,61,45,68,57,57,57,57,0],"gold":42,"neow_bonus":"THREE_ENEMY_KILL","is_prod":false,"is_daily":false,"chose_seed":false,"campfire_upgraded":2,"win_rate":0,"timestamp":1550605910,"path_taken":["M","?","?","$","M","E","R","M","T","?","?","R","M","E","R","BOSS","M","$","?","M","M"],"build_version":"2019-01-23","purchased_purges":0,"victory":false,"max_hp_per_floor":[75,75,75,75,75,75,75,75,75,75,75,75,75,75,75,75,75,75,75,75,75,75],"card_choices":[{"not_picked":["Redo","Barrage"],"picked":"Melter","floor":1},{"not_picked":["Rip and Tear","Consume"],"picked":"Gash","floor":5},{"not_picked":["Aggregate","Reprogram"],"picked":"Reboot","floor":6},{"not_picked":["Consume","Steam"],"picked":"Conserve Battery","floor":8},{"not_picked":["Steam","Sweeping Beam"],"picked":"Capacitor","floor":11},{"not_picked":["Redo","Streamline"],"picked":"Leap","floor":13},{"not_picked":["Force Field","Sunder"],"picked":"Self Repair","floor":14},{"not_picked":["Machine Learning","All For One"],"picked":"Seek","floor":16},{"not_picked":["Leap","Gash"],"picked":"Hello World","floor":17},{"not_picked":["Compile Driver","Leap"],"picked":"Reinforced Body","floor":17},{"not_picked":["Aggregate","Cold Snap"],"picked":"FTL","floor":17},{"not_picked":["Go for the Eyes","Compile Driver"],"picked":"Fusion","floor":17},{"not_picked":["Rip and Tear","Compile Driver"],"picked":"Echo Form","floor":18},{"not_picked":["Sweeping Beam","Go for the Eyes"],"picked":"Compile Driver","floor":21}],"player_experience":548536,"relics_obtained":[{"floor":6,"key":"Bag of Marbles"},{"floor":9,"key":"Regal Pillow"},{"floor":14,"key":"Ancient Tea Set"}],"event_choices":[{"cards_removed":["Strike_B"],"damage_healed":0,"gold_gain":0,"player_choice":"Card Removal","damage_taken":0,"max_hp_gain":0,"max_hp_loss":0,"event_name":"The Cleric","floor":2,"gold_loss":50},{"damage_healed":0,"gold_gain":0,"player_choice":"Take Damage","damage_taken":18,"relics_obtained":["Golden Idol"],"max_hp_gain":0,"max_hp_loss":0,"event_name":"Golden Idol","floor":3,"gold_loss":0},{"damage_healed":0,"gold_gain":100,"player_choice":"Pray","damage_taken":0,"max_hp_gain":0,"max_hp_loss":0,"event_name":"Golden Shrine","floor":10,"gold_loss":0},{"damage_healed":0,"gold_gain":0,"player_choice":"Forge","damage_taken":0,"max_hp_gain":0,"max_hp_loss":0,"event_name":"Accursed Blacksmith","floor":20,"gold_loss":0,"cards_upgraded":["Seek"]}],"is_beta":false,"boss_relics":[{"not_picked":["Coffee Dripper","Inserter"],"picked":"Orrery"}],"items_purged_floors":[],"is_endless":false,"potions_floor_spawned":[5,8,13,14,16,21],"killed_by":"Cultist and Chosen","ascension_level":12}