{"gold_per_floor":[111,124,143,161,180,209,209,228,309,309,50,61,61,79,79,153,153,164,164,164,28,44,75,75,105,132,132,147,147,158,185,185,257,257,270,1269,1269,1269,714,714,739,739,792,804,830,830],"floor_reached":46,"playtime":4785,"items_purged":["Strike_R","Strike_R","Strike_R"],"score":1010,"play_id":"cb772e04-8656-47e0-be9f-d34ea95d262d","local_time":"20181202015725","is_ascension_mode":true,"campfire_choices":[{"data":"Flame Barrier","floor":7.0,"key":"SMITH"},{"data":"Sword Boomerang","floor":10.0,"key":"SMITH"},{"data":"Apotheosis","floor":15.0,"key":"SMITH"},{"data":"Evolve","floor":24.0,"key":"SMITH"},{"floor":29.0,"key":"REST"},{"data":"Disarm","floor":32.0,"key":"SMITH"},{"data":"Shrug It Off","floor":40.0,"key":"SMITH"},{"floor":42.0,"key":"REST"}],"neow_cost":"NONE","seed_source_timestamp":48055635661238,"circlet_count":0,"master_deck":["AscendersBane","Strike_R","Defend_R","Defend_R+1","Defend_R","Defend_R","Bash","Impatience","Spot Weakness","Rage+1","Sword Boomerang+1","Flame Barrier+1","Disarm+1","Apotheosis+1","Sword Boomerang","Impervious","Shrug It Off+1","Evolve+1","Ghostly Armor","Reaper","Limit Break","Feed","Shrug It Off","Pummel"],"special_seed":0,"relics":["Burning Blood","War Paint","Sundial","Mark of Pain","Charon\u0027s Ashes","Anchor","Centennial Puzzle","Eternal Feather","Lee\u0027s Waffle","Orichalcum","Vajra","Pen Nib","Shuriken"],"potions_floor_usage":[],"damage_taken":[{"damage":6.0,"enemies":"Cultist","floor":1.0,"turns":4.0},{"damage":1.0,"enemies":"2 Louse","floor":2.0,"turns":3.0},{"damage":8.0,"enemies":"Jaw Worm","floor":3.0,"turns":4.0},{"damage":6.0,"enemies":"Looter","floor":4.0,"turns":4.0},{"damage":17.0,"enemies":"Exordium Thugs","floor":5.0,"turns":6.0},{"damage":31.0,"enemies":"Lagavulin","floor":6.0,"turns":6.0},{"damage":5.0,"enemies":"Large Slime","floor":8.0,"turns":5.0},{"damage":0.0,"enemies":"2 Fungi Beasts","floor":12.0,"turns":2.0},{"damage":9.0,"enemies":"Gremlin Gang","floor":14.0,"turns":3.0},{"damage":8.0,"enemies":"Hexaghost","floor":16.0,"turns":7.0},{"damage":5.0,"enemies":"Shell Parasite","floor":18.0,"turns":6.0},{"damage":0.0,"enemies":"Chosen","floor":22.0,"turns":6.0},{"damage":0.0,"enemies":"Book of Stabbing","floor":23.0,"turns":6.0},{"damage":80.0,"enemies":"Gremlin Leader","floor":25.0,"turns":11.0},{"damage":0.0,"enemies":"Snake Plant","floor":28.0,"turns":4.0},{"damage":5.0,"enemies":"Centurion and Healer","floor":30.0,"turns":10.0},{"damage":35.0,"enemies":"Slavers","floor":31.0,"turns":6.0},{"damage":17.0,"enemies":"Champ","floor":33.0,"turns":10.0},{"damage":0.0,"enemies":"3 Shapes","floor":35.0,"turns":4.0},{"damage":45.0,"enemies":"Reptomancer","floor":41.0,"turns":7.0},{"damage":14.0,"enemies":"Orb Walker","floor":44.0,"turns":4.0},{"damage":49,"enemies":"Giant Head","floor":45,"turns":7},{"damage":45,"enemies":"Writhing Mass","floor":46,"turns":5}],"seed_played":"5909567287848594209","potions_obtained":[{"floor":4.0,"key":"Explosive Potion"},{"floor":8.0,"key":"Energy Potion"},{"floor":12.0,"key":"Weak Potion"},{"floor":16.0,"key":"Swift Potion"},{"floor":22.0,"key":"Fire Potion"},{"floor":28.0,"key":"Block Potion"},{"floor":31.0,"key":"Swift Potion"},{"floor":33.0,"key":"SteroidPotion"}],"is_trial":false,"path_per_floor":["M","M","M","M","M","E","R","M","T","R","$","M","?","M","R","B",null,"M","?","?","$","M","E","R","E","T","?","M","R","M","E","R","B",null,"M","?","?","?","$","R","E","R","T","M","E","M"],"character_chosen":"IRONCLAD","items_purchased":["Apotheosis","Evolve","Pummel","Lee\u0027s Waffle","Orichalcum"],"campfire_rested":2,"item_purchase_floors":[11,21,39,39,39],"current_hp_per_floor":[68,73,71,71,60,35,35,36,36,36,36,42,42,39,39,37,66,67,67,67,67,73,75,75,15,15,15,21,43,56,54,54,50,69,75,75,75,75,82,82,43,79,79,71,28,0],"gold":830,"neow_bonus":"RANDOM_COLORLESS","is_prod":false,"is_daily":false,"chose_seed":false,"campfire_upgraded":6,"win_rate":0,"timestamp":1543712245,"path_taken":["M","M","?","M","?","E","R","M","T","R","$","M","?","M","R","BOSS","M","?","?","$","?","E","R","E","T","?","M","R","M","E","R","BOSS","M","?","?","?","$","R","E","R","T","M","E","?"],"build_version":"2018-11-15","purchased_purges":3,"victory":false,"max_hp_per_floor":[75,75,75,75,75,75,75,75,75,75,75,75,75,75,75,75,75,75,75,75,75,75,75,75,75,75,75,75,75,75,75,75,75,75,75,75,75,75,82,82,82,82,82,82,82,82],"card_choices":[{"not_picked":["Pommel Strike","Infernal Blade","Cleave"],"picked":"SKIP","floor":1.0},{"not_picked":["Headbutt","Clash"],"picked":"Spot Weakness","floor":2.0},{"not_picked":["Dual Wield","True Grit"],"picked":"Rage","floor":3.0},{"not_picked":["True Grit","Cleave"],"picked":"Clash","floor":4.0},{"not_picked":["Offering","Corruption"],"picked":"Sword Boomerang","floor":5.0},{"not_picked":["Shrug It Off","Heavy Blade"],"picked":"Flame Barrier","floor":6.0},{"not_picked":["Bloodletting","Pommel Strike"],"picked":"Disarm","floor":8.0},{"not_picked":["Second Wind","Warcry","Dropkick"],"picked":"SKIP","floor":12.0},{"not_picked":["Rage","Clash"],"picked":"Sword Boomerang","floor":14.0},{"not_picked":["Juggernaut","Barricade"],"picked":"Impervious","floor":16.0},{"not_picked":["Wild Strike","Anger+1"],"picked":"Shrug It Off","floor":18.0},{"not_picked":["True Grit","Body Slam"],"picked":"Ghostly Armor","floor":22.0},{"not_picked":["Thunderclap","Carnage"],"picked":"Reaper","floor":23.0},{"not_picked":["Barricade","Flex","Uppercut"],"picked":"SKIP","floor":25.0},{"not_picked":["Combust","Bloodletting","Wild Strike+1"],"picked":"SKIP","floor":28.0},{"not_picked":["Twin Strike","Warcry","Sever Soul"],"picked":"SKIP","floor":30.0},{"not_picked":["Clothesline","Evolve"],"picked":"Limit Break","floor":31.0},{"not_picked":["Dark Embrace","Barricade"],"picked":"Feed","floor":33.0},{"not_picked":["Anger","Headbutt"],"picked":"Shrug It Off","floor":35.0},{"not_picked":["Searing Blow","Burning Pact","Anger"],"picked":"SKIP","floor":45}],"player_experience":580334,"relics_obtained":[{"floor":6.0,"key":"War Paint"},{"floor":9.0,"key":"Sundial"},{"floor":25.0,"key":"Charon\u0027s Ashes"},{"floor":26.0,"key":"Anchor"},{"floor":31.0,"key":"Centennial Puzzle"},{"floor":41.0,"key":"Vajra"},{"floor":43.0,"key":"Pen Nib"},{"floor":45,"key":"Shuriken"}],"event_choices":[{"damage_healed":0.0,"max_hp_gain":0.0,"max_hp_loss":0.0,"gold_gain":0.0,"event_name":"Scrap Ooze","player_choice":"Fled","floor":13.0,"gold_loss":0.0,"damage_taken":0.0},{"damage_healed":0.0,"max_hp_gain":0.0,"max_hp_loss":0.0,"gold_gain":0.0,"event_name":"Cursed Tome","player_choice":"Ignored","floor":19.0,"gold_loss":0.0,"damage_taken":0.0},{"cards_removed":["Clash"],"damage_healed":0.0,"max_hp_gain":0.0,"max_hp_loss":0.0,"gold_gain":0.0,"event_name":"Back to Basics","player_choice":"Elegance","floor":20.0,"gold_loss":0.0,"damage_taken":0.0},{"cards_removed":["Strike_R"],"damage_healed":0.0,"max_hp_gain":0.0,"max_hp_loss":0.0,"gold_gain":0.0,"event_name":"Bonfire Elementals","player_choice":"Offered Basic","floor":27.0,"gold_loss":0.0,"damage_taken":0.0},{"damage_healed":0.0,"max_hp_gain":0.0,"max_hp_loss":0.0,"gold_gain":999.0,"event_name":"MindBloom","player_choice":"Gold","floor":36.0,"gold_loss":0.0,"damage_taken":0.0,"cards_obtained":["Normality","Normality"]},{"damage_healed":0.0,"max_hp_gain":0.0,"max_hp_loss":0.0,"gold_gain":0.0,"event_name":"Tomb of Lord Red Mask","player_choice":"Ignored","floor":37.0,"gold_loss":0.0,"damage_taken":0.0},{"cards_removed":["Normality","Normality"],"damage_healed":0.0,"max_hp_gain":0.0,"max_hp_loss":0.0,"gold_gain":0.0,"event_name":"Fountain of Cleansing","player_choice":"Removed Curses","floor":38.0,"gold_loss":0.0,"damage_taken":0.0}],"is_beta":false,"boss_relics":[{"not_picked":["Astrolabe","Black Star"],"picked":"Mark of Pain"},{"not_picked":["Pandora\u0027s Box","Calling Bell"],"picked":"Eternal Feather"}],"items_purged_floors":[11,21,39],"is_endless":false,"potions_floor_spawned":[4,8,12,16,22,28,31,33],"killed_by":"Writhing Mass","ascension_level":15}