{"gold_per_floor":[116,116,132,146,157,157,168,195,219,219,238,266,266,293,293,370,370,383,308,5,18,37,37,51,51,51,84,6,6,6,35,35,114,114,125,139,61,79,0,0,0,14,14,14,28,28,28,43,43,43],"floor_reached":50,"playtime":2562,"items_purged":[],"score":878,"play_id":"7686ea31-dafe-49a3-b2bc-b7384bec5552","local_time":"20190209163401","is_ascension_mode":true,"campfire_choices":[{"data":"Zap","floor":6.0,"key":"SMITH"},{"data":"Dualcast","floor":10.0,"key":"SMITH"},{"data":"Redo","floor":13.0,"key":"SMITH"},{"data":"Loop","floor":15.0,"key":"SMITH"},{"data":"Go for the Eyes","floor":23.0,"key":"SMITH"},{"data":"Creative AI","floor":25.0,"key":"SMITH"},{"floor":29.0,"key":"REST"},{"data":"Capacitor","floor":32.0,"key":"SMITH"},{"data":"Defragment","floor":40.0,"key":"SMITH"},{"data":"Defragment","floor":44,"key":"SMITH"},{"floor":46,"key":"DIG"},{"floor":49,"key":"DIG"}],"neow_cost":"NONE","seed_source_timestamp":654602979018977,"circlet_count":0,"master_deck":["AscendersBane","Strike_B","Defend_B","Defend_B","Defend_B+1","Zap+1","Dualcast+1","Conserve Battery","Glacier+1","Redo+1","Buffer","Loop+1","Rip and Tear","Capacitor+1","Sweeping Beam","Reinforced Body","Creative AI+1","Electrodynamics+1","Heatsinks+1","Skim+1","Leap","Go for the Eyes","Conserve Battery","Go for the Eyes+1","Sweeping Beam","Chaos+1","Self Repair","Zap","Swift Strike","Tempest","Meteor Strike","Conserve Battery","FTL","Defragment+1","Defragment+1","Secret Weapon","Leap","Force Field+1","Chaos+1"],"special_seed":0,"relics":["Cracked Core","Regal Pillow","Blood Vial","Anchor","War Paint","Strawberry","Astrolabe","Mummified Hand","Pen Nib","Emotion Chip","PreservedInsect","Eternal Feather","Red Mask","Shovel","Toxic Egg 2","Gremlin Horn"],"potions_floor_usage":[50,50],"damage_taken":[{"damage":0.0,"enemies":"Small Slimes","floor":1.0,"turns":3.0},{"damage":1.0,"enemies":"Cultist","floor":3.0,"turns":4.0},{"damage":3.0,"enemies":"2 Louse","floor":4.0,"turns":2.0},{"damage":18.0,"enemies":"Large Slime","floor":5.0,"turns":6.0},{"damage":0.0,"enemies":"Looter","floor":7.0,"turns":3.0},{"damage":17.0,"enemies":"Lagavulin","floor":8.0,"turns":9.0},{"damage":1.0,"enemies":"Exordium Thugs","floor":11.0,"turns":5.0},{"damage":12.0,"enemies":"3 Sentries","floor":12.0,"turns":7.0},{"damage":12.0,"enemies":"Lagavulin","floor":14.0,"turns":7.0},{"damage":7.0,"enemies":"The Guardian","floor":16.0,"turns":17.0},{"damage":24.0,"enemies":"3 Byrds","floor":18.0,"turns":4.0},{"damage":7.0,"enemies":"2 Thieves","floor":21.0,"turns":3.0},{"damage":9.0,"enemies":"Chosen and Byrds","floor":22.0,"turns":6.0},{"damage":6.0,"enemies":"Snake Plant","floor":24.0,"turns":5.0},{"damage":6.0,"enemies":"Gremlin Leader","floor":27.0,"turns":5.0},{"damage":9.0,"enemies":"Book of Stabbing","floor":31.0,"turns":6.0},{"damage":41.0,"enemies":"Automaton","floor":33.0,"turns":10.0},{"damage":15.0,"enemies":"3 Darklings","floor":35.0,"turns":4.0},{"damage":8.0,"enemies":"Orb Walker","floor":36.0,"turns":6.0},{"damage":0.0,"enemies":"4 Shapes","floor":38.0,"turns":2.0},{"damage":27,"enemies":"3 Darklings","floor":42,"turns":5},{"damage":23,"enemies":"Maw","floor":45,"turns":7},{"damage":0,"enemies":"Writhing Mass","floor":48,"turns":7},{"damage":74,"enemies":"Awakened One","floor":50,"turns":8}],"seed_played":"4935502156800125413","potions_obtained":[{"floor":4.0,"key":"Explosive Potion"},{"floor":5.0,"key":"Fire Potion"},{"floor":16.0,"key":"Swift Potion"},{"floor":18.0,"key":"SmokeBomb"},{"floor":22.0,"key":"Explosive Potion"},{"floor":24.0,"key":"Block Potion"},{"floor":48,"key":"LiquidBronze"}],"is_trial":false,"path_per_floor":["M","?","M","M","M","R","M","E","T","R","M","E","R","E","R","B",null,"M","?","$","M","M","R","M","R","T","E","$","R","?","E","R","B",null,"M","M","$","M","?","R","?","M","T","R","M","R","?","M","R","B"],"character_chosen":"DEFECT","items_purchased":["Mummified Hand","Go for the Eyes","Self Repair","Defragment"],"campfire_rested":1,"item_purchase_floors":[20,20,28,37],"current_hp_per_floor":[64,64,63,60,42,42,42,25,25,25,26,16,16,13,13,8,61,39,39,39,34,27,27,23,23,23,19,19,57,57,57,57,25,65,59,60,60,62,62,78,78,51,51,72,51,72,72,74,74,0],"gold":43,"neow_bonus":"RANDOM_COMMON_RELIC","is_prod":false,"is_daily":false,"chose_seed":false,"campfire_upgraded":9,"win_rate":0,"timestamp":1549751641,"path_taken":["M","?","M","M","M","R","M","E","T","R","M","E","R","E","R","BOSS","M","?","$","M","M","R","M","R","T","E","$","R","?","E","R","BOSS","M","M","$","M","?","R","?","M","T","R","M","R","?","M","R","BOSS"],"build_version":"2019-01-23","purchased_purges":0,"victory":false,"max_hp_per_floor":[71,71,71,71,71,71,71,71,71,71,71,71,71,78,78,78,78,78,78,78,78,78,78,78,78,78,78,78,78,78,78,78,78,78,78,78,78,78,78,78,78,78,78,78,78,78,74,74,74,74],"card_choices":[{"not_picked":["Capacitor","Lockon"],"picked":"Conserve Battery","floor":1.0},{"not_picked":["Gash","Consume"],"picked":"Glacier","floor":3.0},{"not_picked":["Force Field","Undo"],"picked":"Redo","floor":4.0},{"not_picked":["Hello World","Heatsinks"],"picked":"Buffer","floor":5.0},{"not_picked":["Redo","Steam"],"picked":"Loop","floor":7.0},{"not_picked":["Biased Cognition","Turbo"],"picked":"Rip and Tear","floor":8.0},{"not_picked":["Static Discharge","Leap"],"picked":"Capacitor","floor":11.0},{"not_picked":["Hyperbeam","Force Field"],"picked":"Sweeping Beam","floor":12.0},{"not_picked":["Rebound","Streamline"],"picked":"Reinforced Body","floor":14.0},{"not_picked":["All For One","Hyperbeam"],"picked":"Creative AI","floor":16.0},{"not_picked":["Darkness","FTL"],"picked":"Leap","floor":18.0},{"not_picked":["Reprogram","Rebound"],"picked":"Conserve Battery","floor":21.0},{"not_picked":["Barrage","Rebound"],"picked":"Go for the Eyes","floor":22.0},{"not_picked":["Aggregate","Undo"],"picked":"Sweeping Beam","floor":24.0},{"not_picked":["Melter","Compile Driver"],"picked":"Chaos+1","floor":27.0},{"not_picked":["Reprogram","Sweeping Beam"],"picked":"Tempest","floor":31.0},{"not_picked":["Reboot","Hyperbeam"],"picked":"Meteor Strike","floor":33.0},{"not_picked":["Skim","Rebound"],"picked":"Conserve Battery","floor":35.0},{"not_picked":["Sweeping Beam+1","Rebound"],"picked":"FTL","floor":36.0},{"not_picked":["Capacitor+1","Redo"],"picked":"Defragment","floor":38.0},{"not_picked":["HandOfGreed","Secret Technique"],"picked":"Secret Weapon","floor":41.0},{"not_picked":["Rebound+1","Sweeping Beam"],"picked":"Leap","floor":42},{"not_picked":["Sweeping Beam","Capacitor+1"],"picked":"Force Field+1","floor":45},{"not_picked":["Sunder+1","Barrage"],"picked":"Chaos+1","floor":48}],"player_experience":174942,"relics_obtained":[{"floor":8.0,"key":"Blood Vial"},{"floor":9.0,"key":"Anchor"},{"floor":12.0,"key":"War Paint"},{"floor":14.0,"key":"Strawberry"},{"floor":26.0,"key":"Pen Nib"},{"floor":27.0,"key":"Emotion Chip"},{"floor":31.0,"key":"PreservedInsect"},{"floor":43,"key":"Shovel"},{"floor":46,"key":"Toxic Egg 2"},{"floor":49,"key":"Gremlin Horn"}],"event_choices":[{"damage_healed":0.0,"max_hp_gain":0.0,"max_hp_loss":0.0,"gold_gain":0.0,"event_name":"Liars Game","player_choice":"Ignored","floor":2.0,"gold_loss":0.0,"damage_taken":0.0},{"cards_removed":["Defend_B"],"damage_healed":0.0,"max_hp_gain":0.0,"max_hp_loss":0.0,"gold_gain":0.0,"event_name":"Beggar","player_choice":"Gave Gold","floor":19.0,"gold_loss":75.0,"damage_taken":0.0},{"damage_healed":0.0,"max_hp_gain":0.0,"max_hp_loss":0.0,"gold_gain":0.0,"event_name":"Match and Keep!","player_choice":"2 cards matched","floor":30.0,"gold_loss":0.0,"damage_taken":0.0,"cards_obtained":["Zap","Swift Strike"]},{"damage_healed":0.0,"max_hp_gain":0.0,"max_hp_loss":0.0,"gold_gain":0.0,"event_name":"Tomb of Lord Red Mask","player_choice":"Paid","floor":39.0,"gold_loss":79.0,"damage_taken":0.0,"relics_obtained":["Red Mask"]},{"damage_healed":0.0,"max_hp_gain":0.0,"max_hp_loss":0.0,"gold_gain":0.0,"event_name":"SensoryStone","player_choice":"Memory 1","floor":41.0,"gold_loss":0.0,"damage_taken":0.0},{"damage_healed":0,"gold_gain":0,"player_choice":"Max HP","damage_taken":0,"max_hp_gain":0,"max_hp_loss":4,"event_name":"Winding Halls","floor":47,"gold_loss":0}],"is_beta":false,"boss_relics":[{"not_picked":["FrozenCore","Lizard Tail"],"picked":"Astrolabe"},{"not_picked":["White Beast Statue","Velvet Choker"],"picked":"Eternal Feather"}],"items_purged_floors":[],"is_endless":false,"potions_floor_spawned":[4,5,7,11,16,18,22,24,31,48],"killed_by":"Awakened One","ascension_level":14}