{"gold_per_floor":[112,124,135,155,165,190,190,42,42,42,42,42,42,72,72,172,172,192,158,173,272,292,292,324,324,376,376,376,404,421,431,431,535,535,549,549,142,142,142,142,161,0,46,46,71,71,86,99,99,99],"floor_reached":50,"playtime":3934,"items_purged":[],"score":804,"play_id":"4b907b65-f0fa-4eca-98ab-84ab09076995","local_time":"20180825224817","is_ascension_mode":true,"campfire_choices":[{"data":"Perfected Strike","floor":7,"key":"SMITH"},{"data":"Uppercut","floor":10,"key":"SMITH"},{"data":"Flame Barrier","floor":12,"key":"SMITH"},{"data":"Regret","floor":15,"key":"PURGE"},{"data":"Shrug It Off","floor":23,"key":"SMITH"},{"data":"Perfected Strike","floor":25,"key":"SMITH"},{"data":"Pommel Strike","floor":28,"key":"SMITH"},{"data":"Ghostly Armor","floor":32,"key":"SMITH"},{"data":"Defend_R+1","floor":40,"key":"PURGE"},{"data":"Injury","floor":49,"key":"PURGE"}],"neow_cost":"","seed_source_timestamp":34963113664336,"circlet_count":0,"master_deck":["Strike_R+1","Strike_R+1","Strike_R+1","Strike_R+1","Strike_R+1","Defend_R+1","Defend_R+1","Defend_R+1","Bash+1","Uppercut+1","Shrug It Off+1","Perfected Strike+1","Ghostly Armor+1","Flame Barrier+1","Pommel Strike+1","Impervious+1","Shrug It Off+1","Twin Strike+1","Spot Weakness+1","Iron Wave+1","Perfected Strike+1","Feed+1","Mayhem+1","Dropkick+1","Warcry+1","Ghostly Armor+1","Wild Strike+1","Madness","Madness","Iron Wave+1"],"relics":["Burning Blood","Mango","Charon\u0027s Ashes","Torii","Champion Belt","Peace Pipe","Coffee Dripper","Question Card","Vajra","Dream Catcher","Cursed Key","Mark of the Bloom","Red Mask","Regal Pillow","Gremlin Horn"],"potions_floor_usage":[6,16,24,29,33,48,50],"damage_taken":[{"damage":3,"enemies":"2 Louse","floor":1,"turns":3},{"damage":0,"enemies":"Cultist","floor":2,"turns":3},{"damage":0,"enemies":"Small Slimes","floor":3,"turns":3},{"damage":7,"enemies":"Blue Slaver","floor":4,"turns":6},{"damage":14,"enemies":"Large Slime","floor":5,"turns":10},{"damage":28,"enemies":"Gremlin Nob","floor":6,"turns":4},{"damage":4,"enemies":"3 Sentries","floor":14,"turns":7},{"damage":13,"enemies":"Hexaghost","floor":16,"turns":8},{"damage":12,"enemies":"Shell Parasite","floor":18,"turns":6},{"damage":21,"enemies":"2 Thieves","floor":19,"turns":5},{"damage":2,"enemies":"Cultist and Chosen","floor":20,"turns":5},{"damage":15,"enemies":"Sentry and Sphere","floor":22,"turns":6},{"damage":28,"enemies":"Slavers","floor":24,"turns":6},{"damage":42,"enemies":"Gremlin Leader","floor":29,"turns":9},{"damage":1,"enemies":"Snake Plant","floor":30,"turns":4},{"damage":2,"enemies":"Cultist and Chosen","floor":31,"turns":5},{"damage":14,"enemies":"Automaton","floor":33,"turns":12},{"damage":10,"enemies":"Flame Bruiser 1 Orb","floor":35,"turns":4},{"damage":0,"enemies":"3 Darklings","floor":41,"turns":4},{"damage":7,"enemies":"Giant Head","floor":45,"turns":7},{"damage":1,"enemies":"4 Shapes","floor":47,"turns":3},{"damage":13,"enemies":"Sphere and 2 Shapes","floor":48,"turns":4},{"damage":50,"enemies":"Donu and Deca","floor":50,"turns":8}],"seed_played":"8475339627604071418","potions_obtained":[{"floor":2,"key":"Poison Potion"},{"floor":14,"key":"Energy Potion"},{"floor":19,"key":"BloodPotion"},{"floor":22,"key":"PowerPotion"},{"floor":29,"key":"SteroidPotion"},{"floor":33,"key":"FearPotion"},{"floor":35,"key":"FairyPotion"},{"floor":47,"key":"SteroidPotion"}],"is_trial":false,"path_per_floor":["M","M","M","M","M","E","R","?","T","R","?","R","?","E","R","B",null,"M","M","M","?","M","R","E","R","T","?","R","E","M","M","R","B",null,"M","?","$","?","?","R","M","?","T","$","E","?","M","M","R"],"character_chosen":"IRONCLAD","items_purchased":["Mayhem","Dropkick","Warcry","Ghostly Armor"],"campfire_rested":0,"item_purchase_floors":[37,37,37,37],"current_hp_per_floor":[75,80,80,79,71,63,63,63,63,63,63,63,94,94,94,87,92,86,71,75,75,66,66,44,44,44,44,44,17,22,26,26,18,75,74,74,74,74,74,74,74,74,74,74,67,55,54,41,41,0],"gold":99,"neow_bonus":"","is_prod":false,"is_daily":false,"chose_seed":false,"campfire_upgraded":7,"win_rate":0,"timestamp":1535230097,"path_taken":["M","M","M","M","M","E","R","?","T","R","?","R","?","E","R","BOSS","M","M","M","?","M","R","E","R","T","?","R","E","?","M","R","BOSS","M","?","$","?","?","R","?","?","T","?","E","?","?","?","R","BOSS"],"build_version":"2018-08-23v2","purchased_purges":0,"victory":false,"max_hp_per_floor":[80,80,80,80,80,94,94,94,94,94,94,94,94,94,94,94,94,94,94,94,94,94,94,94,94,94,94,94,94,94,94,94,94,94,97,97,97,97,97,97,97,97,97,97,97,97,97,101,101,101],"card_choices":[{"not_picked":["Havoc","Heavy Blade"],"picked":"Uppercut","floor":1},{"not_picked":["Armaments","Thunderclap"],"picked":"Shrug It Off","floor":2},{"not_picked":["Flame Barrier","Iron Wave"],"picked":"Perfected Strike","floor":3},{"not_picked":["Heavy Blade","Flex"],"picked":"Ghostly Armor","floor":4},{"not_picked":["Sword Boomerang","Ghostly Armor"],"picked":"Flame Barrier","floor":5},{"not_picked":["Headbutt","True Grit","Second Wind"],"picked":"SKIP","floor":6},{"not_picked":["Fire Breathing","Impervious"],"picked":"Pommel Strike","floor":14},{"not_picked":["Demon Form","Feed"],"picked":"Impervious","floor":16},{"not_picked":["Metallicize","Anger"],"picked":"Shrug It Off+1","floor":18},{"not_picked":["Pummel","Sword Boomerang"],"picked":"Twin Strike","floor":19},{"not_picked":["Combust+1","Iron Wave"],"picked":"Spot Weakness+1","floor":20},{"not_picked":["Carnage","Whirlwind"],"picked":"Iron Wave+1","floor":22},{"not_picked":["Reckless Charge+1","Heavy Blade"],"picked":"Perfected Strike","floor":24},{"not_picked":["Havoc+1","Entrench","Rampage"],"picked":"Inflame","floor":29},{"not_picked":["True Grit","Thunderclap","Sword Boomerang","Heavy Blade+1"],"picked":"SKIP","floor":30},{"not_picked":["Shockwave","Inflame","Second Wind","Clothesline+1"],"picked":"SKIP","floor":31},{"not_picked":["Offering","Demon Form","Barricade"],"picked":"Feed","floor":33},{"not_picked":["Spot Weakness","Headbutt+1","Shrug It Off","Cleave"],"picked":"SKIP","floor":35},{"not_picked":["Cleave+1","Infernal Blade+1","Shockwave","Searing Blow+1"],"picked":"SKIP","floor":41},{"not_picked":["Seeing Red","Metallicize","Bludgeon"],"picked":"Wild Strike+1","floor":45},{"not_picked":["Intimidate","Iron Wave","Blood for Blood","Armaments"],"picked":"SKIP","floor":47},{"not_picked":["Headbutt","Inflame+1","Evolve"],"picked":"Iron Wave+1","floor":48}],"player_experience":337766,"relics_obtained":[{"floor":6,"key":"Mango"},{"floor":9,"key":"Torii"},{"floor":14,"key":"Peace Pipe"},{"floor":24,"key":"Question Card"},{"floor":26,"key":"Vajra"},{"floor":29,"key":"Dream Catcher"},{"floor":43,"key":"Regal Pillow"},{"floor":45,"key":"Gremlin Horn"}],"event_choices":[{"event_name":"WeMeetAgain","player_choice":"Gold","floor":8,"damage_taken":0},{"event_name":"Big Fish","player_choice":"Box","floor":11,"damage_taken":0},{"event_name":"Wheel of Change","player_choice":"Full Heal","floor":13,"damage_taken":0},{"event_name":"Nest","player_choice":"Stole From Cult","floor":21,"damage_taken":0},{"event_name":"Back to Basics","player_choice":"Simplicity","floor":27,"damage_taken":0},{"event_name":"Falling","player_choice":"Removed Power","floor":36,"damage_taken":0},{"event_name":"MindBloom","player_choice":"Upgrade","floor":38,"damage_taken":0},{"event_name":"SensoryStone","player_choice":"Memory 1","floor":39,"damage_taken":0},{"event_name":"Tomb of Lord Red Mask","player_choice":"Paid","floor":42,"damage_taken":0},{"event_name":"Winding Halls","player_choice":"Embrace Madness","floor":46,"damage_taken":0}],"is_beta":false,"boss_relics":[{"not_picked":["White Beast Statue","Tiny House"],"picked":"Coffee Dripper"},{"not_picked":["Mark of Pain","Black Star"],"picked":"Cursed Key"}],"items_purged_floors":[],"is_endless":false,"potions_floor_spawned":[2,14,19,22,29,33,35,47],"killed_by":"Donu and Deca","ascension_level":9}