{"gold_per_floor":[109,74,94,112,16,16,31,31,31,45,45,64,75,75,75,176,176,142,159,173,173,173,173,16,16],"floor_reached":25,"playtime":1018,"items_purged":[],"score":215,"play_id":"e245d04b-be8c-4c4e-af7f-a0f05a1355e9","local_time":"20190126162225","is_ascension_mode":true,"campfire_choices":[{"data":"Zap","floor":6,"key":"SMITH"},{"floor":11,"key":"REST"},{"floor":15,"key":"REST"},{"floor":23,"key":"REST"}],"neow_cost":"PERCENT_DAMAGE","seed_source_timestamp":848901388230448,"circlet_count":0,"master_deck":["Strike_B","Strike_B","Strike_B","Defend_B","Defend_B","Defend_B","Defend_B","Zap+1","Dualcast","Panacea+1","Sadistic Nature","Glacier","Blizzard","Seek","Darkness","Sweeping Beam","Steam","Go for the Eyes","FTL","Reinforced Body","Thunder Strike","Hello World+1","Chill+1","Conserve Battery","Blind","Static Discharge"],"relics":["Cracked Core","Torii","Black Star","MutagenicStrength"],"potions_floor_usage":[16,18,18,20,25],"damage_taken":[{"damage":2,"enemies":"Jaw Worm","floor":1,"turns":4},{"damage":14,"enemies":"2 Louse","floor":3,"turns":3},{"damage":1,"enemies":"Cultist","floor":4,"turns":4},{"damage":11,"enemies":"Exordium Wildlife","floor":7,"turns":4},{"damage":22,"enemies":"Gremlin Gang","floor":10,"turns":4},{"damage":6,"enemies":"Looter","floor":12,"turns":3},{"damage":1,"enemies":"2 Fungi Beasts","floor":13,"turns":5},{"damage":9,"enemies":"Hexaghost","floor":16,"turns":13},{"damage":13,"enemies":"2 Thieves","floor":18,"turns":5},{"damage":8,"enemies":"Spheric Guardian","floor":19,"turns":7},{"damage":31,"enemies":"Snake Plant","floor":20,"turns":6},{"damage":45,"enemies":"Gremlin Leader","floor":25,"turns":4}],"seed_played":"3991927661269292810","potions_obtained":[{"floor":4,"key":"Strength Potion"},{"floor":12,"key":"GamblersBrew"},{"floor":16,"key":"Dexterity Potion"},{"floor":19,"key":"SkillPotion"},{"floor":20,"key":"AttackPotion"}],"is_trial":false,"path_per_floor":["M","?","M","M","$","R","M","?","T","M","R","M","M","?","R","B",null,"M","M","M","?","?","R","$","E"],"character_chosen":"DEFECT","items_purchased":["Darkness","Sweeping Beam","Blind","Static Discharge"],"campfire_rested":3,"item_purchase_floors":[5,5,24,24],"current_hp_per_floor":[52,70,56,55,55,55,44,44,44,22,44,38,37,37,59,50,75,62,54,23,23,23,45,45,0],"gold":16,"neow_bonus":"RANDOM_COLORLESS_2","is_prod":false,"is_daily":false,"chose_seed":false,"campfire_upgraded":1,"win_rate":0,"timestamp":1548537745,"path_taken":["M","?","M","M","$","R","M","?","T","M","R","?","M","?","R","BOSS","M","?","M","?","?","R","$","E"],"build_version":"2019-01-23","purchased_purges":0,"victory":false,"max_hp_per_floor":[75,75,75,75,75,75,75,75,75,75,75,75,75,75,75,75,75,75,75,75,75,75,75,75,75],"card_choices":[{"not_picked":["Barrage","Leap"],"picked":"Glacier","floor":1},{"not_picked":["Beam Cell","Heatsinks"],"picked":"Blizzard","floor":3},{"not_picked":["Leap","Barrage"],"picked":"Seek","floor":4},{"not_picked":["Gash","Blizzard"],"picked":"Steam","floor":7},{"not_picked":["Rebound","Gash"],"picked":"Go for the Eyes","floor":10},{"not_picked":["Hologram","Barrage"],"picked":"FTL","floor":12},{"not_picked":["Sweeping Beam","Gash"],"picked":"Reinforced Body","floor":13},{"not_picked":["Amplify","Biased Cognition"],"picked":"Thunder Strike","floor":16},{"not_picked":["Streamline+1","Reprogram"],"picked":"Hello World+1","floor":18},{"not_picked":["Steam+1","Reinforced Body+1"],"picked":"Chill+1","floor":19},{"not_picked":["Steam","Redo"],"picked":"Conserve Battery","floor":20}],"player_experience":237129,"relics_obtained":[{"floor":9,"key":"Torii"}],"event_choices":[{"damage_healed":18,"gold_gain":0,"player_choice":"Healed","damage_taken":0,"max_hp_gain":0,"max_hp_loss":0,"event_name":"The Cleric","floor":2,"gold_loss":35},{"cards_removed":["Strike_B"],"damage_healed":0,"gold_gain":0,"player_choice":"Card Removal","damage_taken":0,"max_hp_gain":0,"max_hp_loss":0,"event_name":"Wheel of Change","floor":8,"gold_loss":0},{"damage_healed":0,"gold_gain":0,"player_choice":"Forge","damage_taken":0,"max_hp_gain":0,"max_hp_loss":0,"event_name":"Accursed Blacksmith","floor":14,"gold_loss":0,"cards_upgraded":["Panacea"]},{"damage_healed":0,"gold_gain":0,"player_choice":"Ignored","damage_taken":0,"max_hp_gain":0,"max_hp_loss":0,"event_name":"Beggar","floor":21,"gold_loss":0},{"damage_healed":0,"gold_gain":0,"player_choice":"Inject Mutagens","damage_taken":0,"relics_obtained":["MutagenicStrength"],"max_hp_gain":0,"max_hp_loss":0,"event_name":"Drug Dealer","floor":22,"gold_loss":0}],"is_beta":false,"boss_relics":[{"not_picked":["Empty Cage","Tiny House"],"picked":"Black Star"}],"items_purged_floors":[],"is_endless":false,"potions_floor_spawned":[4,12,16,19,20],"killed_by":"Gremlin Leader","ascension_level":2}