{"gold_per_floor":[117,117,117,131,131,131,160,62,62,62,62,95,95,130,130,201,201,219,208,208],"floor_reached":20,"playtime":542,"items_purged":["Strike_B"],"score":398,"play_id":"78637c4c-b5f8-4e3c-a814-6298c037e31e","local_time":"20190216014722","is_ascension_mode":true,"campfire_choices":[{"data":"Dualcast","floor":6.0,"key":"SMITH"},{"data":"Sunder","floor":13.0,"key":"SMITH"},{"data":"Go for the Eyes","floor":15.0,"key":"SMITH"}],"neow_cost":"NONE","seed_source_timestamp":279169234007486,"circlet_count":0,"master_deck":["AscendersBane","Strike_B","Defend_B","Defend_B","Defend_B","Defend_B","Zap","Dualcast+1","Ball Lightning","BootSequence","Go for the Eyes+1","Leap","Regret","Sunder+1","Cold Snap","Fission","Fusion","Ball Lightning"],"special_seed":0,"relics":["Cracked Core","NeowsBlessing","Boot","StoneCalendar","Darkstone Periapt","Mango","Meat on the Bone","Lantern"],"potions_floor_usage":[16,20],"damage_taken":[{"damage":0.0,"enemies":"Jaw Worm","floor":1.0,"turns":1.0},{"damage":0.0,"enemies":"Cultist","floor":4.0,"turns":1.0},{"damage":0.0,"enemies":"Lagavulin","floor":7.0,"turns":1.0},{"damage":21.0,"enemies":"3 Sentries","floor":12.0,"turns":7.0},{"damage":21.0,"enemies":"Lagavulin","floor":14.0,"turns":6.0},{"damage":42,"enemies":"Hexaghost","floor":16,"turns":8},{"damage":13,"enemies":"Spheric Guardian","floor":18,"turns":3},{"damage":28,"enemies":"2 Thieves","floor":19,"turns":4},{"damage":43,"enemies":"Colosseum Slavers","floor":20,"turns":6},{"damage":19,"enemies":"Colosseum Nobs","floor":20,"turns":2}],"seed_played":"-4703252779803876471","potions_obtained":[{"floor":1.0,"key":"PowerPotion"},{"floor":5.0,"key":"Explosive Potion"},{"floor":14.0,"key":"Dexterity Potion"}],"is_trial":false,"path_per_floor":["M","?","?","M","?","R","E","$","T","?","?","E","R","E","R","B",null,"M","M","?"],"character_chosen":"DEFECT","items_purchased":["Leap"],"campfire_rested":0,"item_purchase_floors":[8],"current_hp_per_floor":[64,59,59,59,59,59,59,59,59,59,79,58,58,49,49,19,73,60,44,0],"gold":208,"neow_bonus":"THREE_ENEMY_KILL","is_prod":false,"is_daily":false,"chose_seed":false,"campfire_upgraded":3,"win_rate":0,"timestamp":1550303242,"path_taken":["M","?","?","?","?","R","E","?","T","?","?","E","R","E","R","BOSS","M","M","?"],"build_version":"2019-01-23","purchased_purges":1,"victory":false,"max_hp_per_floor":[71,71,71,71,71,71,71,71,71,71,91,91,91,91,91,91,91,91,91,91],"card_choices":[{"not_picked":["Genetic Algorithm","Rebound"],"picked":"Ball Lightning","floor":1.0},{"not_picked":["Consume","Rebound"],"picked":"BootSequence","floor":4.0},{"not_picked":["Core Surge","Barrage"],"picked":"Go for the Eyes","floor":7.0},{"not_picked":["Streamline","Multi-Cast"],"picked":"Sunder","floor":12.0},{"not_picked":["Sweeping Beam","Genetic Algorithm"],"picked":"Cold Snap","floor":14.0},{"not_picked":["Hyperbeam","Thunder Strike"],"picked":"Fission","floor":16},{"not_picked":["Aggregate","Compile Driver"],"picked":"Fusion","floor":18},{"not_picked":["Static Discharge","Sunder+1"],"picked":"Ball Lightning","floor":19}],"player_experience":187266,"relics_obtained":[{"floor":7.0,"key":"StoneCalendar"},{"floor":9.0,"key":"Darkstone Periapt"},{"floor":12.0,"key":"Meat on the Bone"},{"floor":14.0,"key":"Lantern"}],"event_choices":[{"damage_healed":0.0,"max_hp_gain":0.0,"max_hp_loss":0.0,"gold_gain":0.0,"event_name":"Scrap Ooze","player_choice":"Success","floor":2.0,"gold_loss":0.0,"damage_taken":5.0,"relics_obtained":["Boot"]},{"cards_removed":["Strike_B"],"damage_healed":0.0,"max_hp_gain":0.0,"max_hp_loss":0.0,"gold_gain":0.0,"event_name":"Bonfire Elementals","player_choice":"Offered Basic","floor":3.0,"gold_loss":0.0,"damage_taken":0.0},{"damage_healed":0.0,"max_hp_gain":0.0,"max_hp_loss":0.0,"gold_gain":0.0,"event_name":"Lab","player_choice":"Got Potions","floor":5.0,"gold_loss":0.0,"damage_taken":0.0},{"cards_removed":["Strike_B"],"damage_healed":0.0,"max_hp_gain":0.0,"max_hp_loss":0.0,"gold_gain":0.0,"event_name":"Living Wall","player_choice":"Forget","floor":10.0,"gold_loss":0.0,"damage_taken":0.0},{"damage_healed":0.0,"max_hp_gain":0.0,"max_hp_loss":0.0,"gold_gain":0.0,"event_name":"Big Fish","player_choice":"Box","floor":11.0,"gold_loss":0.0,"damage_taken":0.0,"relics_obtained":["Mango"],"cards_obtained":["Regret"]},{"damage_healed":0,"gold_gain":0,"player_choice":"Fight","damage_taken":0,"max_hp_gain":0,"max_hp_loss":0,"event_name":"Colosseum","floor":20,"gold_loss":0},{"damage_healed":0,"gold_gain":0,"player_choice":"Fought Nobs","damage_taken":0,"max_hp_gain":0,"max_hp_loss":0,"event_name":"Colosseum","floor":20,"gold_loss":0}],"is_beta":false,"boss_relics":[{"not_picked":["Fusion Hammer","Ectoplasm","Velvet Choker"]}],"items_purged_floors":[8],"is_endless":false,"potions_floor_spawned":[1,14,20],"killed_by":"Colosseum Nobs","ascension_level":15}