{"gold_per_floor":[213,229,24,24,24,24,37,37,61,50,66,79,97,111,111,209,209,220,234,252,266,113,113,113],"floor_reached":24,"playtime":1177,"items_purged":["Strike_B"],"score":243,"play_id":"50d3d472-95a7-4cea-b33b-d147dd4d50a3","local_time":"20190118115811","is_ascension_mode":true,"campfire_choices":[{"data":"Zap","floor":6.0,"key":"SMITH"},{"data":"Redo","floor":8.0,"key":"SMITH"},{"data":"Go for the Eyes","floor":15.0,"key":"SMITH"},{"floor":23,"key":"REST"}],"neow_cost":"NONE","seed_source_timestamp":64386284681488,"circlet_count":0,"master_deck":["Strike_B","Strike_B","Strike_B","Defend_B","Defend_B","Defend_B","Defend_B","Zap+1","Dualcast","Redo+1","Redo","Cold Snap","Go for the Eyes+1","Coolheaded","Stack","Machine Learning","Doom and Gloom","Blizzard","Conserve Battery+1","Conserve Battery","Consume"],"special_seed":0,"relics":["FrozenCore","Runic Capacitor","Omamori"],"potions_floor_usage":[19,20,24],"damage_taken":[{"damage":8.0,"enemies":"Small Slimes","floor":1.0,"turns":4.0},{"damage":0.0,"enemies":"Cultist","floor":2.0,"turns":2.0},{"damage":2.0,"enemies":"Jaw Worm","floor":7.0,"turns":2.0},{"damage":19.0,"enemies":"Exordium Thugs","floor":10.0,"turns":4.0},{"damage":1.0,"enemies":"2 Fungi Beasts","floor":11.0,"turns":3.0},{"damage":0.0,"enemies":"3 Louse","floor":12.0,"turns":3.0},{"damage":0.0,"enemies":"Looter","floor":13.0,"turns":2.0},{"damage":0.0,"enemies":"Large Slime","floor":14.0,"turns":5.0},{"damage":10.0,"enemies":"The Guardian","floor":16.0,"turns":15.0},{"damage":7.0,"enemies":"Shell Parasite","floor":18.0,"turns":11.0},{"damage":2,"enemies":"3 Byrds","floor":19,"turns":4},{"damage":39,"enemies":"Snecko","floor":20,"turns":9},{"damage":12,"enemies":"Centurion and Healer","floor":21,"turns":9},{"damage":28,"enemies":"Cultist and Chosen","floor":24,"turns":8}],"seed_played":"4181675964742847231","potions_obtained":[{"floor":7.0,"key":"Strength Potion"},{"floor":10.0,"key":"Dexterity Potion"},{"floor":11.0,"key":"LiquidBronze"},{"floor":14.0,"key":"Fire Potion"},{"floor":20,"key":"Block Potion"}],"is_trial":false,"path_per_floor":["M","M","$","?","?","R","M","R","T","M","M","M","M","M","R","B",null,"M","M","M","M","$","R","M"],"character_chosen":"DEFECT","items_purchased":["Runic Capacitor","Consume"],"campfire_rested":1,"item_purchase_floors":[3,22],"current_hp_per_floor":[67,67,67,67,67,67,65,65,65,46,45,45,45,45,45,35,65,58,56,17,5,5,27,0],"gold":113,"neow_bonus":"HUNDRED_GOLD","is_prod":false,"is_daily":false,"chose_seed":false,"campfire_upgraded":3,"win_rate":0,"timestamp":1547834291,"path_taken":["M","M","$","?","?","R","?","R","T","M","M","M","M","M","R","BOSS","M","?","M","M","$","R","M"],"build_version":"2019-01-17v2","purchased_purges":1,"victory":false,"max_hp_per_floor":[75,75,75,75,75,75,75,75,75,75,75,75,75,75,75,75,75,75,75,75,75,75,75,75],"card_choices":[{"not_picked":["Barrage","Static Discharge"],"picked":"Redo","floor":1.0},{"not_picked":["Aggregate","Fusion"],"picked":"Leap","floor":2.0},{"not_picked":["Steam","Auto Shields"],"picked":"Redo","floor":7.0},{"not_picked":["Redo","Static Discharge","Rebound"],"picked":"SKIP","floor":10.0},{"not_picked":["Blizzard","Chaos"],"picked":"Cold Snap","floor":11.0},{"not_picked":["Redo","Sweeping Beam"],"picked":"Go for the Eyes","floor":12.0},{"not_picked":["Streamline","FTL"],"picked":"Coolheaded","floor":13.0},{"not_picked":["Undo","Streamline"],"picked":"Stack","floor":14.0},{"not_picked":["Core Surge","Reboot"],"picked":"Machine Learning","floor":16.0},{"not_picked":["BootSequence","Compile Driver"],"picked":"Doom and Gloom","floor":18.0},{"not_picked":["Chill","Recycle"],"picked":"Blizzard","floor":19},{"not_picked":["Steam","Ball Lightning"],"picked":"Conserve Battery+1","floor":20},{"not_picked":["Go for the Eyes","Stack"],"picked":"Conserve Battery","floor":21}],"player_experience":112867,"relics_obtained":[],"event_choices":[{"damage_healed":0.0,"max_hp_gain":0.0,"max_hp_loss":0.0,"gold_gain":0.0,"event_name":"The Cleric","player_choice":"Leave","floor":4.0,"gold_loss":0.0,"damage_taken":0.0},{"cards_removed":["Leap"],"damage_healed":0.0,"max_hp_gain":0.0,"max_hp_loss":0.0,"gold_gain":0.0,"event_name":"WeMeetAgain","player_choice":"Gave Card","floor":5.0,"gold_loss":0.0,"damage_taken":0.0,"relics_obtained":["Omamori"]}],"is_beta":false,"boss_relics":[{"not_picked":["Coffee Dripper","Velvet Choker"],"picked":"FrozenCore"}],"items_purged_floors":[22],"is_endless":false,"potions_floor_spawned":[7,10,11,14,20],"killed_by":"Cultist and Chosen","ascension_level":5}