{"gold_per_floor":[119,137,212,212,130,157,167,179,179,210,228,259,259],"floor_reached":13,"playtime":1073,"items_purged":[],"score":110,"play_id":"f4810d6e-baeb-43e8-ac7b-7058d208e6a8","local_time":"20190210165548","is_ascension_mode":true,"campfire_choices":[],"neow_cost":"NONE","seed_source_timestamp":234339262195923,"circlet_count":0,"master_deck":["Strike_B","Strike_B","Strike_B","Strike_B","Defend_B","Defend_B","Defend_B","Defend_B","Zap","Dualcast","Fission","Defragment","White Noise","Loop","Loop","Go for the Eyes","Rainbow","Hologram","Ball Lightning"],"relics":["Cracked Core","Calipers","Dodecahedron","Letter Opener","Pear","Girya"],"potions_floor_usage":[6,10,13],"damage_taken":[{"damage":0,"enemies":"2 Louse","floor":1,"turns":3},{"damage":2,"enemies":"Small Slimes","floor":2,"turns":4},{"damage":18,"enemies":"3 Sentries","floor":6,"turns":9},{"damage":1,"enemies":"Cultist","floor":7,"turns":3},{"damage":11,"enemies":"Blue Slaver","floor":8,"turns":4},{"damage":4,"enemies":"Lagavulin","floor":10,"turns":6},{"damage":14,"enemies":"2 Fungi Beasts","floor":11,"turns":4},{"damage":20,"enemies":"Gremlin Nob","floor":12,"turns":4},{"damage":22,"enemies":"The Mushroom Lair","floor":13,"turns":3}],"seed_played":"-3853517687399366041","potions_obtained":[{"floor":1,"key":"Regen Potion"},{"floor":2,"key":"FearPotion"},{"floor":7,"key":"EssenceOfSteel"},{"floor":8,"key":"Swift Potion"},{"floor":11,"key":"Fire Potion"}],"is_trial":false,"path_per_floor":["?","?","M","?"],"character_chosen":"DEFECT","items_purchased":["Loop"],"campfire_rested":0,"item_purchase_floors":[5],"current_hp_per_floor":[75,73,62,62,62,58,57,46,46,52,38,18,0],"gold":259,"neow_bonus":"ONE_RANDOM_RARE_CARD","is_prod":false,"is_daily":false,"chose_seed":false,"campfire_upgraded":0,"win_rate":0,"timestamp":1549814148,"path_taken":["M","M","?","?","$","E","M","?","T","E","M","E","?"],"build_version":"2019-01-23","purchased_purges":0,"victory":false,"max_hp_per_floor":[75,75,75,75,75,75,75,75,75,85,85,85,85],"card_choices":[{"not_picked":["Steam","Capacitor"],"picked":"Defragment","floor":1},{"not_picked":["Ball Lightning","Steam"],"picked":"White Noise","floor":2},{"not_picked":["White Noise","Coolheaded"],"picked":"Loop","floor":6},{"not_picked":["Streamline","Darkness","Redo"],"picked":"SKIP","floor":7},{"not_picked":["Skim","Hologram"],"picked":"Go for the Eyes","floor":8},{"not_picked":["Cold Snap","Turbo"],"picked":"Rainbow","floor":10},{"not_picked":["Streamline","Leap"],"picked":"Hologram","floor":11},{"not_picked":["Tempest","Leap"],"picked":"Ball Lightning","floor":12}],"player_experience":71211,"relics_obtained":[{"floor":4,"key":"Calipers"},{"floor":6,"key":"Dodecahedron"},{"floor":9,"key":"Letter Opener"},{"floor":10,"key":"Pear"},{"floor":12,"key":"Girya"}],"event_choices":[{"damage_healed":0,"gold_gain":75,"player_choice":"Gather Gold","damage_taken":11,"max_hp_gain":0,"max_hp_loss":0,"event_name":"World of Goop","floor":3,"gold_loss":0},{"damage_healed":0,"gold_gain":0,"player_choice":"Relic","damage_taken":0,"max_hp_gain":0,"max_hp_loss":0,"event_name":"Wheel of Change","floor":4,"gold_loss":0},{"damage_healed":0,"gold_gain":0,"player_choice":"Fought Mushrooms","damage_taken":0,"max_hp_gain":0,"max_hp_loss":0,"event_name":"Mushrooms","floor":13,"gold_loss":0}],"is_beta":false,"boss_relics":[],"items_purged_floors":[],"is_endless":false,"potions_floor_spawned":[1,2,7,8,11],"killed_by":"The Mushroom Lair","ascension_level":1}