{"gold_per_floor":[119,119,119,119,119,119,159,177,232,232,232,246,246,271,271,400,400,419,419,419,439,439],"floor_reached":22,"playtime":914,"items_purged":[],"score":250,"play_id":"75b75767-6070-4927-a95f-e634efe92811","local_time":"20190204064347","is_ascension_mode":true,"campfire_choices":[{"floor":6,"key":"REST"},{"floor":10,"key":"REST"},{"floor":15,"key":"REST"}],"neow_cost":"NONE","seed_source_timestamp":1591920314500987,"circlet_count":0,"master_deck":["Strike_B","Strike_B","Strike_B","Strike_B","Defend_B","Defend_B","Defend_B","Defend_B","Zap+1","Dualcast","Undo+1","Sweeping Beam+1","Hologram","Loop","Leap","Core Surge","Conserve Battery+1","Chaos"],"relics":["Cracked Core","Golden Idol","Gambling Chip","Centennial Puzzle","Tiny Chest","Sozu"],"potions_floor_usage":[0,7,7,13,13],"damage_taken":[{"damage":6,"enemies":"2 Louse","floor":1,"turns":3},{"damage":30,"enemies":"3 Sentries","floor":7,"turns":9},{"damage":13,"enemies":"Small Slimes","floor":8,"turns":4},{"damage":0,"enemies":"Jaw Worm","floor":12,"turns":4},{"damage":0,"enemies":"Gremlin Nob","floor":13,"turns":1},{"damage":0,"enemies":"Blue Slaver","floor":14,"turns":5},{"damage":6,"enemies":"The Guardian","floor":16,"turns":14},{"damage":2,"enemies":"Chosen","floor":18,"turns":5},{"damage":45,"enemies":"Colosseum Slavers","floor":19,"turns":6},{"damage":4,"enemies":"Shell Parasite","floor":21,"turns":6},{"damage":21,"enemies":"Cultist and Chosen","floor":22,"turns":4}],"seed_played":"477928651392616463","potions_obtained":[{"floor":0,"key":"SmokeBomb"},{"floor":0,"key":"Block Potion"},{"floor":0,"key":"Fruit Juice"},{"floor":1,"key":"Swift Potion"},{"floor":12,"key":"GamblersBrew"},{"floor":14,"key":"Ancient Potion"}],"is_trial":false,"path_per_floor":["M","?","$","?","?","R","E","M","T","R","?","M","E","M","R","B",null,"M","?","?","M","M"],"character_chosen":"DEFECT","items_purchased":[],"campfire_rested":3,"item_purchase_floors":[],"current_hp_per_floor":[67,47,47,35,35,59,29,16,16,40,24,24,24,24,48,42,71,69,24,24,20,0],"gold":439,"neow_bonus":"THREE_SMALL_POTIONS","is_prod":false,"is_daily":false,"chose_seed":false,"campfire_upgraded":0,"win_rate":0,"timestamp":1549280627,"path_taken":["M","?","$","?","?","R","E","M","T","R","?","M","E","?","R","BOSS","M","?","?","M","?"],"build_version":"2019-01-23","purchased_purges":0,"victory":false,"max_hp_per_floor":[80,80,80,80,80,80,80,80,80,80,80,80,80,80,80,80,80,80,80,80,80,80],"card_choices":[{"not_picked":["Hello World","Storm"],"picked":"Undo","floor":1},{"not_picked":["Lockon","Redo"],"picked":"Sweeping Beam","floor":7},{"not_picked":["Leap","Rebound"],"picked":"Hologram","floor":8},{"not_picked":["Fusion","Gash"],"picked":"Loop","floor":12},{"not_picked":["Scrape","Compile Driver"],"picked":"Leap","floor":14},{"not_picked":["Hyperbeam","Fission"],"picked":"Core Surge","floor":16},{"not_picked":["Sunder","BootSequence"],"picked":"Conserve Battery+1","floor":18},{"not_picked":["Turbo","Barrage"],"picked":"Chaos","floor":21}],"player_experience":356365,"relics_obtained":[{"floor":7,"key":"Centennial Puzzle"},{"floor":9,"key":"Tiny Chest"}],"event_choices":[{"damage_healed":0,"gold_gain":0,"player_choice":"Take Damage","damage_taken":20,"relics_obtained":["Golden Idol"],"max_hp_gain":0,"max_hp_loss":0,"event_name":"Golden Idol","floor":2,"gold_loss":0},{"damage_healed":0,"gold_gain":0,"player_choice":"Success","damage_taken":12,"relics_obtained":["Gambling Chip"],"max_hp_gain":0,"max_hp_loss":0,"event_name":"Scrap Ooze","floor":4,"gold_loss":0},{"damage_healed":0,"gold_gain":0,"player_choice":"Ignored","damage_taken":0,"max_hp_gain":0,"max_hp_loss":0,"event_name":"Golden Wing","floor":5,"gold_loss":0},{"damage_healed":0,"gold_gain":0,"player_choice":"Entered Light","damage_taken":16,"max_hp_gain":0,"max_hp_loss":0,"event_name":"Shining Light","floor":11,"gold_loss":0,"cards_upgraded":["Sweeping Beam","Undo"]},{"damage_healed":0,"gold_gain":0,"player_choice":"Fight","damage_taken":0,"max_hp_gain":0,"max_hp_loss":0,"event_name":"Colosseum","floor":19,"gold_loss":0},{"damage_healed":0,"gold_gain":0,"player_choice":"Fled From Nobs","damage_taken":0,"max_hp_gain":0,"max_hp_loss":0,"event_name":"Colosseum","floor":19,"gold_loss":0},{"damage_healed":0,"gold_gain":0,"player_choice":"Upgraded","damage_taken":0,"max_hp_gain":0,"max_hp_loss":0,"event_name":"Upgrade Shrine","floor":20,"gold_loss":0,"cards_upgraded":["Zap"]}],"is_beta":false,"boss_relics":[{"not_picked":["Runic Pyramid","Astrolabe"],"picked":"Sozu"}],"items_purged_floors":[],"is_endless":false,"potions_floor_spawned":[1,12,14,19],"killed_by":"Cultist and Chosen","ascension_level":6}