{"gold_per_floor":[118,118,118,118,142,142,177,198,222,222,262,131,152,191,191,289,289,303,303,203,203,216,255,269,269,269,289,328,203,203,6,6,102,102,123,123,123,182,182,213,213,10,10,26,40,75,75,88,88,88],"floor_reached":51,"playtime":3829,"items_purged":["Strike_B","Shame","Defend_B"],"score":1578,"play_id":"62496cb8-ef61-49c4-a742-679bf2e6a999","local_time":"20190212211249","is_ascension_mode":true,"campfire_choices":[{"floor":6.0,"key":"REST"},{"floor":10.0,"key":"REST"},{"floor":15.0,"key":"REST"},{"data":"Hologram","floor":25.0,"key":"SMITH"},{"data":"Fusion","floor":30.0,"key":"SMITH"},{"data":"Buffer","floor":32.0,"key":"SMITH"},{"data":"Panache","floor":41,"key":"SMITH"},{"data":"Capacitor","floor":47,"key":"SMITH"},{"data":"White Noise","floor":49,"key":"SMITH"}],"neow_cost":"NONE","seed_source_timestamp":85562302567578,"circlet_count":0,"master_deck":["AscendersBane","Defend_B","Defend_B","Defend_B","Zap","Dualcast","White Noise+1","Electrodynamics","Coolheaded","Cold Snap","Chill","Hologram+1","Cold Snap","Cold Snap","Buffer+1","Ball Lightning+1","Coolheaded","Glacier","FTL","Ball Lightning","Apotheosis+1","Reboot+1","Hologram+1","Panache+1","Go for the Eyes","Consume+1","Capacitor+1","Hologram+1"],"special_seed":0,"relics":["Black Star","Golden Idol","Bag of Preparation","Ancient Tea Set","Anchor","Regal Pillow","Bottled Lightning","Dodecahedron","Bird Faced Urn","Sozu","Happy Flower","Letter Opener","Mercury Hourglass","Dead Branch","Toxic Egg 2","Gambling Chip","Runic Pyramid","Girya","Centennial Puzzle","Gremlin Horn","Lantern","Dream Catcher","PreservedInsect","Kunai"],"potions_floor_usage":[50],"damage_taken":[{"damage":0.0,"enemies":"Small Slimes","floor":1.0,"turns":4.0},{"damage":3.0,"enemies":"2 Louse","floor":5.0,"turns":2.0},{"damage":20.0,"enemies":"Lagavulin","floor":7.0,"turns":9.0},{"damage":2.0,"enemies":"Cultist","floor":8.0,"turns":4.0},{"damage":3.0,"enemies":"3 Sentries","floor":11.0,"turns":5.0},{"damage":16.0,"enemies":"Exordium Thugs","floor":13.0,"turns":5.0},{"damage":29.0,"enemies":"Gremlin Nob","floor":14.0,"turns":5.0},{"damage":41.0,"enemies":"Slime Boss","floor":16.0,"turns":17.0},{"damage":6.0,"enemies":"Shell Parasite","floor":18.0,"turns":8.0},{"damage":9.0,"enemies":"2 Thieves","floor":22.0,"turns":4.0},{"damage":27.0,"enemies":"Gremlin Leader","floor":23.0,"turns":7.0},{"damage":3.0,"enemies":"Snecko","floor":24.0,"turns":4.0},{"damage":0.0,"enemies":"Cultist and Chosen","floor":27.0,"turns":4.0},{"damage":13.0,"enemies":"Slavers","floor":28.0,"turns":5.0},{"damage":0.0,"enemies":"Champ","floor":33.0,"turns":12.0},{"damage":0.0,"enemies":"3 Darklings","floor":35.0,"turns":3.0},{"damage":26.0,"enemies":"2 Orb Walkers","floor":38.0,"turns":5.0},{"damage":0,"enemies":"Nemesis","floor":40,"turns":7},{"damage":0,"enemies":"Orb Walker","floor":44,"turns":2},{"damage":0,"enemies":"3 Darklings","floor":45,"turns":1},{"damage":0,"enemies":"Reptomancer","floor":46,"turns":4},{"damage":0,"enemies":"Maw","floor":48,"turns":4},{"damage":58,"enemies":"Time Eater","floor":50,"turns":14}],"seed_played":"9119603500618174093","potions_obtained":[{"floor":1.0,"key":"Block Potion"},{"floor":8.0,"key":"LiquidBronze"},{"floor":16.0,"key":"Ancient Potion"}],"is_trial":false,"path_per_floor":["M","?","?","?","M","R","E","M","T","R","E","$","M","E","R","B",null,"M","?","$","?","M","E","M","R","T","M","E","$","R","$","R","B",null,"M","?","?","?","?","E","R","$","T","M","M","E","R","M","R","B",null],"character_chosen":"DEFECT","items_purchased":["Cold Snap","Apotheosis+1","Capacitor","Lantern"],"campfire_rested":3,"item_purchase_floors":[12,31,42,42],"current_hp_per_floor":[64,57,33,33,30,51,31,29,29,50,47,47,31,2,38,3,54,56,56,56,56,55,34,39,39,39,55,50,50,50,50,50,71,71,71,71,71,48,81,81,81,81,81,81,81,81,81,81,81,33],"gold":88,"neow_bonus":"BOSS_RELIC","is_prod":false,"is_daily":false,"chose_seed":false,"campfire_upgraded":6,"win_rate":0,"timestamp":1549966369,"path_taken":["M","?","?","?","M","R","E","M","T","R","E","$","?","E","R","BOSS","M","?","$","?","M","E","M","R","T","?","E","?","R","$","R","BOSS","M","?","?","?","?","E","R","$","T","M","M","E","R","?","R","BOSS"],"build_version":"2019-01-23","purchased_purges":3,"victory":true,"max_hp_per_floor":[71,71,71,71,71,71,71,71,71,71,71,71,71,71,71,71,71,71,71,71,71,71,71,71,71,71,71,71,71,71,71,71,71,71,71,71,71,71,81,81,81,81,81,81,81,81,81,81,81,81],"card_choices":[{"not_picked":["Chaos","Rip and Tear"],"picked":"White Noise","floor":1.0},{"not_picked":["Steam","Sunder"],"picked":"Coolheaded","floor":5.0},{"not_picked":["Rainbow","Go for the Eyes"],"picked":"Cold Snap","floor":7.0},{"not_picked":["Hologram","Thunder Strike"],"picked":"Chill","floor":8.0},{"not_picked":["Redo","Beam Cell"],"picked":"Hologram","floor":11.0},{"not_picked":["Darkness","Conserve Battery"],"picked":"Cold Snap","floor":13.0},{"not_picked":["Rebound","Tempest"],"picked":"Buffer","floor":14.0},{"not_picked":["Rainbow","Core Surge"],"picked":"Amplify","floor":16.0},{"not_picked":["Steam","Leap"],"picked":"Ball Lightning+1","floor":18.0},{"not_picked":["Stack","Darkness","Skim"],"picked":"SKIP","floor":22.0},{"not_picked":["Hello World","Darkness"],"picked":"Coolheaded","floor":23.0},{"not_picked":["Rebound","Coolheaded+1"],"picked":"Glacier","floor":24.0},{"not_picked":["Beam Cell+1","Conserve Battery"],"picked":"FTL","floor":27.0},{"not_picked":["Cold Snap","BootSequence"],"picked":"Ball Lightning","floor":28.0},{"not_picked":["Buffer","Amplify+1"],"picked":"Reboot+1","floor":33.0},{"not_picked":["Fusion+1","Cold Snap"],"picked":"Hologram+1","floor":35.0},{"not_picked":["Master of Strategy+1","The Bomb+1"],"picked":"Panache","floor":37.0},{"not_picked":["Redo+1","Auto Shields+1"],"picked":"Go for the Eyes","floor":38},{"not_picked":["Undo+1","Aggregate+1"],"picked":"Consume+1","floor":40},{"not_picked":["Static Discharge","Melter","Doom and Gloom+1"],"picked":"SKIP","floor":44},{"not_picked":["Barrage","Undo+1"],"picked":"Hologram+1","floor":45},{"not_picked":["Steam+1","Stack+1","Sunder"],"picked":"SKIP","floor":46},{"not_picked":["Blizzard","Compile Driver+1","Beam Cell"],"picked":"SKIP","floor":48}],"player_experience":337763,"relics_obtained":[{"floor":7.0,"key":"Bag of Preparation"},{"floor":7.0,"key":"Ancient Tea Set"},{"floor":9.0,"key":"Anchor"},{"floor":11.0,"key":"Regal Pillow"},{"floor":11.0,"key":"Bottled Lightning"},{"floor":14.0,"key":"Dodecahedron"},{"floor":14.0,"key":"Bird Faced Urn"},{"floor":23.0,"key":"Letter Opener"},{"floor":23.0,"key":"Mercury Hourglass"},{"floor":26.0,"key":"Dead Branch"},{"floor":28.0,"key":"Toxic Egg 2"},{"floor":28.0,"key":"Gambling Chip"},{"floor":38,"key":"Girya"},{"floor":40,"key":"Centennial Puzzle"},{"floor":40,"key":"Gremlin Horn"},{"floor":43,"key":"Dream Catcher"},{"floor":46,"key":"PreservedInsect"},{"floor":46,"key":"Kunai"}],"event_choices":[{"cards_removed":["Strike_B"],"damage_healed":0.0,"max_hp_gain":0.0,"max_hp_loss":0.0,"gold_gain":0.0,"event_name":"Golden Wing","player_choice":"Card Removal","floor":2.0,"gold_loss":0.0,"damage_taken":7.0},{"damage_healed":0.0,"max_hp_gain":0.0,"max_hp_loss":0.0,"gold_gain":0.0,"event_name":"Golden Idol","player_choice":"Take Damage","floor":3.0,"gold_loss":0.0,"damage_taken":24.0,"relics_obtained":["Golden Idol"]},{"damage_healed":0.0,"max_hp_gain":0.0,"max_hp_loss":0.0,"gold_gain":0.0,"cards_transformed":["Strike_B"],"event_name":"Transmorgrifier","player_choice":"Transformed","floor":4.0,"gold_loss":0.0,"damage_taken":0.0,"cards_obtained":["Electrodynamics"]},{"damage_healed":0.0,"max_hp_gain":0.0,"max_hp_loss":0.0,"gold_gain":0.0,"event_name":"Addict","player_choice":"Stole Relic","floor":19.0,"gold_loss":0.0,"damage_taken":0.0,"relics_obtained":["Happy Flower"],"cards_obtained":["Shame"]},{"damage_healed":0.0,"max_hp_gain":0.0,"max_hp_loss":0.0,"gold_gain":0.0,"cards_transformed":["Strike_B"],"event_name":"Transmorgrifier","player_choice":"Transformed","floor":21.0,"gold_loss":0.0,"damage_taken":0.0,"cards_obtained":["Fusion"]},{"cards_removed":["Fusion"],"damage_healed":0.0,"max_hp_gain":0.0,"max_hp_loss":0.0,"gold_gain":0.0,"event_name":"Falling","player_choice":"Removed Skill","floor":36.0,"gold_loss":0.0,"damage_taken":0.0},{"damage_healed":0.0,"max_hp_gain":0.0,"max_hp_loss":0.0,"gold_gain":0.0,"event_name":"SensoryStone","player_choice":"Memory 1","floor":37.0,"gold_loss":0.0,"damage_taken":0.0},{"damage_healed":0.0,"max_hp_gain":0.0,"max_hp_loss":0.0,"gold_gain":0.0,"event_name":"Mysterious Sphere","player_choice":"Fight","floor":38.0,"gold_loss":0.0,"damage_taken":0.0},{"cards_removed":["Amplify"],"damage_healed":23,"gold_gain":0,"player_choice":"Offered Rare","damage_taken":0,"max_hp_gain":10,"max_hp_loss":0,"event_name":"Bonfire Elementals","floor":39,"gold_loss":0}],"is_beta":false,"boss_relics":[{"not_picked":["Busted Crown","Cursed Key"],"picked":"Sozu"},{"not_picked":["Nuclear Battery","Eternal Feather"],"picked":"Runic Pyramid"}],"items_purged_floors":[12,20,29],"is_endless":false,"potions_floor_spawned":[1,8,16,22,27,28,33,44,46,48],"ascension_level":19}