{"gold_per_floor":[109,109,125,125,50,85,85,85,85,95,108,283,283,268],"floor_reached":14,"playtime":218,"items_purged":["Strike_B"],"score":88,"play_id":"d3ead499-dbb6-476d-bc9a-dc3664cead7f","local_time":"20190223173647","is_ascension_mode":false,"campfire_choices":[{"floor":8,"key":"REST"}],"neow_cost":"PERCENT_DAMAGE","seed_source_timestamp":257071126739787,"circlet_count":0,"master_deck":["Strike_B","Strike_B","Strike_B+1","Defend_B","Defend_B","Defend_B","Defend_B","Zap+1","Dualcast","Creative AI","Ball Lightning","Capacitor","Decay","Genetic Algorithm"],"relics":["Cracked Core","Torii","Happy Flower","Matryoshka"],"potions_floor_usage":[],"damage_taken":[{"damage":0,"enemies":"2 Louse","floor":1,"turns":1},{"damage":1,"enemies":"Small Slimes","floor":3,"turns":2},{"damage":19,"enemies":"Lagavulin","floor":6,"turns":7},{"damage":1,"enemies":"Cultist","floor":10,"turns":3},{"damage":20,"enemies":"3 Louse","floor":11,"turns":3},{"damage":10,"enemies":"Looter","floor":14,"turns":1}],"seed_played":"8872499632281086495","potions_obtained":[{"floor":10,"key":"Regen Potion"},{"floor":11,"key":"Ancient Potion"}],"is_trial":false,"path_per_floor":["M","?","M","?","$","E","?","R","T","M","M","?","?","M"],"character_chosen":"DEFECT","items_purchased":[],"campfire_rested":1,"item_purchase_floors":[],"current_hp_per_floor":[54,51,50,35,35,16,16,38,38,37,17,17,10,0],"gold":268,"neow_bonus":"THREE_RARE_CARDS","is_prod":false,"is_daily":false,"chose_seed":false,"campfire_upgraded":0,"win_rate":0,"timestamp":1550903807,"path_taken":["M","?","M","?","$","E","?","R","T","M","?","?","?","M"],"build_version":"2019-01-23","purchased_purges":1,"victory":false,"max_hp_per_floor":[75,75,75,75,75,75,75,75,75,75,75,75,75,75],"card_choices":[{"not_picked":["Amplify","Machine Learning"],"picked":"Creative AI","floor":0},{"not_picked":["Rebound","Stack"],"picked":"Ball Lightning","floor":1},{"not_picked":["Redo","Gash","Streamline"],"picked":"SKIP","floor":3},{"not_picked":["Barrage","Meteor Strike"],"picked":"Capacitor","floor":6},{"not_picked":["Steam","Redo"],"picked":"Genetic Algorithm","floor":10},{"not_picked":["Steam Power","Compile Driver","Sunder"],"picked":"SKIP","floor":11}],"player_experience":390141,"relics_obtained":[{"floor":6,"key":"Happy Flower"},{"floor":9,"key":"Matryoshka"}],"event_choices":[{"damage_healed":0,"gold_gain":0,"player_choice":"Success","damage_taken":3,"relics_obtained":["Torii"],"max_hp_gain":0,"max_hp_loss":0,"event_name":"Scrap Ooze","floor":2,"gold_loss":0},{"damage_healed":0,"gold_gain":0,"player_choice":"Entered Light","damage_taken":15,"max_hp_gain":0,"max_hp_loss":0,"event_name":"Shining Light","floor":4,"gold_loss":0,"cards_upgraded":["Strike_B","Zap"]},{"damage_healed":0,"gold_gain":0,"player_choice":"Cursed","damage_taken":0,"max_hp_gain":0,"max_hp_loss":0,"event_name":"Wheel of Change","floor":7,"gold_loss":0,"cards_obtained":["Decay"]},{"damage_healed":0,"gold_gain":175,"player_choice":"AGREE","damage_taken":0,"max_hp_gain":0,"max_hp_loss":0,"event_name":"Liars Game","floor":12,"gold_loss":0,"cards_obtained":["Doubt"]},{"cards_removed":["Doubt"],"damage_healed":0,"gold_gain":0,"player_choice":"Card Removal","damage_taken":7,"max_hp_gain":0,"max_hp_loss":0,"event_name":"Golden Wing","floor":13,"gold_loss":0}],"is_beta":false,"boss_relics":[],"items_purged_floors":[5],"is_endless":false,"potions_floor_spawned":[10,11],"killed_by":"Looter","ascension_level":0}