{"gold_per_floor":[109,109,35,53,70,70,23,23,23,57,73,85,85,160,160,256,256,230,230,230,26,26],"floor_reached":22,"playtime":1099,"items_purged":["Pain"],"score":228,"play_id":"eec8e3ea-fc0b-4ecc-9699-4e8972e1fc1c","local_time":"20190203020813","is_ascension_mode":true,"campfire_choices":[{"data":"Zap","floor":6,"key":"SMITH"},{"data":"Glacier","floor":8,"key":"SMITH"},{"data":"Loop","floor":13,"key":"SMITH"},{"floor":15,"key":"REST"}],"neow_cost":"NONE","seed_source_timestamp":1488795974946968,"circlet_count":0,"master_deck":["Strike_B","Strike_B","Strike_B","Defend_B","Defend_B","Defend_B","Defend_B","Zap+1","Dualcast","Steam","Glacier+1","Consume","Beam Cell","Go for the Eyes","Conserve Battery","Conserve Battery","Loop+1","Creative AI","BootSequence","Defragment","Cold Snap+1"],"relics":["Cracked Core","CultistMask","Molten Egg 2","Bottled Lightning","Black Star","WarpedTongs"],"potions_floor_usage":[12,16],"damage_taken":[{"damage":0,"enemies":"Cultist","floor":1,"turns":3},{"damage":0,"enemies":"Jaw Worm","floor":4,"turns":4},{"damage":0,"enemies":"Small Slimes","floor":5,"turns":4},{"damage":27,"enemies":"3 Sentries","floor":10,"turns":12},{"damage":0,"enemies":"Exordium Thugs","floor":11,"turns":6},{"damage":0,"enemies":"Lots of Slimes","floor":12,"turns":5},{"damage":28,"enemies":"The Guardian","floor":16,"turns":16},{"damage":38,"enemies":"2 Thieves","floor":18,"turns":5},{"damage":18,"enemies":"Colosseum Slavers","floor":19,"turns":9},{"damage":14,"enemies":"3 Byrds","floor":22,"turns":3}],"seed_played":"-6978503567854002107","potions_obtained":[{"floor":10,"key":"Energy Potion"},{"floor":12,"key":"SkillPotion"},{"floor":18,"key":"Ancient Potion"}],"is_trial":false,"path_per_floor":["M","?","$","M","M","R","$","R","T","E","M","M","R","?","R","B",null,"M","?","?","$","M"],"character_chosen":"DEFECT","items_purchased":["Glacier","Go for the Eyes","Defragment","Cold Snap+1"],"campfire_rested":1,"item_purchase_floors":[3,7,21,21],"current_hp_per_floor":[75,75,75,75,75,75,75,75,75,48,48,48,48,37,59,31,64,26,8,8,8,0],"gold":26,"neow_bonus":"REMOVE_CARD","is_prod":false,"is_daily":false,"chose_seed":false,"campfire_upgraded":3,"win_rate":0,"timestamp":1549177693,"path_taken":["M","?","$","M","?","R","$","R","T","E","M","M","R","?","R","BOSS","M","?","?","$","?"],"build_version":"2019-01-23","purchased_purges":1,"victory":false,"max_hp_per_floor":[75,75,75,75,75,75,75,75,75,75,75,75,75,75,75,75,75,75,75,75,75,75],"card_choices":[{"not_picked":["Blizzard","Leap"],"picked":"Steam","floor":1},{"not_picked":["Fusion","Steam"],"picked":"Consume","floor":4},{"not_picked":["Turbo","Storm"],"picked":"Beam Cell","floor":5},{"not_picked":["BootSequence","Beam Cell+1"],"picked":"Conserve Battery","floor":10},{"not_picked":["Darkness","Steam"],"picked":"Conserve Battery","floor":11},{"not_picked":["Redo","Coolheaded"],"picked":"Loop","floor":12},{"not_picked":["Meteor Strike+1","Reboot"],"picked":"Creative AI","floor":16},{"not_picked":["Turbo","Compile Driver+1"],"picked":"BootSequence","floor":18}],"player_experience":332807,"relics_obtained":[{"floor":9,"key":"Molten Egg 2"},{"floor":10,"key":"Bottled Lightning"}],"event_choices":[{"damage_healed":0,"gold_gain":0,"player_choice":"Trade","damage_taken":0,"relics_obtained":["CultistMask"],"max_hp_gain":0,"max_hp_loss":0,"event_name":"FaceTrader","floor":2,"gold_loss":0},{"damage_healed":0,"gold_gain":75,"player_choice":"Gather Gold","damage_taken":11,"max_hp_gain":0,"max_hp_loss":0,"event_name":"World of Goop","floor":14,"gold_loss":0},{"damage_healed":0,"gold_gain":0,"player_choice":"Fight","damage_taken":0,"max_hp_gain":0,"max_hp_loss":0,"event_name":"Colosseum","floor":19,"gold_loss":0},{"damage_healed":0,"gold_gain":0,"player_choice":"Fled From Nobs","damage_taken":0,"max_hp_gain":0,"max_hp_loss":0,"event_name":"Colosseum","floor":19,"gold_loss":0},{"damage_healed":0,"gold_gain":0,"player_choice":"Rummage","damage_taken":0,"relics_obtained":["WarpedTongs"],"max_hp_gain":0,"max_hp_loss":0,"event_name":"Accursed Blacksmith","floor":20,"gold_loss":0,"cards_obtained":["Pain"]}],"is_beta":false,"boss_relics":[{"not_picked":["Lizard Tail","Runic Dome"],"picked":"Black Star"}],"items_purged_floors":[21],"is_endless":false,"potions_floor_spawned":[10,12,18],"killed_by":"3 Byrds","ascension_level":5}