{"gold_per_floor":[110,129,304,318,335,335,345,361,407,421,149,149,149,184,184,282,282,293,307,38,38,38,38,69,80,80,105,122,132,164,184,184,289,289,301,318,109,122,139,169,169,195,195,224,241,275,292,308,308,308],"floor_reached":51,"playtime":4089,"items_purged":["Doubt","Strike_G"],"score":1176,"play_id":"a691594a-cf03-42d1-899c-0a3bdcbfd010","local_time":"20180727150939","is_ascension_mode":true,"campfire_choices":[{"data":"Catalyst","floor":6,"key":"SMITH"},{"floor":12,"key":"REST"},{"data":"Crippling Poison","floor":15,"key":"SMITH"},{"floor":23,"key":"REST"},{"floor":32,"key":"REST"},{"floor":41,"key":"REST"},{"floor":49,"key":"REST"}],"neow_cost":"NONE","seed_source_timestamp":11086514668778,"circlet_count":0,"master_deck":["Defend_G+1","Defend_G+1","Defend_G+1","Defend_G+1","Defend_G+1","Strike_G+1","Strike_G+1","Strike_G+1","Strike_G+1","Survivor","Neutralize","Dash","Catalyst+1","Dodge and Roll","Dash","Crippling Poison+1","Catalyst+1","Corpse Explosion","Noxious Fumes","Finesse","Deadly Poison","Dodge and Roll+1","Adrenaline","Crippling Poison+1","Deadly Poison+1","Catalyst+1"],"relics":["Ring of the Snake","Boot","Potion Belt","DollysMirror","Ginger","Fusion Hammer","Gremlin Horn","Regal Pillow","Oddly Smooth Stone","Lantern","Velvet Choker","TwistedFunnel","Bag of Preparation","Ninja Scroll","Juzu Bracelet","Torii","Question Card"],"potions_floor_usage":[14,14,19,29,29,33,33,46,46,50,50,50,50,50],"damage_taken":[{"damage":5,"enemies":"Jaw Worm","floor":1,"turns":6},{"damage":0,"enemies":"Small Slimes","floor":2,"turns":2},{"damage":0,"enemies":"2 Louse","floor":4,"turns":3},{"damage":13,"enemies":"Lots of Slimes","floor":5,"turns":5},{"damage":6,"enemies":"Blue Slaver","floor":7,"turns":7},{"damage":1,"enemies":"Exordium Wildlife","floor":8,"turns":5},{"damage":14,"enemies":"Lots of Slimes","floor":10,"turns":5},{"damage":6,"enemies":"3 Sentries","floor":14,"turns":9},{"damage":14,"enemies":"Hexaghost","floor":16,"turns":6},{"damage":7,"enemies":"Shell Parasite","floor":18,"turns":5},{"damage":0,"enemies":"2 Thieves","floor":19,"turns":3},{"damage":10,"enemies":"Book of Stabbing","floor":24,"turns":4},{"damage":0,"enemies":"Centurion and Healer","floor":25,"turns":3},{"damage":12,"enemies":"Gremlin Leader","floor":27,"turns":6},{"damage":0,"enemies":"Cultist and Chosen","floor":28,"turns":4},{"damage":0,"enemies":"Snecko","floor":29,"turns":4},{"damage":23,"enemies":"Slavers","floor":30,"turns":3},{"damage":0,"enemies":"Snake Plant","floor":31,"turns":2},{"damage":13,"enemies":"Automaton","floor":33,"turns":10},{"damage":7,"enemies":"Orb Walker","floor":35,"turns":4},{"damage":4,"enemies":"Flame Bruiser 1 Orb","floor":36,"turns":4},{"damage":0,"enemies":"Maw","floor":38,"turns":3},{"damage":0,"enemies":"Transient","floor":39,"turns":5},{"damage":0,"enemies":"Nemesis","floor":40,"turns":3},{"damage":0,"enemies":"2 Orb Walkers","floor":42,"turns":3},{"damage":0,"enemies":"Giant Head","floor":44,"turns":4},{"damage":2,"enemies":"3 Darklings","floor":45,"turns":3},{"damage":14,"enemies":"Nemesis","floor":46,"turns":5},{"damage":0,"enemies":"4 Shapes","floor":47,"turns":2},{"damage":1,"enemies":"Maw","floor":48,"turns":5},{"damage":53,"enemies":"Awakened One","floor":50,"turns":12}],"seed_played":"2005715632871978092","potions_obtained":[{"floor":1,"key":"EssenceOfSteel"},{"floor":2,"key":"SneckoOil"},{"floor":8,"key":"SteroidPotion"},{"floor":10,"key":"Block Potion"},{"floor":16,"key":"SteroidPotion"},{"floor":19,"key":"SteroidPotion"},{"floor":25,"key":"FearPotion"},{"floor":29,"key":"SneckoOil"},{"floor":30,"key":"Block Potion"},{"floor":31,"key":"Dexterity Potion"},{"floor":35,"key":"Poison Potion"},{"floor":39,"key":"FearPotion"},{"floor":44,"key":"Fire Potion"},{"floor":45,"key":"SpeedPotion"},{"floor":46,"key":"Ancient Potion"},{"floor":47,"key":"Strength Potion"}],"is_trial":false,"path_per_floor":["M","M","?","M","M","R","M","M","T","M","$","R","?","E","R","B",null,"M","M","$","?","?","R","E","M","T","E","M","M","E","M","R","B",null,"M","M","$","M","M","E","R","E","T","E","M","E","M","M","R","B"],"character_chosen":"THE_SILENT","items_purchased":["DollysMirror","Noxious Fumes","Finesse","TwistedFunnel"],"campfire_rested":5,"item_purchase_floors":[11,20,20,37],"current_hp_per_floor":[58,58,58,58,45,45,39,38,38,24,24,45,68,62,62,48,65,58,58,58,58,58,70,60,60,60,48,48,48,25,25,61,48,65,58,54,54,54,54,54,70,70,70,70,68,54,54,53,70,17],"gold":308,"neow_bonus":"RANDOM_COMMON_RELIC","is_prod":false,"is_daily":false,"chose_seed":false,"campfire_upgraded":2,"win_rate":0,"timestamp":1532696979,"path_taken":["M","M","?","M","M","R","M","?","T","?","$","R","?","E","R","BOSS","M","?","$","?","?","R","E","M","T","E","M","?","E","?","R","BOSS","M","?","?","M","M","E","R","E","T","E","M","E","M","M","R","BOSS"],"build_version":"2018-07-26","purchased_purges":2,"victory":true,"max_hp_per_floor":[70,70,70,70,70,70,70,70,70,70,70,70,70,70,70,70,70,70,70,70,70,70,70,70,70,70,70,70,70,70,70,70,70,70,70,70,70,70,70,70,70,70,70,70,70,70,70,70,70,70],"card_choices":[{"not_picked":["Masterful Stab","Slice"],"picked":"Dash","floor":1},{"not_picked":["Cloak And Dagger","Crippling Poison"],"picked":"Catalyst","floor":2},{"not_picked":["Prepared","Accuracy","Flying Knee"],"picked":"SKIP","floor":4},{"not_picked":["Cloak And Dagger","Dagger Throw"],"picked":"Dodge and Roll","floor":5},{"not_picked":["Reflex","Distraction","All Out Attack"],"picked":"SKIP","floor":7},{"not_picked":["Sucker Punch","Infinite Blades"],"picked":"Dash","floor":8},{"not_picked":["Poisoned Stab","Concentrate"],"picked":"Crippling Poison","floor":10},{"not_picked":["Flying Knee","Skewer","Acrobatics"],"picked":"SKIP","floor":14},{"not_picked":["Unload","Venomology"],"picked":"Corpse Explosion","floor":16},{"not_picked":["Riddle With Holes+1","Prepared","Deflect"],"picked":"SKIP","floor":18},{"not_picked":["Prepared","Bane","Accuracy"],"picked":"SKIP","floor":19},{"not_picked":["Poisoned Stab","Sucker Punch","A Thousand Cuts"],"picked":"SKIP","floor":24},{"not_picked":["Bane+1","Skewer","Underhanded Strike"],"picked":"SKIP","floor":25},{"not_picked":["Reflex","Dagger Spray"],"picked":"Deadly Poison","floor":27},{"not_picked":["Cloak And Dagger","Deflect","A Thousand Cuts"],"picked":"SKIP","floor":28},{"not_picked":["Deadly Poison","PiercingWail"],"picked":"Dodge and Roll+1","floor":29},{"not_picked":["Dagger Throw+1","Well Laid Plans+1","Flying Knee"],"picked":"SKIP","floor":30},{"not_picked":["PiercingWail","Cloak And Dagger","Bane"],"picked":"SKIP","floor":31},{"not_picked":["Unload","A Thousand Cuts"],"picked":"Adrenaline","floor":33},{"not_picked":["Acrobatics+1","Poisoned Stab"],"picked":"Crippling Poison+1","floor":35},{"not_picked":["Bane","Infinite Blades+1"],"picked":"Deadly Poison+1","floor":36},{"not_picked":["Tactician","Escape Plan","Poisoned Stab"],"picked":"SKIP","floor":38},{"not_picked":["Outmaneuver+1","Poisoned Stab","Concentrate"],"picked":"SKIP","floor":39},{"not_picked":["Blur","Blade Dance+1"],"picked":"Catalyst+1","floor":40},{"not_picked":["Deflect+1","Eviscerate","Quick Slash"],"picked":"SKIP","floor":42},{"not_picked":["Flying Knee+1","Slice+1","Dagger Throw"],"picked":"SKIP","floor":44},{"not_picked":["Prepared","All Out Attack+1","Envenom"],"picked":"SKIP","floor":45},{"not_picked":["Quick Slash+1","Underhanded Strike","Blade Dance+1"],"picked":"SKIP","floor":46},{"not_picked":["Prepared+1","Deadly Poison","Flying Knee","Riddle With Holes"],"picked":"SKIP","floor":47},{"not_picked":["Dagger Throw","Prepared+1","Quick Slash+1","Skewer"],"picked":"SKIP","floor":48}],"player_experience":224949,"relics_obtained":[{"floor":9,"key":"Potion Belt"},{"floor":14,"key":"Ginger"},{"floor":24,"key":"Gremlin Horn"},{"floor":26,"key":"Regal Pillow"},{"floor":27,"key":"Oddly Smooth Stone"},{"floor":30,"key":"Lantern"},{"floor":40,"key":"Bag of Preparation"},{"floor":42,"key":"Ninja Scroll"},{"floor":43,"key":"Juzu Bracelet"},{"floor":44,"key":"Torii"},{"floor":46,"key":"Question Card"}],"event_choices":[{"event_name":"Liars Game","player_choice":"agreed","floor":3,"damage_taken":0},{"event_name":"Big Fish","player_choice":"Banana","floor":13,"damage_taken":0},{"event_name":"Beggar","player_choice":"Ignored","floor":21,"damage_taken":0},{"event_name":"Back to Basics","player_choice":"Simplicity","floor":22,"damage_taken":0}],"is_beta":false,"boss_relics":[{"not_picked":["Cursed Key","Lizard Tail"],"picked":"Fusion Hammer"},{"not_picked":["Philosopher\u0027s Stone","Astrolabe"],"picked":"Velvet Choker"}],"items_purged_floors":[11,20],"is_endless":false,"potions_floor_spawned":[1,2,8,10,16,19,25,29,30,31,35,39,40,44,45,46,47],"ascension_level":6}