{"gold_per_floor":[118,293,243,318,337,337,372,372,372,372,93,93,93,109,109,109],"floor_reached":16,"playtime":834,"items_purged":[],"score":120,"play_id":"5d5aa8f5-a4fa-4adc-ac6a-67615c4ddd6c","local_time":"20190212154535","is_ascension_mode":true,"campfire_choices":[{"data":"Coolheaded","floor":6,"key":"SMITH"},{"data":"Ball Lightning","floor":10,"key":"SMITH"},{"data":"Echo Form","floor":15,"key":"SMITH"}],"neow_cost":"TEN_PERCENT_HP_LOSS","seed_source_timestamp":403165232110808,"circlet_count":0,"master_deck":["Strike_B","Strike_B+1","Defend_B","Defend_B","Defend_B","Defend_B","Zap","Dualcast","Steam","Coolheaded+1","Steam Power","Double Energy+1","Ball Lightning+1","Self Repair","Echo Form+1","FTL","Creative AI"],"relics":["Cracked Core","Bottled Flame","Prayer Wheel","Toxic Egg 2","Calipers"],"potions_floor_usage":[7],"damage_taken":[{"damage":0,"enemies":"Jaw Worm","floor":1,"turns":4},{"damage":0,"enemies":"Small Slimes","floor":5,"turns":2},{"damage":31,"enemies":"3 Sentries","floor":7,"turns":18},{"damage":0,"enemies":"2 Louse","floor":14,"turns":3},{"damage":42,"enemies":"The Guardian","floor":16,"turns":7}],"seed_played":"2295674698672320299","potions_obtained":[{"floor":1,"key":"Regen Potion"}],"is_trial":false,"path_per_floor":["?","?","?","?","$","?","?","M"],"character_chosen":"DEFECT","items_purchased":["Self Repair","Toxic Egg 2"],"campfire_rested":0,"item_purchase_floors":[11,11],"current_hp_per_floor":[68,68,68,57,57,57,41,27,27,27,27,20,20,27,27,0],"gold":109,"neow_bonus":"TRANSFORM_TWO_CARDS","is_prod":false,"is_daily":false,"chose_seed":false,"campfire_upgraded":3,"win_rate":0,"timestamp":1549982735,"path_taken":["M","?","?","?","M","R","E","?","T","R","?","?","?","?","R","BOSS"],"build_version":"2019-01-23","purchased_purges":0,"victory":false,"max_hp_per_floor":[68,68,68,68,68,68,68,68,68,68,68,68,68,68,68,68],"card_choices":[{"not_picked":["Scrape","Leap"],"picked":"Steam Power","floor":1},{"not_picked":["Stack","Force Field"],"picked":"Double Energy","floor":5},{"not_picked":["Sweeping Beam","Steam"],"picked":"Ball Lightning","floor":7},{"not_picked":["Hologram+1","Gash"],"picked":"FTL","floor":14},{"not_picked":["Steam Power+1","Steam+1"],"picked":"Creative AI","floor":14}],"player_experience":151076,"relics_obtained":[{"floor":7,"key":"Bottled Flame"},{"floor":9,"key":"Prayer Wheel"}],"event_choices":[{"damage_healed":0,"gold_gain":175,"player_choice":"AGREE","damage_taken":0,"max_hp_gain":0,"max_hp_loss":0,"event_name":"Liars Game","floor":2,"gold_loss":0,"cards_obtained":["Doubt"]},{"cards_removed":["Doubt"],"damage_healed":0,"gold_gain":0,"player_choice":"Card Removal","damage_taken":0,"max_hp_gain":0,"max_hp_loss":0,"event_name":"The Cleric","floor":3,"gold_loss":50},{"damage_healed":0,"gold_gain":75,"player_choice":"Gather Gold","damage_taken":11,"max_hp_gain":0,"max_hp_loss":0,"event_name":"World of Goop","floor":4,"gold_loss":0},{"damage_healed":0,"gold_gain":0,"player_choice":"Entered Light","damage_taken":14,"max_hp_gain":0,"max_hp_loss":0,"event_name":"Shining Light","floor":8,"gold_loss":0,"cards_upgraded":["Double Energy","Strike_B"]},{"damage_healed":0,"gold_gain":0,"player_choice":"Success","damage_taken":7,"relics_obtained":["Calipers"],"max_hp_gain":0,"max_hp_loss":0,"event_name":"Scrap Ooze","floor":12,"gold_loss":0},{"damage_healed":0,"gold_gain":0,"player_choice":"1 cards matched","damage_taken":0,"max_hp_gain":0,"max_hp_loss":0,"event_name":"Match and Keep!","floor":13,"gold_loss":0,"cards_obtained":["Echo Form"]}],"is_beta":false,"boss_relics":[],"items_purged_floors":[],"is_endless":false,"potions_floor_spawned":[1],"killed_by":"The Guardian","ascension_level":5}