{"gold_per_floor":[114,14,14,27,45,45,75,75,122,139,139,239,249,261,261,365,365,381,481,53,53,41,41,74,74,146,146,146],"floor_reached":28,"playtime":1152,"items_purged":["Strike_B"],"score":320,"play_id":"4e0c61a6-64de-4753-b72e-18546a166356","local_time":"20190118214652","is_ascension_mode":true,"campfire_choices":[{"data":"Go for the Eyes","floor":6.0,"key":"SMITH"},{"data":"White Noise","floor":8.0,"key":"SMITH"},{"data":"Zap","floor":11.0,"key":"SMITH"},{"floor":15,"key":"REST"},{"floor":23,"key":"REST"},{"floor":27,"key":"REST"}],"neow_cost":"NONE","seed_source_timestamp":99730849383566,"circlet_count":0,"master_deck":["Strike_B","Defend_B","Defend_B","Defend_B","Defend_B","Zap+1","Dualcast","White Noise+1","Hologram","Leap","Go for the Eyes+1","Sweeping Beam","Storm","Ball Lightning","Defragment","Capacitor","Biased Cognition","Ball Lightning","Self Repair+1","Fission","Impatience","Auto Shields","Cold Snap","Decay"],"special_seed":0,"relics":["Cracked Core","NeowsBlessing","FaceOfCleric","Art of War","Lantern","Empty Cage","Nunchaku","Cables","Tiny Chest","Pen Nib","Bottled Tornado"],"potions_floor_usage":[19,19,21,24,24,28],"damage_taken":[{"damage":0.0,"enemies":"Jaw Worm","floor":1.0,"turns":1.0},{"damage":0.0,"enemies":"Cultist","floor":4.0,"turns":1.0},{"damage":0.0,"enemies":"Small Slimes","floor":5.0,"turns":1.0},{"damage":35.0,"enemies":"Gremlin Nob","floor":7.0,"turns":4.0},{"damage":15.0,"enemies":"Exordium Thugs","floor":10.0,"turns":4.0},{"damage":0,"enemies":"Large Slime","floor":13,"turns":3},{"damage":8,"enemies":"Blue Slaver","floor":14,"turns":3},{"damage":17,"enemies":"Hexaghost","floor":16,"turns":6},{"damage":2,"enemies":"Spheric Guardian","floor":18,"turns":3},{"damage":22,"enemies":"Colosseum Slavers","floor":19,"turns":3},{"damage":5,"enemies":"Colosseum Nobs","floor":19,"turns":2},{"damage":34,"enemies":"2 Thieves","floor":22,"turns":4},{"damage":50,"enemies":"Slavers","floor":24,"turns":4},{"damage":36,"enemies":"Gremlin Leader","floor":28,"turns":2}],"seed_played":"-1983809089887720057","potions_obtained":[{"floor":1.0,"key":"Explosive Potion"},{"floor":4.0,"key":"LiquidBronze"},{"floor":5.0,"key":"PowerPotion"},{"floor":16,"key":"FocusPotion"},{"floor":21,"key":"LiquidBronze"},{"floor":21,"key":"EssenceOfSteel"},{"floor":21,"key":"Fruit Juice"},{"floor":22,"key":"AttackPotion"}],"is_trial":false,"path_per_floor":["M","$","?","M","M","R","E","R","T","M","R","?","M","M","R","B",null,"M","?","$","?","M","R","E","?","T","R","E"],"character_chosen":"DEFECT","items_purchased":["Hologram","Leap","Fission","Tiny Chest","Impatience"],"campfire_rested":3,"item_purchase_floors":[2,2,20,20,20],"current_hp_per_floor":[75,75,75,76,77,77,43,43,43,29,29,29,30,23,47,31,69,68,43,43,48,25,52,3,3,3,30,0],"gold":146,"neow_bonus":"THREE_ENEMY_KILL","is_prod":false,"is_daily":false,"chose_seed":false,"campfire_upgraded":3,"win_rate":0,"timestamp":1547869612,"path_taken":["M","$","?","?","M","R","E","R","T","M","R","?","?","M","R","BOSS","M","?","$","?","?","R","E","?","T","R","E"],"build_version":"2019-01-17v2","purchased_purges":1,"victory":false,"max_hp_per_floor":[75,75,75,76,77,77,78,78,78,79,79,79,80,81,81,82,82,83,85,85,90,91,91,92,92,92,92,92],"card_choices":[{"not_picked":["Melter","Steam"],"picked":"White Noise","floor":1.0},{"not_picked":["Force Field","Ball Lightning"],"picked":"Go for the Eyes","floor":4.0},{"not_picked":["Steam Power","Aggregate"],"picked":"Sweeping Beam","floor":5.0},{"not_picked":["Force Field","Turbo"],"picked":"Storm","floor":7.0},{"not_picked":["Leap","Melter"],"picked":"Ball Lightning","floor":10.0},{"not_picked":["Stack","Go for the Eyes"],"picked":"Defragment","floor":13},{"not_picked":["Coolheaded","Auto Shields"],"picked":"Capacitor","floor":14},{"not_picked":["Hyperbeam","Rainbow"],"picked":"Biased Cognition","floor":16},{"not_picked":["Compile Driver+1","Turbo"],"picked":"Ball Lightning","floor":18},{"not_picked":["Reinforced Body","Redo"],"picked":"Self Repair+1","floor":19},{"not_picked":["Tempest","Compile Driver"],"picked":"Auto Shields","floor":22},{"not_picked":["Undo+1","Streamline+1"],"picked":"Cold Snap","floor":24}],"player_experience":115035,"relics_obtained":[{"floor":7.0,"key":"Art of War"},{"floor":9.0,"key":"Lantern"},{"floor":19,"key":"Nunchaku"},{"floor":19,"key":"Cables"},{"floor":24,"key":"Pen Nib"},{"floor":26,"key":"Bottled Tornado"}],"event_choices":[{"damage_healed":0.0,"max_hp_gain":0.0,"max_hp_loss":0.0,"gold_gain":0.0,"event_name":"FaceTrader","player_choice":"Trade","floor":3.0,"gold_loss":0.0,"damage_taken":0.0,"relics_obtained":["FaceOfCleric"]},{"damage_healed":0.0,"max_hp_gain":0.0,"max_hp_loss":0.0,"gold_gain":100.0,"event_name":"Wheel of Change","player_choice":"Gold","floor":12.0,"gold_loss":0.0,"damage_taken":0.0},{"damage_healed":0,"gold_gain":0,"player_choice":"Fight","damage_taken":0,"max_hp_gain":0,"max_hp_loss":0,"event_name":"Colosseum","floor":19,"gold_loss":0},{"damage_healed":0,"gold_gain":0,"player_choice":"Fought Nobs","damage_taken":0,"max_hp_gain":0,"max_hp_loss":0,"event_name":"Colosseum","floor":19,"gold_loss":0},{"damage_healed":0,"gold_gain":0,"player_choice":"Got Potions","damage_taken":0,"max_hp_gain":0,"max_hp_loss":0,"event_name":"Lab","floor":21,"gold_loss":0},{"damage_healed":0,"gold_gain":0,"player_choice":"Smashed Altar","damage_taken":0,"max_hp_gain":0,"max_hp_loss":0,"event_name":"Forgotten Altar","floor":25,"gold_loss":0,"cards_obtained":["Decay"]}],"is_beta":false,"boss_relics":[{"not_picked":["Runic Dome","Lizard Tail"],"picked":"Empty Cage"}],"items_purged_floors":[20],"is_endless":false,"potions_floor_spawned":[1,4,5,16,18,19,22],"killed_by":"Gremlin Leader","ascension_level":5}