{"gold_per_floor":[119,69,69,85,97,97,122,47,47,72,347,357,257,269,269,347,347,364,364,383,383,394,394,394],"floor_reached":24,"playtime":1717,"items_purged":["Strike_G","Regret"],"score":333,"play_id":"374f6de9-1eb0-4f13-b2d3-b6ca86c1c7f0","local_time":"20181202001740","is_ascension_mode":true,"campfire_choices":[{"data":"Leg Sweep","floor":6.0,"key":"SMITH"},{"data":"Survivor","floor":15,"key":"SMITH"},{"data":"Dodge and Roll","floor":23,"key":"SMITH"}],"neow_cost":"NONE","seed_source_timestamp":45440347827513,"circlet_count":0,"master_deck":["AscendersBane","Defend_G","Defend_G","Defend_G","Defend_G","Defend_G","Strike_G","Strike_G","Strike_G","Survivor+1","Neutralize","Caltrops","Leg Sweep+1","Deadly Poison","Expertise","Deadly Poison","Bouncing Flask","Expertise","Dodge and Roll+1"],"special_seed":0,"relics":["Runic Dome","Mummified Hand","Strawberry","Meat on the Bone","Bottled Flame","Coffee Dripper"],"potions_floor_usage":[24,24],"damage_taken":[{"damage":1.0,"enemies":"Small Slimes","floor":1.0,"turns":5.0},{"damage":2.0,"enemies":"Jaw Worm","floor":4.0,"turns":5.0},{"damage":7.0,"enemies":"Cultist","floor":5.0,"turns":5.0},{"damage":37.0,"enemies":"Gremlin Nob","floor":10.0,"turns":7.0},{"damage":14.0,"enemies":"Exordium Thugs","floor":12.0,"turns":8.0},{"damage":3,"enemies":"Blue Slaver","floor":14,"turns":5},{"damage":11,"enemies":"The Guardian","floor":16,"turns":9},{"damage":0,"enemies":"Spheric Guardian","floor":18,"turns":3},{"damage":33,"enemies":"2 Thieves","floor":20,"turns":5},{"damage":28,"enemies":"Centurion and Healer","floor":22,"turns":10},{"damage":31,"enemies":"Slavers","floor":24,"turns":3}],"seed_played":"1841734656680240975","potions_obtained":[{"floor":1.0,"key":"Weak Potion"},{"floor":10.0,"key":"SpeedPotion"},{"floor":22,"key":"SneckoOil"}],"is_trial":false,"path_per_floor":["M","?","?","M","M","R","T","$","T","E","?","M","$","M","R","B",null,"M","?","M","?","M","R","E"],"character_chosen":"THE_SILENT","items_purchased":[],"campfire_rested":0,"item_purchase_floors":[],"current_hp_per_floor":[58,58,58,56,49,49,56,56,56,31,31,29,29,38,38,39,65,65,65,44,44,28,28,0],"gold":394,"neow_bonus":"BOSS_RELIC","is_prod":false,"is_daily":false,"chose_seed":false,"campfire_upgraded":3,"win_rate":0,"timestamp":1543706260,"path_taken":["M","?","?","M","?","R","?","?","T","E","?","?","$","M","R","BOSS","M","?","M","?","M","R","E"],"build_version":"2018-11-15","purchased_purges":2,"victory":false,"max_hp_per_floor":[66,66,66,66,66,66,73,73,73,73,73,73,73,73,73,73,73,73,73,73,73,73,73,73],"card_choices":[{"not_picked":["Outmaneuver","Quick Slash"],"picked":"Caltrops","floor":1.0},{"not_picked":["Prepared","Endless Agony"],"picked":"Leg Sweep","floor":4.0},{"not_picked":["PiercingWail","Flying Knee"],"picked":"Deadly Poison","floor":5.0},{"not_picked":["Poisoned Stab","Prepared"],"picked":"Expertise","floor":10.0},{"not_picked":["Slice","Reflex"],"picked":"Deadly Poison","floor":12.0},{"not_picked":["Quick Slash","Infinite Blades"],"picked":"Bouncing Flask","floor":14},{"not_picked":["Dagger Spray","Distraction"],"picked":"Expertise","floor":18},{"not_picked":["Dagger Throw+1","Dagger Spray","Flying Knee"],"picked":"SKIP","floor":20},{"not_picked":["Bane","Glass Knife"],"picked":"Dodge and Roll","floor":22}],"player_experience":577780,"relics_obtained":[{"floor":7.0,"key":"Strawberry"},{"floor":9.0,"key":"Meat on the Bone"},{"floor":10.0,"key":"Bottled Flame"}],"event_choices":[{"cards_removed":["Strike_G"],"damage_healed":0.0,"max_hp_gain":0.0,"max_hp_loss":0.0,"gold_gain":0.0,"event_name":"The Cleric","player_choice":"Card Removal","floor":2.0,"gold_loss":50.0,"damage_taken":0.0},{"damage_healed":0.0,"max_hp_gain":0.0,"max_hp_loss":0.0,"gold_gain":0.0,"event_name":"WeMeetAgain","player_choice":"Gave Potion","floor":3.0,"gold_loss":0.0,"damage_taken":0.0,"relics_obtained":["Mummified Hand"]},{"damage_healed":0.0,"max_hp_gain":0.0,"max_hp_loss":0.0,"gold_gain":275.0,"event_name":"Golden Shrine","player_choice":"Desecrate","floor":11.0,"gold_loss":0.0,"damage_taken":0.0,"cards_obtained":["Regret"]},{"damage_healed":0,"gold_gain":0,"player_choice":"Ignored","damage_taken":0,"max_hp_gain":0,"max_hp_loss":0,"event_name":"Ghosts","floor":19,"gold_loss":0},{"damage_healed":0,"gold_gain":0,"player_choice":"Ignored","damage_taken":0,"max_hp_gain":0,"max_hp_loss":0,"event_name":"Cursed Tome","floor":21,"gold_loss":0}],"is_beta":false,"boss_relics":[{"not_picked":["Runic Pyramid","Philosopher\u0027s Stone"],"picked":"Coffee Dripper"}],"items_purged_floors":[8,13],"is_endless":false,"potions_floor_spawned":[1,10,22],"killed_by":"Slavers","ascension_level":14}