{"gold_per_floor":[117,133,148,107,125,125,152,152,152,33,51,81,81,110,110,188,188,201,47,47,61,80,80,111,111,111,145,145,164,182,192,192,271,271,281,301,73,88,88,113,125,125,125,225,225,259,271,302,314,326,338,350,4,30,30],"floor_reached":55,"playtime":5939,"items_purged":["Defend_R","Defend_R"],"score":1504,"play_id":"04c68838-a0a9-42e5-a823-b68d0e33e025","local_time":"20190215211950","is_ascension_mode":true,"campfire_choices":[{"data":"Infernal Blade","floor":6.0,"key":"SMITH"},{"data":"Hemokinesis","floor":13.0,"key":"SMITH"},{"floor":15.0,"key":"REST"},{"data":"Brutality","floor":23.0,"key":"SMITH"},{"data":"Inflame","floor":25.0,"key":"SMITH"},{"floor":28.0,"key":"DIG"},{"floor":32.0,"key":"REST"},{"floor":42.0,"key":"DIG"},{"floor":45.0,"key":"RECALL"},{"floor":49.0,"key":"REST"},{"floor":52.0,"key":"DIG"}],"neow_cost":"NONE","seed_source_timestamp":0,"circlet_count":0,"master_deck":["AscendersBane","Strike_R","Strike_R","Strike_R","Strike_R","Strike_R","Defend_R","Defend_R","Bash","Offering","Infernal Blade+1","Shrug It Off","Reaper","Rupture","Inflame+1","Hemokinesis+1","Pummel","Brutality+1","Feed+1","Flame Barrier","Rupture","Pain","Shrug It Off","Whirlwind+1","Rupture","Shrug It Off+1","Shrug It Off","Warcry+1","Heavy Blade+1","Battle Trance+1","Impatience","Flash of Steel+1","Shrug It Off","Blood for Blood+1"],"special_seed":0,"relics":["Burning Blood","Odd Mushroom","Meat on the Bone","Letter Opener","Vajra","Molten Egg 2","Mark of Pain","WarpedTongs","Singing Bowl","Shovel","Bag of Preparation","Fusion Hammer","HandDrill","The Courier","StoneCalendar","Bottled Tornado","Ice Cream","MawBank","Pear","Bag of Marbles"],"potions_floor_usage":[54],"damage_taken":[{"damage":1.0,"enemies":"Cultist","floor":1.0,"turns":3.0},{"damage":15.0,"enemies":"Jaw Worm","floor":2.0,"turns":5.0},{"damage":4.0,"enemies":"Small Slimes","floor":3.0,"turns":4.0},{"damage":6.0,"enemies":"Exordium Wildlife","floor":5.0,"turns":4.0},{"damage":30.0,"enemies":"The Mushroom Lair","floor":7.0,"turns":4.0},{"damage":15.0,"enemies":"Looter","floor":11.0,"turns":2.0},{"damage":21.0,"enemies":"Lagavulin","floor":12.0,"turns":5.0},{"damage":18.0,"enemies":"Gremlin Nob","floor":14.0,"turns":3.0},{"damage":39.0,"enemies":"Slime Boss","floor":16.0,"turns":8.0},{"damage":3.0,"enemies":"3 Byrds","floor":18.0,"turns":3.0},{"damage":41.0,"enemies":"2 Thieves","floor":21.0,"turns":4.0},{"damage":41.0,"enemies":"Centurion and Healer","floor":22.0,"turns":5.0},{"damage":36.0,"enemies":"Slavers","floor":24.0,"turns":3.0},{"damage":50.0,"enemies":"Gremlin Leader","floor":27.0,"turns":5.0},{"damage":16.0,"enemies":"Snake Plant","floor":29.0,"turns":2.0},{"damage":30.0,"enemies":"Sentry and Sphere","floor":30.0,"turns":4.0},{"damage":28.0,"enemies":"Chosen and Byrds","floor":31.0,"turns":5.0},{"damage":39.0,"enemies":"Automaton","floor":33.0,"turns":5.0},{"damage":15.0,"enemies":"3 Darklings","floor":35.0,"turns":2.0},{"damage":24.0,"enemies":"3 Shapes","floor":36.0,"turns":5.0},{"damage":54.0,"enemies":"Maw","floor":38.0,"turns":5.0},{"damage":22.0,"enemies":"Giant Head","floor":40.0,"turns":4.0},{"damage":29.0,"enemies":"3 Darklings","floor":41.0,"turns":4.0},{"damage":61.0,"enemies":"Mind Bloom Boss Battle","floor":44.0,"turns":4.0},{"damage":21.0,"enemies":"Nemesis","floor":46.0,"turns":3.0},{"damage":19.0,"enemies":"4 Shapes","floor":48.0,"turns":3.0},{"damage":65.0,"enemies":"Donu and Deca","floor":50.0,"turns":6.0},{"damage":70,"enemies":"Shield and Spear","floor":54,"turns":4},{"damage":77,"enemies":"The Heart","floor":55,"turns":2}],"seed_played":"-863829170659665276","potions_obtained":[{"floor":1.0,"key":"AttackPotion"},{"floor":3.0,"key":"Ancient Potion"},{"floor":11.0,"key":"LiquidBronze"},{"floor":24.0,"key":"LiquidBronze"},{"floor":30.0,"key":"Swift Potion"},{"floor":33.0,"key":"SkillPotion"},{"floor":40.0,"key":"GamblersBrew"},{"floor":41.0,"key":"Dexterity Potion"},{"floor":46.0,"key":"Strength Potion"}],"is_trial":false,"path_per_floor":["M","M","M","$","M","R","?","?","T","$","M","E","R","E","R","B",null,"M","$","?","M","M","R","E","R","T","E","R","M","M","M","R","B",null,"M","M","$","M","$","E","M","R","T","?","R","E","?","M","R","B",null,"R","$","E","B"],"character_chosen":"IRONCLAD","items_purchased":["Rupture","Hemokinesis","Pummel","Rupture","HandDrill","FearPotion","Strength Potion","Impatience","Flash of Steel+1","Shrug It Off"],"campfire_rested":3,"item_purchase_floors":[4,10,10,19,37,53,53,53,53,53],"current_hp_per_floor":[73,64,66,66,66,66,57,31,31,31,34,31,31,31,53,47,68,75,75,75,56,55,55,65,65,65,33,33,39,34,35,65,67,96,107,109,109,73,73,69,99,99,99,58,58,55,55,60,95,68,106,116,116,64,0],"gold":30,"neow_bonus":"ONE_RANDOM_RARE_CARD","is_prod":false,"is_daily":false,"chose_seed":false,"campfire_upgraded":4,"win_rate":0,"timestamp":1550261990,"path_taken":["M","M","?","$","M","R","?","?","T","?","M","E","R","E","R","BOSS","M","$","?","M","?","R","E","R","T","E","R","M","M","M","R","BOSS","M","M","$","M","$","E","M","R","T","?","R","E","?","M","R","BOSS","R","$","E","BOSS"],"build_version":"2019-01-23","purchased_purges":2,"victory":false,"max_hp_per_floor":[75,75,75,75,75,75,75,75,75,75,75,75,75,75,75,75,75,79,79,79,83,87,87,91,91,91,91,91,95,97,103,103,105,105,107,113,113,113,113,113,117,117,117,119,119,119,113,119,119,119,119,129,129,129,129],"card_choices":[{"not_picked":["Headbutt","Thunderclap"],"picked":"Infernal Blade","floor":1.0},{"not_picked":["Body Slam","Heavy Blade"],"picked":"Shrug It Off","floor":2.0},{"not_picked":["Anger","Armaments"],"picked":"Reaper","floor":3.0},{"not_picked":["Perfected Strike","Pommel Strike","Anger"],"picked":"SKIP","floor":5.0},{"not_picked":["Iron Wave","Body Slam"],"picked":"Inflame","floor":7.0},{"not_picked":["Dual Wield","Wild Strike","Cleave"],"picked":"SKIP","floor":11.0},{"not_picked":["Cleave","Havoc","Iron Wave"],"picked":"SKIP","floor":12.0},{"not_picked":["Combust","True Grit"],"picked":"Brutality","floor":14.0},{"not_picked":["Double Tap","Demon Form"],"picked":"Feed+1","floor":16.0},{"not_picked":["Havoc","Sword Boomerang+1"],"picked":"Flame Barrier","floor":18.0},{"not_picked":["Pommel Strike+1","Body Slam+1"],"picked":"Shrug It Off","floor":21.0},{"not_picked":["Heavy Blade+1","Clothesline+1","True Grit"],"picked":"SKIP","floor":22.0},{"not_picked":["Warcry","Second Wind"],"picked":"Whirlwind+1","floor":24.0},{"not_picked":["Second Wind","Feed+1"],"picked":"Rupture","floor":27.0},{"not_picked":["Clothesline+1","Inflame"],"picked":"Shrug It Off+1","floor":29.0},{"not_picked":["Sentinel+1","Pommel Strike+1","Body Slam+1"],"picked":"Singing Bowl","floor":30.0},{"not_picked":["Inflame","Fire Breathing","Cleave+1"],"picked":"Singing Bowl","floor":31.0},{"not_picked":["Dark Embrace","Feed+1","Bludgeon+1"],"picked":"Singing Bowl","floor":33.0},{"not_picked":["Headbutt+1","Flex","Thunderclap+1"],"picked":"Singing Bowl","floor":35.0},{"not_picked":["Clash+1","Seeing Red+1","Fire Breathing"],"picked":"Singing Bowl","floor":36.0},{"not_picked":["Inflame","Cleave+1"],"picked":"Shrug It Off","floor":38.0},{"not_picked":["Flame Barrier","Perfected Strike+1"],"picked":"Warcry+1","floor":40.0},{"not_picked":["Anger+1","Fire Breathing"],"picked":"Heavy Blade+1","floor":41.0},{"not_picked":["Cleave+1","Fiend Fire+1","Havoc"],"picked":"Singing Bowl","floor":44.0},{"not_picked":["Seeing Red+1","Clothesline+1"],"picked":"Battle Trance+1","floor":46.0},{"not_picked":["Reckless Charge+1","Evolve","True Grit"],"picked":"Singing Bowl","floor":48.0},{"not_picked":["Seeing Red","Dark Embrace"],"picked":"Blood for Blood+1","floor":54}],"player_experience":769809,"relics_obtained":[{"floor":7.0,"key":"Odd Mushroom"},{"floor":9.0,"key":"Letter Opener"},{"floor":12.0,"key":"Vajra"},{"floor":14.0,"key":"Molten Egg 2"},{"floor":24.0,"key":"Singing Bowl"},{"floor":27.0,"key":"Shovel"},{"floor":28.0,"key":"Bag of Preparation"},{"floor":40.0,"key":"The Courier"},{"floor":42.0,"key":"StoneCalendar"},{"floor":43.0,"key":"Bottled Tornado"},{"floor":44.0,"key":"Ice Cream"},{"floor":46.0,"key":"MawBank"},{"floor":52.0,"key":"Pear"},{"floor":54,"key":"Bag of Marbles"}],"event_choices":[{"damage_healed":0.0,"max_hp_gain":0.0,"max_hp_loss":0.0,"gold_gain":0.0,"event_name":"Mushrooms","player_choice":"Fought Mushrooms","floor":7.0,"gold_loss":0.0,"damage_taken":0.0},{"damage_healed":0.0,"max_hp_gain":0.0,"max_hp_loss":0.0,"gold_gain":0.0,"event_name":"Scrap Ooze","player_choice":"Success","floor":8.0,"gold_loss":0.0,"damage_taken":26.0,"relics_obtained":["Meat on the Bone"]},{"damage_healed":0.0,"max_hp_gain":0.0,"max_hp_loss":0.0,"gold_gain":0.0,"event_name":"Accursed Blacksmith","player_choice":"Rummage","floor":20.0,"gold_loss":0.0,"damage_taken":0.0,"relics_obtained":["WarpedTongs"],"cards_obtained":["Pain"]},{"damage_healed":0.0,"max_hp_gain":0.0,"max_hp_loss":0.0,"gold_gain":0.0,"event_name":"MindBloom","player_choice":"Fight","floor":44.0,"gold_loss":0.0,"damage_taken":0.0},{"damage_healed":0.0,"max_hp_gain":0.0,"max_hp_loss":6.0,"gold_gain":0.0,"event_name":"Winding Halls","player_choice":"Max HP","floor":47.0,"gold_loss":0.0,"damage_taken":0.0}],"is_beta":false,"boss_relics":[{"not_picked":["Ectoplasm","Snecko Eye"],"picked":"Mark of Pain"},{"not_picked":["Empty Cage","Black Star"],"picked":"Fusion Hammer"}],"items_purged_floors":[19,53],"is_endless":false,"potions_floor_spawned":[1,3,11,12,16,24,27,30,31,33,35,40,41,46],"killed_by":"The Heart","ascension_level":18}