{"gold_per_floor":[114,129,129,41,41,71,21,36,36,36,51,81,81,96,96,196,196,211,139,154,61,76,76,91,106,106,136,136],"floor_reached":28,"playtime":1430,"items_purged":[],"score":300,"play_id":"830c991d-9478-4a5e-b9e9-1d9fdbf8106c","local_time":"20190119232943","daily_mods":["SealedDeck","Colorless Cards","Terminal"],"is_ascension_mode":false,"campfire_choices":[{"data":"Trip","floor":10,"key":"SMITH"},{"data":"Madness","floor":13,"key":"SMITH"},{"data":"Infinite Blades","floor":15,"key":"SMITH"},{"data":"Accuracy","floor":23,"key":"SMITH"}],"neow_cost":"","seed_source_timestamp":268812217443126,"circlet_count":0,"master_deck":["Cloak And Dagger","Heel Hook","PiercingWail+1","Cloak And Dagger","Noxious Fumes","Outmaneuver","Prepared","Infinite Blades+1","Terror","Crippling Poison","Dagger Throw","Masterful Stab","Trip+1","Sucker Punch","Madness+1","Deadly Poison","Slice+1","Venomology","Poisoned Stab+1","Accuracy+1","Slice","Finesse","A Thousand Cuts","Accuracy","Concentrate","Die Die Die"],"special_seed":17916,"relics":["Ring of the Snake","Ninja Scroll","Bottled Flame","Pocketwatch","White Beast Statue","Smiling Mask","Whetstone"],"potions_floor_usage":[6,12,16,18,20,22,22,24,24,25,25,27,27,27,28],"damage_taken":[{"damage":3,"enemies":"2 Louse","floor":1,"turns":4},{"damage":0,"enemies":"Cultist","floor":2,"turns":4},{"damage":1,"enemies":"3 Sentries","floor":6,"turns":4},{"damage":3,"enemies":"Jaw Worm","floor":8,"turns":2},{"damage":0,"enemies":"Blue Slaver","floor":11,"turns":2},{"damage":5,"enemies":"Lagavulin","floor":12,"turns":4},{"damage":2,"enemies":"Red Slaver","floor":14,"turns":2},{"damage":0,"enemies":"Slime Boss","floor":16,"turns":5},{"damage":2,"enemies":"3 Byrds","floor":18,"turns":4},{"damage":0,"enemies":"2 Thieves","floor":20,"turns":3},{"damage":13,"enemies":"Centurion and Healer","floor":22,"turns":4},{"damage":3,"enemies":"3 Cultists","floor":24,"turns":4},{"damage":2,"enemies":"Snecko","floor":25,"turns":4},{"damage":18,"enemies":"Slavers","floor":27,"turns":5},{"damage":13,"enemies":"Colosseum Slavers","floor":28,"turns":1}],"seed_played":"7558609228470536765","potions_obtained":[{"floor":6,"key":"SmokeBomb"},{"floor":11,"key":"Strength Potion"},{"floor":14,"key":"SkillPotion"},{"floor":18,"key":"SpeedPotion"},{"floor":20,"key":"Swift Potion"},{"floor":22,"key":"LiquidBronze"},{"floor":24,"key":"EssenceOfSteel"},{"floor":25,"key":"Dexterity Potion"},{"floor":27,"key":"Weak Potion"}],"is_trial":false,"path_per_floor":["M","M","?","$","?","E","$","M","T","R","M","E","R","M","R","B",null,"M","$","M","$","M","R","M","M","T","E","?"],"character_chosen":"THE_SILENT","items_purchased":["Masterful Stab","AttackPotion","Weak Potion","Accuracy","Finesse"],"campfire_rested":0,"item_purchase_floors":[4,4,7,19,21],"current_hp_per_floor":[66,66,66,65,64,63,62,59,59,59,58,53,53,51,51,51,52,50,50,49,48,35,35,32,30,30,12,0],"gold":136,"neow_bonus":"","is_prod":false,"is_daily":true,"chose_seed":false,"campfire_upgraded":4,"win_rate":0,"timestamp":1547958583,"path_taken":["M","M","?","$","?","E","$","M","T","R","M","E","R","?","R","BOSS","M","?","M","$","M","R","M","M","T","E","?"],"build_version":"2019-01-17v2","purchased_purges":0,"victory":false,"max_hp_per_floor":[68,67,66,65,64,63,62,61,60,59,58,57,56,55,54,53,52,51,50,49,48,47,46,45,44,43,42,42],"card_choices":[{"not_picked":["Catalyst","Predator"],"picked":"Crippling Poison","floor":1},{"not_picked":["Outmaneuver","Reflex"],"picked":"Dagger Throw","floor":2},{"not_picked":["Bane","Deflect"],"picked":"Trip","floor":6},{"not_picked":["Bane","Poisoned Stab"],"picked":"Sucker Punch","floor":8},{"not_picked":["Backflip","Dagger Spray"],"picked":"Madness","floor":11},{"not_picked":["Heel Hook","Dodge and Roll"],"picked":"Deadly Poison","floor":12},{"not_picked":["Dodge and Roll","Backflip"],"picked":"Slice","floor":14},{"not_picked":["Violence","Doppelganger"],"picked":"Venomology","floor":16},{"not_picked":["Calculated Gamble+1","Prepared"],"picked":"Poisoned Stab","floor":18},{"not_picked":["Acrobatics+1","Finisher"],"picked":"Slice","floor":20},{"not_picked":["Infinite Blades","Deflect+1"],"picked":"A Thousand Cuts","floor":22},{"not_picked":["Expertise","Impatience+1"],"picked":"Accuracy","floor":24},{"not_picked":["Backflip+1","Flying Knee"],"picked":"Concentrate","floor":25},{"not_picked":["Quick Slash+1","Poisoned Stab"],"picked":"Die Die Die","floor":27}],"player_experience":130814,"relics_obtained":[{"floor":6,"key":"Ninja Scroll"},{"floor":9,"key":"Bottled Flame"},{"floor":12,"key":"Pocketwatch"},{"floor":26,"key":"Smiling Mask"},{"floor":27,"key":"Whetstone"}],"event_choices":[{"damage_healed":0,"gold_gain":0,"player_choice":"Grow","damage_taken":0,"max_hp_gain":0,"max_hp_loss":0,"event_name":"Living Wall","floor":3,"gold_loss":0,"cards_upgraded":["PiercingWail"]},{"cards_removed":["Prepared"],"damage_healed":0,"gold_gain":0,"player_choice":"Purged","damage_taken":0,"max_hp_gain":0,"max_hp_loss":0,"event_name":"Purifier","floor":5,"gold_loss":0},{"damage_healed":0,"gold_gain":0,"player_choice":"Fight","damage_taken":0,"max_hp_gain":0,"max_hp_loss":0,"event_name":"Colosseum","floor":28,"gold_loss":0}],"is_beta":false,"boss_relics":[{"not_picked":["Philosopher\u0027s Stone","Runic Pyramid"],"picked":"White Beast Statue"}],"items_purged_floors":[],"is_endless":false,"potions_floor_spawned":[6,11,14,18,20,22,24,25,27],"killed_by":"Colosseum Slavers","ascension_level":0}