{"gold_per_floor":[15,30,30,49,67,100,129,129],"floor_reached":8,"playtime":262,"items_purged":[],"score":58,"play_id":"0ab56539-b37e-46c0-a446-edc5faad3a86","local_time":"20190125140919","is_ascension_mode":false,"campfire_choices":[],"neow_cost":"NO_GOLD","seed_source_timestamp":412313107367896,"circlet_count":0,"master_deck":["Strike_R","Strike_R","Strike_R","Strike_R","Strike_R","Defend_R","Defend_R","Bash","Perfected Strike","Thunderclap","Warcry","Shrug It Off"],"relics":["Burning Blood","Vajra","Odd Mushroom"],"potions_floor_usage":[8],"damage_taken":[{"damage":10,"enemies":"Cultist","floor":1,"turns":4},{"damage":0,"enemies":"2 Louse","floor":2,"turns":2},{"damage":7,"enemies":"Small Slimes","floor":4,"turns":2},{"damage":7,"enemies":"3 Louse","floor":5,"turns":3},{"damage":49,"enemies":"3 Sentries","floor":6,"turns":7},{"damage":19,"enemies":"The Mushroom Lair","floor":7,"turns":3},{"damage":34,"enemies":"Gremlin Nob","floor":8,"turns":3}],"seed_played":"5868932793423108840","potions_obtained":[{"floor":4,"key":"Dexterity Potion"},{"floor":7,"key":"PowerPotion"}],"is_trial":false,"path_per_floor":["M","M","$","M","M","E","?","E"],"character_chosen":"IRONCLAD","items_purchased":[],"campfire_rested":0,"item_purchase_floors":[],"current_hp_per_floor":[76,80,80,79,78,35,22,0],"gold":129,"neow_bonus":"REMOVE_TWO","is_prod":false,"is_daily":false,"chose_seed":false,"campfire_upgraded":0,"win_rate":0,"timestamp":1548446959,"path_taken":["M","?","$","M","M","E","?","E"],"build_version":"2019-01-23","purchased_purges":0,"victory":false,"max_hp_per_floor":[80,80,80,80,80,80,80,80],"card_choices":[{"not_picked":["Clothesline","Whirlwind"],"picked":"Perfected Strike","floor":1},{"not_picked":["Rage","Burning Pact"],"picked":"Thunderclap","floor":2},{"not_picked":["Dual Wield","Thunderclap","Clothesline"],"picked":"SKIP","floor":4},{"not_picked":["Twin Strike","Burning Pact","Iron Wave"],"picked":"SKIP","floor":5},{"not_picked":["Feel No Pain","Armaments"],"picked":"Warcry","floor":6},{"not_picked":["Anger","Iron Wave"],"picked":"Shrug It Off","floor":7}],"player_experience":127275,"relics_obtained":[{"floor":6,"key":"Vajra"},{"floor":7,"key":"Odd Mushroom"}],"event_choices":[{"damage_healed":0,"gold_gain":0,"player_choice":"Fought Mushrooms","damage_taken":0,"max_hp_gain":0,"max_hp_loss":0,"event_name":"Mushrooms","floor":7,"gold_loss":0}],"is_beta":false,"boss_relics":[],"items_purged_floors":[],"is_endless":false,"potions_floor_spawned":[4,7],"killed_by":"Gremlin Nob","ascension_level":0}