{"gold_per_floor":[110,122,122,140,151,151,184,202,202,214,289,289,289,323,323,453,453,478,478,38,57,57,85,85,97,142,142,156,185,185,213,213,213],"floor_reached":33,"playtime":3558,"items_purged":["Strike_G"],"score":459,"play_id":"e252d9d6-af29-4a49-bdf4-26395fe42534","local_time":"20180731011227","is_ascension_mode":true,"campfire_choices":[{"data":"All Out Attack","floor":6,"key":"SMITH"},{"floor":15,"key":"REST"},{"data":"Skewer","floor":24,"key":"SMITH"},{"data":"Footwork","floor":27,"key":"SMITH"},{"data":"Defend_G","floor":32,"key":"SMITH"}],"neow_cost":"NONE","seed_source_timestamp":7934954713204,"circlet_count":0,"master_deck":["Defend_G","Defend_G","Defend_G","Defend_G","Defend_G+1","Strike_G","Strike_G","Strike_G","Survivor","Neutralize","Skewer+1","All Out Attack+1","Quick Slash","Malaise","Acrobatics","Injury","Die Die Die","Footwork+1","Acrobatics+1","Dodge and Roll+1","Leg Sweep+1","Adrenaline+1"],"relics":["Sozu","Question Card","Bottled Flame","Bag of Marbles","HoveringKite","Nloth\u0027s Gift","Ice Cream","Nunchaku","Anchor","Toxic Egg 2","Frozen Egg 2"],"potions_floor_usage":[],"damage_taken":[{"damage":0,"enemies":"Cultist","floor":1,"turns":5},{"damage":2,"enemies":"Jaw Worm","floor":2,"turns":5},{"damage":0,"enemies":"2 Louse","floor":4,"turns":2},{"damage":1,"enemies":"Red Slaver","floor":5,"turns":4},{"damage":4,"enemies":"3 Sentries","floor":7,"turns":4},{"damage":4,"enemies":"2 Fungi Beasts","floor":8,"turns":3},{"damage":5,"enemies":"Looter","floor":10,"turns":5},{"damage":13,"enemies":"Lagavulin","floor":14,"turns":7},{"damage":17,"enemies":"The Guardian","floor":16,"turns":16},{"damage":18,"enemies":"Shell Parasite","floor":18,"turns":5},{"damage":11,"enemies":"2 Thieves","floor":21,"turns":2},{"damage":17,"enemies":"Book of Stabbing","floor":23,"turns":8},{"damage":4,"enemies":"Snecko","floor":25,"turns":5},{"damage":0,"enemies":"Centurion and Healer","floor":28,"turns":6},{"damage":24,"enemies":"Slavers","floor":29,"turns":7},{"damage":0,"enemies":"Gremlin Leader","floor":31,"turns":4},{"damage":54,"enemies":"Collector","floor":33,"turns":6}],"seed_played":"-6903143582379802713","potions_obtained":[],"is_trial":false,"path_per_floor":["M","M","?","M","M","R","E","M","T","M","?","?","?","E","R","B",null,"M","?","$","M","?","E","R","M","T","R","M","E","?","E","R"],"character_chosen":"THE_SILENT","items_purchased":["Ice Cream","Footwork"],"campfire_rested":1,"item_purchase_floors":[20,20],"current_hp_per_floor":[63,61,54,54,53,53,49,45,45,40,29,29,29,16,37,20,58,40,40,40,29,70,53,53,49,49,49,49,25,48,48,48,0],"gold":213,"neow_bonus":"BOSS_RELIC","is_prod":false,"is_daily":false,"chose_seed":false,"campfire_upgraded":4,"win_rate":0,"timestamp":1532992347,"path_taken":["M","?","?","M","?","R","E","M","T","M","?","?","?","E","R","BOSS","M","?","$","M","?","E","R","?","T","R","M","E","?","E","R","BOSS"],"build_version":"2018-07-26","purchased_purges":1,"victory":false,"max_hp_per_floor":[70,70,70,70,70,70,70,70,70,70,70,70,70,70,70,70,70,70,70,70,70,70,70,70,70,70,70,70,70,70,70,70,70],"card_choices":[{"not_picked":["Heel Hook","Dagger Spray"],"picked":"Skewer","floor":1},{"not_picked":["Underhanded Strike","Deadly Poison"],"picked":"All Out Attack","floor":2},{"not_picked":["Dodge and Roll","Deadly Poison","Cloak And Dagger"],"picked":"SKIP","floor":4},{"not_picked":["Deadly Poison","Dodge and Roll"],"picked":"Quick Slash","floor":5},{"not_picked":["Outmaneuver","Dagger Throw"],"picked":"Malaise","floor":7},{"not_picked":["Poisoned Stab","Choke","Cloak And Dagger","Slice"],"picked":"SKIP","floor":8},{"not_picked":["Flying Knee","Cloak And Dagger","Dagger Spray"],"picked":"Acrobatics","floor":10},{"not_picked":["PiercingWail","Backflip","Dagger Throw","After Image"],"picked":"SKIP","floor":14},{"not_picked":["Bullet Time","Envenom","A Thousand Cuts"],"picked":"Die Die Die","floor":16},{"not_picked":["Concentrate","Bane","Poisoned Stab","Prepared"],"picked":"SKIP","floor":18},{"not_picked":["Deflect+1","Underhanded Strike","Slice+1"],"picked":"Acrobatics+1","floor":21},{"not_picked":["Quick Slash","Venomology","After Image","Endless Agony"],"picked":"SKIP","floor":23},{"not_picked":["Backflip","PiercingWail","Masterful Stab"],"picked":"Dodge and Roll+1","floor":25},{"not_picked":["Bullet Time","Backstab","Choke"],"picked":"Leg Sweep+1","floor":28},{"not_picked":["Corpse Explosion","Dagger Throw","Bane","After Image"],"picked":"SKIP","floor":29},{"not_picked":["Quick Slash","Corpse Explosion+1","Deadly Poison+1"],"picked":"Adrenaline+1","floor":31}],"player_experience":232227,"relics_obtained":[{"floor":7,"key":"Question Card"},{"floor":9,"key":"Bottled Flame"},{"floor":14,"key":"Bag of Marbles"},{"floor":23,"key":"Nunchaku"},{"floor":26,"key":"Anchor"},{"floor":29,"key":"Toxic Egg 2"},{"floor":31,"key":"Frozen Egg 2"}],"event_choices":[{"event_name":"Golden Wing","player_choice":"Card Removal","floor":3,"damage_taken":0},{"event_name":"World of Goop","player_choice":"Gather Gold","floor":11,"damage_taken":0},{"event_name":"Golden Idol","player_choice":"Take Wound","floor":12,"damage_taken":0},{"event_name":"Scrap Ooze","player_choice":"unsuccessful","floor":13,"damage_taken":0},{"event_name":"N\u0027loth","player_choice":"Traded a Golden Idol","floor":19,"damage_taken":0},{"event_name":"Wheel of Change","player_choice":"Full Heal","floor":22,"damage_taken":0},{"event_name":"The Library","player_choice":"Heal","floor":30,"damage_taken":0}],"is_beta":false,"boss_relics":[{"not_picked":["Black Star","Snecko Eye"],"picked":"HoveringKite"}],"items_purged_floors":[20],"is_endless":false,"potions_floor_spawned":[1,2,7,16,21,28,29],"killed_by":"Collector","ascension_level":7}