{"gold_per_floor":[11,11,27,27,27,27,46,46,46,57,57,76,103,117,117,221,221,221,221,161,161,161,161],"floor_reached":23,"playtime":1273,"items_purged":[],"score":280,"play_id":"3525c4c0-2402-49c6-813d-36ab25642d0c","local_time":"20180908004527","is_ascension_mode":true,"campfire_choices":[{"data":"Armaments","floor":6,"key":"SMITH"},{"data":"Immolate","floor":8,"key":"SMITH"},{"data":"Barricade","floor":11,"key":"SMITH"},{"data":"1","floor":15,"key":"LIFT"}],"neow_cost":"NO_GOLD","seed_source_timestamp":29168389793380,"circlet_count":0,"master_deck":["Strike_R","Strike_R","Defend_R","Defend_R","Defend_R","Defend_R","Bash","Immolate+1","Armaments+1","Carnage","Barricade+1","Blood for Blood+1","Body Slam+1","Feed+1","Entrench","Clothesline+1","Feed+1","Evolve+1","Warcry"],"relics":["Burning Blood","Molten Egg 2","Girya","Ectoplasm"],"potions_floor_usage":[10,13,16,16,21,21,22,23],"damage_taken":[{"damage":0,"enemies":"Small Slimes","floor":1,"turns":2},{"damage":1,"enemies":"Cultist","floor":3,"turns":3},{"damage":4,"enemies":"Jaw Worm","floor":7,"turns":4},{"damage":5,"enemies":"Exordium Thugs","floor":10,"turns":3},{"damage":5,"enemies":"Red Slaver","floor":12,"turns":3},{"damage":16,"enemies":"Lagavulin","floor":13,"turns":7},{"damage":5,"enemies":"2 Fungi Beasts","floor":14,"turns":3},{"damage":39,"enemies":"Slime Boss","floor":16,"turns":7},{"damage":7,"enemies":"Chosen","floor":18,"turns":3},{"damage":5,"enemies":"3 Byrds","floor":21,"turns":5},{"damage":27,"enemies":"Snake Plant","floor":22,"turns":3},{"damage":63,"enemies":"Slavers","floor":23,"turns":4}],"seed_played":"8581634063487156948","potions_obtained":[{"floor":1,"key":"Strength Potion"},{"floor":2,"key":"Swift Potion"},{"floor":2,"key":"SkillPotion"},{"floor":10,"key":"Fire Potion"},{"floor":14,"key":"SkillPotion"},{"floor":16,"key":"EssenceOfSteel"},{"floor":18,"key":"Weak Potion"},{"floor":21,"key":"SkillPotion"}],"is_trial":false,"path_per_floor":["M","?","M","$","?","R","M","R","T","M","R","M","E","M","R","B",null,"M","?","?","M","M"],"character_chosen":"IRONCLAD","items_purchased":[],"campfire_rested":0,"item_purchase_floors":[],"current_hp_per_floor":[78,78,80,80,80,80,80,80,80,80,80,80,70,71,71,38,70,73,73,73,78,57,0],"gold":161,"neow_bonus":"THREE_RARE_CARDS","is_prod":false,"is_daily":false,"chose_seed":false,"campfire_upgraded":3,"win_rate":0,"timestamp":1536360327,"path_taken":["M","?","?","?","?","R","M","R","T","M","R","?","E","M","R","BOSS","M","?","?","M","M","E"],"build_version":"2018-09-06","purchased_purges":0,"victory":false,"max_hp_per_floor":[80,80,80,80,80,80,80,80,80,80,80,80,80,80,80,80,80,84,84,84,88,88,92],"card_choices":[{"not_picked":["Bludgeon","Brutality"],"picked":"Immolate","floor":0},{"not_picked":["Metallicize","Heavy Blade"],"picked":"Armaments","floor":1},{"not_picked":["Clash","Wild Strike"],"picked":"Carnage","floor":3},{"not_picked":["Flex","Havoc","Combust"],"picked":"SKIP","floor":7},{"not_picked":["Uppercut+1","Shockwave"],"picked":"Barricade","floor":10},{"not_picked":["Twin Strike+1","Headbutt+1"],"picked":"Blood for Blood+1","floor":12},{"not_picked":["Second Wind","Dark Embrace"],"picked":"Body Slam+1","floor":13},{"not_picked":["Sword Boomerang+1","Twin Strike+1","Pommel Strike+1"],"picked":"SKIP","floor":14},{"not_picked":["Limit Break","Immolate+1"],"picked":"Feed+1","floor":16},{"not_picked":["Perfected Strike+1","Havoc+1","Flex"],"picked":"SKIP","floor":18},{"not_picked":["Clash+1","Warcry"],"picked":"Evolve+1","floor":21},{"not_picked":["Feel No Pain+1","Clothesline+1"],"picked":"Warcry","floor":22}],"player_experience":389845,"relics_obtained":[{"floor":9,"key":"Molten Egg 2"},{"floor":13,"key":"Girya"}],"event_choices":[{"event_name":"The Lab","player_choice":"Got Potions","floor":2,"damage_taken":0},{"event_name":"Bonfire Elementals","player_choice":"BASIC","floor":5,"damage_taken":0},{"event_name":"The Library","player_choice":"Read","floor":19,"damage_taken":0},{"event_name":"Designer","player_choice":"Transform 2 Cards","floor":20,"damage_taken":0}],"is_beta":false,"boss_relics":[{"not_picked":["Tiny House","Calling Bell"],"picked":"Ectoplasm"}],"items_purged_floors":[],"is_endless":false,"potions_floor_spawned":[1,10,14,16,18,21],"killed_by":"Slavers","ascension_level":9}