{"gold_per_floor":[110,127,127,143,143,143,170,170,195,213,288,301,336,349,349,349],"floor_reached":16,"playtime":921,"items_purged":[],"score":179,"play_id":"0252f707-96e8-4628-a212-4652f931d551","local_time":"20190217163801","is_ascension_mode":true,"campfire_choices":[{"data":"Bash","floor":6,"key":"SMITH"},{"data":"Shockwave","floor":8,"key":"SMITH"},{"floor":15,"key":"REST"}],"neow_cost":"NONE","seed_source_timestamp":249126158996000,"circlet_count":0,"master_deck":["AscendersBane","Strike_R","Strike_R","Strike_R","Strike_R","Strike_R","Defend_R","Defend_R","Defend_R","Defend_R","Bash+1","Carnage","Shockwave+1","Twin Strike","Dropkick","True Grit","True Grit","Armaments","Barricade","Whirlwind","Headbutt"],"relics":["Burning Blood","PreservedInsect","Art of War","Juzu Bracelet"],"potions_floor_usage":[7,13,16],"damage_taken":[{"damage":18,"enemies":"Small Slimes","floor":1,"turns":4},{"damage":1,"enemies":"Cultist","floor":2,"turns":3},{"damage":4,"enemies":"Jaw Worm","floor":4,"turns":3},{"damage":20,"enemies":"Gremlin Nob","floor":7,"turns":4},{"damage":6,"enemies":"2 Fungi Beasts","floor":10,"turns":3},{"damage":12,"enemies":"Exordium Thugs","floor":12,"turns":4},{"damage":5,"enemies":"3 Sentries","floor":13,"turns":4},{"damage":9,"enemies":"Blue Slaver","floor":14,"turns":4},{"damage":62,"enemies":"Slime Boss","floor":16,"turns":12}],"seed_played":"-7734940683034346789","potions_obtained":[{"floor":1,"key":"Explosive Potion"},{"floor":10,"key":"AttackPotion"},{"floor":13,"key":"EssenceOfSteel"}],"is_trial":false,"path_per_floor":["M","M","?","M","$","R","E","R","T","M","?","M","E","M","R","B"],"character_chosen":"IRONCLAD","items_purchased":[],"campfire_rested":1,"item_purchase_floors":[],"current_hp_per_floor":[60,65,65,67,67,67,53,53,53,53,42,36,37,34,58,0],"gold":349,"neow_bonus":"THREE_CARDS","is_prod":false,"is_daily":false,"chose_seed":false,"campfire_upgraded":2,"win_rate":0,"timestamp":1550392681,"path_taken":["M","M","?","M","$","R","E","R","T","?","?","M","E","M","R","BOSS"],"build_version":"2019-01-23","purchased_purges":0,"victory":false,"max_hp_per_floor":[80,80,80,80,80,80,80,80,80,80,80,80,80,80,80,80],"card_choices":[{"not_picked":["Burning Pact","Twin Strike"],"picked":"Carnage","floor":0},{"not_picked":["Pommel Strike","Iron Wave"],"picked":"Shockwave","floor":1},{"not_picked":["Carnage","Rupture"],"picked":"Twin Strike","floor":2},{"not_picked":["Power Through","Warcry","Thunderclap"],"picked":"SKIP","floor":4},{"not_picked":["Anger","Sentinel"],"picked":"True Grit","floor":7},{"not_picked":["Heavy Blade","Seeing Red"],"picked":"Armaments","floor":10},{"not_picked":["Clash","Wild Strike"],"picked":"Barricade","floor":12},{"not_picked":["Spot Weakness","Shrug It Off"],"picked":"Whirlwind","floor":13},{"not_picked":["Sword Boomerang","Heavy Blade"],"picked":"Headbutt","floor":14}],"player_experience":382752,"relics_obtained":[{"floor":7,"key":"PreservedInsect"},{"floor":9,"key":"Art of War"},{"floor":13,"key":"Juzu Bracelet"}],"event_choices":[{"damage_healed":0,"gold_gain":0,"player_choice":"2 cards matched","damage_taken":0,"max_hp_gain":0,"max_hp_loss":0,"event_name":"Match and Keep!","floor":3,"gold_loss":0,"cards_obtained":["Dropkick","True Grit"]},{"damage_healed":0,"gold_gain":75,"player_choice":"Gather Gold","damage_taken":11,"max_hp_gain":0,"max_hp_loss":0,"event_name":"World of Goop","floor":11,"gold_loss":0}],"is_beta":false,"boss_relics":[],"items_purged_floors":[],"is_endless":false,"potions_floor_spawned":[1,10,13],"killed_by":"Slime Boss","ascension_level":12}