{"gold_per_floor":[113,113,126,137,150,150,214,214,214,214,233,233,277,300,300,395,395,410,410,410,63,87,87,108,108,156,170,170,213,213,233,233,331,331,346,371,704,718,718,718,743,743,743,753,767,817,835,246,246,246],"floor_reached":51,"playtime":3386,"items_purged":["Strike_R","Strike_R"],"score":1360,"play_id":"232b3327-3366-49e9-97a0-5a730281dac5","local_time":"20190223155539","is_ascension_mode":true,"campfire_choices":[{"data":"Bludgeon","floor":6.0,"key":"SMITH"},{"data":"Feed","floor":8.0,"key":"SMITH"},{"floor":15.0,"key":"REST"},{"floor":23.0,"key":"REST"},{"data":"Bludgeon","floor":25.0,"key":"SMITH"},{"data":"Uppercut","floor":28.0,"key":"SMITH"},{"data":"Bloodletting","floor":30.0,"key":"SMITH"},{"data":"Flame Barrier","floor":32.0,"key":"SMITH"},{"data":"Evolve","floor":40.0,"key":"SMITH"},{"floor":42.0,"key":"REST"},{"data":"Double Tap","floor":49,"key":"SMITH"}],"neow_cost":"TEN_PERCENT_HP_LOSS","seed_source_timestamp":11630170143217,"circlet_count":0,"master_deck":["AscendersBane","Defend_R","Defend_R","Defend_R","Bash","Immolate","Bludgeon+1","Bloodletting+1","Evolve+1","Uppercut+1","Feed+1","Bloodletting","Seeing Red","Bludgeon+1","Shrug It Off","Necronomicurse","Whirlwind+1","Flame Barrier+1","Double Tap+1","Flame Barrier","Flame Barrier+1","Metallicize+1","Metamorphosis","Carnage"],"special_seed":0,"relics":["Burning Blood","Tiny Chest","Centennial Puzzle","Letter Opener","Sozu","Bottled Lightning","Necronomicon","Gremlin Horn","Omamori","Turnip","Mark of Pain","Lantern","FossilizedHelix","Toolbox"],"potions_floor_usage":[50,50],"damage_taken":[{"damage":0.0,"enemies":"2 Louse","floor":1.0,"turns":2.0},{"damage":0.0,"enemies":"Jaw Worm","floor":3.0,"turns":3.0},{"damage":4.0,"enemies":"Small Slimes","floor":4.0,"turns":2.0},{"damage":6.0,"enemies":"Red Slaver","floor":5.0,"turns":3.0},{"damage":8.0,"enemies":"Gremlin Nob","floor":7.0,"turns":3.0},{"damage":9.0,"enemies":"Looter","floor":11.0,"turns":3.0},{"damage":24.0,"enemies":"Lagavulin","floor":13.0,"turns":3.0},{"damage":19.0,"enemies":"Exordium Wildlife","floor":14.0,"turns":5.0},{"damage":16.0,"enemies":"Slime Boss","floor":16.0,"turns":6.0},{"damage":55.0,"enemies":"3 Byrds","floor":18.0,"turns":7.0},{"damage":0.0,"enemies":"Spheric Guardian","floor":22.0,"turns":2.0},{"damage":5.0,"enemies":"Centurion and Healer","floor":24.0,"turns":3.0},{"damage":0.0,"enemies":"Chosen and Byrds","floor":27.0,"turns":3.0},{"damage":12.0,"enemies":"Slavers","floor":29.0,"turns":3.0},{"damage":0.0,"enemies":"Cultist and Chosen","floor":31.0,"turns":2.0},{"damage":16.0,"enemies":"Collector","floor":33.0,"turns":4.0},{"damage":2.0,"enemies":"3 Shapes","floor":35.0,"turns":2.0},{"damage":11.0,"enemies":"Orb Walker","floor":36.0,"turns":2.0},{"damage":41.0,"enemies":"4 Shapes","floor":38.0,"turns":5.0},{"damage":21.0,"enemies":"Giant Head","floor":41.0,"turns":5.0},{"damage":0.0,"enemies":"Writhing Mass","floor":44.0,"turns":4.0},{"damage":0.0,"enemies":"Jaw Worm Horde","floor":45.0,"turns":1.0},{"damage":7.0,"enemies":"Maw","floor":47.0,"turns":6.0},{"damage":63,"enemies":"Time Eater","floor":50,"turns":7}],"seed_played":"2314824457925031837","potions_obtained":[{"floor":1.0,"key":"Swift Potion"},{"floor":4.0,"key":"EssenceOfSteel"},{"floor":7.0,"key":"GamblersBrew"},{"floor":16.0,"key":"EssenceOfSteel"}],"is_trial":false,"path_per_floor":["M","?","M","M","M","R","E","R","T","?","M","?","E","M","R","B",null,"M","T","?","$","M","R","M","R","T","M","R","E","R","M","R","B",null,"M","M","?","M","?","R","E","R","T","M","M","?","M","$","R","B",null],"character_chosen":"IRONCLAD","items_purchased":["Gremlin Horn","Toolbox","Metamorphosis","Carnage"],"campfire_rested":3,"item_purchase_floors":[21,48,48,48],"current_hp_per_floor":[68,61,67,68,68,68,66,66,66,43,44,44,30,21,45,39,73,28,28,7,7,13,39,40,40,40,50,50,44,44,50,50,40,79,83,78,78,47,47,47,32,60,60,66,72,72,75,75,75,18],"gold":246,"neow_bonus":"TRANSFORM_TWO_CARDS","is_prod":false,"is_daily":false,"chose_seed":false,"campfire_upgraded":8,"win_rate":0,"timestamp":1550933739,"path_taken":["M","?","M","M","M","R","E","R","T","?","M","?","E","M","R","BOSS","M","?","?","$","M","R","M","R","T","M","R","E","R","M","R","BOSS","M","M","?","M","?","R","E","R","T","M","M","?","M","$","R","BOSS"],"build_version":"2019-01-23","purchased_purges":2,"victory":true,"max_hp_per_floor":[68,68,68,68,68,68,68,68,68,68,72,72,76,80,80,84,84,88,88,88,88,88,88,88,88,88,92,92,92,92,92,92,92,92,92,92,92,96,96,96,96,96,96,96,96,96,100,100,100,100],"card_choices":[{"not_picked":["Spot Weakness","Headbutt"],"picked":"Bloodletting","floor":1.0},{"not_picked":["Disarm","Anger"],"picked":"Evolve","floor":3.0},{"not_picked":["Pummel","Thunderclap"],"picked":"Uppercut","floor":4.0},{"not_picked":["Feel No Pain","Armaments","Pommel Strike"],"picked":"SKIP","floor":5.0},{"not_picked":["Dual Wield","Brutality"],"picked":"Feed","floor":7.0},{"not_picked":["Dual Wield","Sword Boomerang"],"picked":"Bloodletting","floor":11.0},{"not_picked":["Clash","Clothesline","Limit Break"],"picked":"SKIP","floor":13.0},{"not_picked":["Reckless Charge","True Grit"],"picked":"Seeing Red","floor":14.0},{"not_picked":["Brutality","Fiend Fire"],"picked":"Bludgeon","floor":16.0},{"not_picked":["Havoc","Disarm"],"picked":"Shrug It Off","floor":18.0},{"not_picked":["Iron Wave","Pommel Strike","Cleave"],"picked":"SKIP","floor":22.0},{"not_picked":["Cleave","Clash+1","Wild Strike"],"picked":"SKIP","floor":24.0},{"not_picked":["Shrug It Off","Perfected Strike+1"],"picked":"Whirlwind+1","floor":27.0},{"not_picked":["Inflame+1","Sword Boomerang","Exhume"],"picked":"SKIP","floor":29.0},{"not_picked":["Pummel","Wild Strike+1"],"picked":"Flame Barrier","floor":31.0},{"not_picked":["Feed","Berserk"],"picked":"Double Tap","floor":33.0},{"not_picked":["Heavy Blade","Clothesline","Warcry"],"picked":"SKIP","floor":35.0},{"not_picked":["Fire Breathing","Armaments"],"picked":"Flame Barrier","floor":36.0},{"not_picked":["Twin Strike+1","Evolve","Cleave"],"picked":"SKIP","floor":38.0},{"not_picked":["Entrench","Flex"],"picked":"Flame Barrier+1","floor":41.0},{"not_picked":["Juggernaut","Clothesline","Body Slam"],"picked":"SKIP","floor":44.0},{"not_picked":["Anger","Clash"],"picked":"Metallicize+1","floor":45.0},{"not_picked":["Evolve","Clash","Burning Pact"],"picked":"SKIP","floor":47.0}],"player_experience":780290,"relics_obtained":[{"floor":7.0,"key":"Tiny Chest"},{"floor":9.0,"key":"Centennial Puzzle"},{"floor":13.0,"key":"Letter Opener"},{"floor":19.0,"key":"Bottled Lightning"},{"floor":20.0,"key":"Necronomicon"},{"floor":26.0,"key":"Omamori"},{"floor":29.0,"key":"Turnip"},{"floor":41.0,"key":"Lantern"},{"floor":43.0,"key":"FossilizedHelix"}],"event_choices":[{"cards_removed":["Strike_R"],"damage_healed":0.0,"max_hp_gain":0.0,"max_hp_loss":0.0,"gold_gain":0.0,"event_name":"Golden Wing","player_choice":"Card Removal","floor":2.0,"gold_loss":0.0,"damage_taken":7.0},{"damage_healed":0.0,"max_hp_gain":0.0,"max_hp_loss":0.0,"gold_gain":0.0,"event_name":"Golden Idol","player_choice":"Take Damage","floor":10.0,"gold_loss":0.0,"damage_taken":23.0,"relics_obtained":["Golden Idol"]},{"damage_healed":0.0,"max_hp_gain":0.0,"max_hp_loss":0.0,"gold_gain":0.0,"event_name":"Match and Keep!","player_choice":"0 cards matched","floor":12.0,"gold_loss":0.0,"damage_taken":0.0,"cards_obtained":[]},{"damage_healed":0.0,"max_hp_gain":0.0,"max_hp_loss":0.0,"gold_gain":0.0,"event_name":"Cursed Tome","player_choice":"Obtained Book","floor":20.0,"gold_loss":0.0,"damage_taken":21.0},{"damage_healed":0.0,"max_hp_gain":0.0,"max_hp_loss":0.0,"gold_gain":333.0,"event_name":"The Moai Head","player_choice":"Gave Idol","floor":37.0,"relics_lost":["Golden Idol"],"gold_loss":0.0,"damage_taken":0.0},{"cards_removed":["Defend_R"],"damage_healed":0.0,"max_hp_gain":0.0,"max_hp_loss":0.0,"gold_gain":0.0,"event_name":"Falling","player_choice":"Removed Skill","floor":39.0,"gold_loss":0.0,"damage_taken":0.0},{"damage_healed":0.0,"max_hp_gain":0.0,"max_hp_loss":0.0,"gold_gain":50.0,"event_name":"Golden Shrine","player_choice":"Pray","floor":46.0,"gold_loss":0.0,"damage_taken":0.0}],"is_beta":false,"boss_relics":[{"not_picked":["Empty Cage","Lizard Tail"],"picked":"Sozu"},{"not_picked":["Tiny House","Runic Cube"],"picked":"Mark of Pain"}],"items_purged_floors":[21,48],"is_endless":false,"potions_floor_spawned":[1,4,7,16,18,27,31,35,44,45],"ascension_level":19}