{"gold_per_floor":[110,185,185,204,215,244,226,240,270,270,288,288,20,38,38,116,116,132,64,76,76,76],"floor_reached":22,"playtime":1473,"items_purged":[],"score":320,"play_id":"79e7344c-2dd3-4711-9268-e33e20e93207","local_time":"20181114230338","is_ascension_mode":true,"campfire_choices":[{"data":"Rampage","floor":10,"key":"SMITH"},{"floor":12,"key":"REST"},{"data":"Bash","floor":15,"key":"SMITH"}],"neow_cost":"NONE","seed_source_timestamp":15127711307022,"circlet_count":0,"master_deck":["AscendersBane","Strike_R","Strike_R","Strike_R","Strike_R","Defend_R","Defend_R","Defend_R","Defend_R","Bash+1","Twin Strike","Shrug It Off","Corruption","Rampage+1","Entrench","Armaments","Shrug It Off","Clash","Exhume","Battle Trance","Sentinel"],"relics":["Burning Blood","NeowsBlessing","Ancient Tea Set","Tiny Chest","Paper Frog","Mark of Pain","Pocketwatch"],"potions_floor_usage":[6,7,8,11,18,20],"damage_taken":[{"damage":0,"enemies":"2 Louse","floor":1,"turns":1},{"damage":0,"enemies":"Small Slimes","floor":4,"turns":1},{"damage":0,"enemies":"Jaw Worm","floor":5,"turns":1},{"damage":46,"enemies":"Gremlin Nob","floor":6,"turns":5},{"damage":8,"enemies":"Exordium Thugs","floor":7,"turns":4},{"damage":12,"enemies":"2 Fungi Beasts","floor":8,"turns":4},{"damage":17,"enemies":"Large Slime","floor":11,"turns":8},{"damage":0,"enemies":"Red Slaver","floor":14,"turns":2},{"damage":36,"enemies":"Slime Boss","floor":16,"turns":17},{"damage":39,"enemies":"Shell Parasite","floor":18,"turns":11},{"damage":14,"enemies":"3 Byrds","floor":20,"turns":5},{"damage":21,"enemies":"Snake Plant","floor":22,"turns":3}],"seed_played":"1094130081755101564","potions_obtained":[{"floor":1,"key":"Regen Potion"},{"floor":5,"key":"Swift Potion"},{"floor":6,"key":"Weak Potion"},{"floor":7,"key":"Swift Potion"},{"floor":11,"key":"EssenceOfSteel"},{"floor":18,"key":"LiquidBronze"}],"is_trial":false,"path_per_floor":["M","?","?","M","M","E","M","M","T","R","M","R","$","M","R","B",null,"M","$","M","T","M"],"character_chosen":"IRONCLAD","items_purchased":["Paper Frog","Shrug It Off","Sentinel"],"campfire_rested":1,"item_purchase_floors":[13,13,19],"current_hp_per_floor":[74,63,56,62,68,28,26,32,32,32,21,43,43,49,49,19,61,28,28,20,20,0],"gold":76,"neow_bonus":"THREE_ENEMY_KILL","is_prod":false,"is_daily":false,"chose_seed":false,"campfire_upgraded":2,"win_rate":0,"timestamp":1542233018,"path_taken":["M","?","?","M","?","E","M","M","T","R","M","R","$","M","R","BOSS","M","$","M","?","M"],"build_version":"2018-11-08","purchased_purges":0,"victory":false,"max_hp_per_floor":[75,75,75,75,75,75,75,75,75,75,75,75,75,75,75,75,75,75,75,75,75,75],"card_choices":[{"not_picked":["Flex","Anger"],"picked":"Twin Strike","floor":1},{"not_picked":["Shockwave","Infernal Blade"],"picked":"Shrug It Off","floor":4},{"not_picked":["Inflame","Sword Boomerang"],"picked":"Corruption","floor":5},{"not_picked":["Thunderclap","Armaments"],"picked":"Rampage","floor":6},{"not_picked":["Armaments","True Grit"],"picked":"Entrench","floor":7},{"not_picked":["Flex","Reckless Charge","Twin Strike"],"picked":"SKIP","floor":8},{"not_picked":["Heavy Blade","Spot Weakness"],"picked":"Armaments","floor":11},{"not_picked":["Sword Boomerang","Flex"],"picked":"Clash","floor":14},{"not_picked":["Brutality","Immolate"],"picked":"Exhume","floor":16},{"not_picked":["Infernal Blade","Sword Boomerang"],"picked":"Battle Trance","floor":18},{"not_picked":["Reckless Charge","Flex","Perfected Strike"],"picked":"SKIP","floor":20}],"player_experience":528891,"relics_obtained":[{"floor":6,"key":"Ancient Tea Set"},{"floor":9,"key":"Tiny Chest"},{"floor":21,"key":"Pocketwatch"}],"event_choices":[{"damage_healed":0,"gold_gain":75,"player_choice":"Gather Gold","damage_taken":11,"max_hp_gain":0,"max_hp_loss":0,"event_name":"World of Goop","floor":2,"gold_loss":0},{"cards_removed":["Strike_R"],"damage_healed":0,"gold_gain":0,"player_choice":"Card Removal","damage_taken":7,"max_hp_gain":0,"max_hp_loss":0,"event_name":"Golden Wing","floor":3,"gold_loss":0}],"is_beta":false,"boss_relics":[{"not_picked":["Runic Pyramid","Astrolabe"],"picked":"Mark of Pain"}],"items_purged_floors":[],"is_endless":false,"potions_floor_spawned":[1,5,6,7,11,18],"killed_by":"Snake Plant","ascension_level":14}