{"gold_per_floor":[117,117,128,53,64,64,80,80,80,100,126,154,154,180,180,252,252,265,265,180,180,195,195],"floor_reached":23,"playtime":691,"items_purged":[],"score":388,"play_id":"74300b1a-a3ea-4831-b602-bd84c7f86710","local_time":"20190212193910","is_ascension_mode":true,"campfire_choices":[{"data":"Zap","floor":6.0,"key":"SMITH"},{"floor":13.0,"key":"REST"},{"floor":15.0,"key":"REST"}],"neow_cost":"NONE","seed_source_timestamp":83147320636770,"circlet_count":0,"master_deck":["AscendersBane","Strike_B","Defend_B","Defend_B","Zap+1","Dualcast","Sweeping Beam","Conserve Battery","Glacier","Rainbow","Compile Driver","Creative AI+1","Electrodynamics+1","Coolheaded","Thunder Strike","Loop+1","Conserve Battery","Reinforced Body"],"special_seed":0,"relics":["Empty Cage","Frozen Egg 2","Odd Mushroom","Girya","Art of War","Runic Dome","Prayer Wheel"],"potions_floor_usage":[],"damage_taken":[{"damage":7.0,"enemies":"Cultist","floor":1.0,"turns":4.0},{"damage":0.0,"enemies":"2 Louse","floor":3.0,"turns":2.0},{"damage":4.0,"enemies":"Small Slimes","floor":5.0,"turns":3.0},{"damage":0.0,"enemies":"Gremlin Gang","floor":7.0,"turns":3.0},{"damage":11.0,"enemies":"Large Slime","floor":10.0,"turns":6.0},{"damage":12.0,"enemies":"The Mushroom Lair","floor":11.0,"turns":5.0},{"damage":10.0,"enemies":"Gremlin Nob","floor":12.0,"turns":4.0},{"damage":18.0,"enemies":"3 Sentries","floor":14.0,"turns":3.0},{"damage":32.0,"enemies":"Hexaghost","floor":16.0,"turns":10.0},{"damage":8,"enemies":"3 Byrds","floor":18,"turns":2},{"damage":10,"enemies":"Spheric Guardian","floor":22,"turns":5},{"damage":31,"enemies":"Book of Stabbing","floor":23,"turns":4}],"seed_played":"-405907257773836550","potions_obtained":[{"floor":3.0,"key":"SteroidPotion"},{"floor":5.0,"key":"FairyPotion"}],"is_trial":false,"path_per_floor":["M","?","M","?","M","R","M","?","T","M","?","E","R","E","R","B",null,"M","?","?","?","M","E"],"character_chosen":"DEFECT","items_purchased":[],"campfire_rested":2,"item_purchase_floors":[],"current_hp_per_floor":[57,57,57,57,53,53,53,53,53,42,30,20,41,23,44,12,56,48,48,48,28,18,0],"gold":195,"neow_bonus":"BOSS_RELIC","is_prod":false,"is_daily":false,"chose_seed":false,"campfire_upgraded":1,"win_rate":0,"timestamp":1549960750,"path_taken":["M","?","?","?","M","R","M","?","T","?","?","E","R","E","R","BOSS","M","?","?","?","M","E"],"build_version":"2019-01-23","purchased_purges":0,"victory":false,"max_hp_per_floor":[71,71,71,71,71,71,71,71,71,71,71,71,71,71,71,71,71,71,71,71,76,76,76],"card_choices":[{"not_picked":["Turbo","Chaos"],"picked":"Sweeping Beam","floor":1.0},{"not_picked":["Turbo","Streamline"],"picked":"Conserve Battery","floor":3.0},{"not_picked":["Recycle","Stack"],"picked":"Glacier","floor":5.0},{"not_picked":["Turbo","Force Field","Barrage"],"picked":"SKIP","floor":7.0},{"not_picked":["Sweeping Beam","Blizzard"],"picked":"Compile Driver","floor":10.0},{"not_picked":["Barrage","Darkness"],"picked":"Creative AI+1","floor":11.0},{"not_picked":["Cold Snap","Darkness"],"picked":"Electrodynamics+1","floor":12.0},{"not_picked":["Scrape","Go for the Eyes"],"picked":"Coolheaded","floor":14.0},{"not_picked":["Electrodynamics+1","Reboot"],"picked":"Thunder Strike","floor":16.0},{"not_picked":["Go for the Eyes+1","Force Field"],"picked":"Loop+1","floor":18},{"not_picked":["Doom and Gloom+1","Rip and Tear"],"picked":"Conserve Battery","floor":22},{"not_picked":["Leap","Sweeping Beam+1"],"picked":"Reinforced Body","floor":22}],"player_experience":335429,"relics_obtained":[{"floor":9.0,"key":"Frozen Egg 2"},{"floor":11.0,"key":"Odd Mushroom"},{"floor":12.0,"key":"Girya"},{"floor":14.0,"key":"Art of War"}],"event_choices":[{"cards_removed":["Defend_B"],"damage_healed":0.0,"max_hp_gain":0.0,"max_hp_loss":0.0,"gold_gain":0.0,"event_name":"Bonfire Elementals","player_choice":"Offered Basic","floor":2.0,"gold_loss":0.0,"damage_taken":0.0},{"cards_removed":["Strike_B"],"damage_healed":0.0,"max_hp_gain":0.0,"max_hp_loss":0.0,"gold_gain":0.0,"event_name":"The Cleric","player_choice":"Card Removal","floor":4.0,"gold_loss":75.0,"damage_taken":0.0},{"damage_healed":0.0,"max_hp_gain":0.0,"max_hp_loss":0.0,"gold_gain":0.0,"cards_transformed":["Strike_B"],"event_name":"Transmorgrifier","player_choice":"Transformed","floor":8.0,"gold_loss":0.0,"damage_taken":0.0,"cards_obtained":["Rainbow"]},{"damage_healed":0.0,"max_hp_gain":0.0,"max_hp_loss":0.0,"gold_gain":0.0,"event_name":"Mushrooms","player_choice":"Fought Mushrooms","floor":11.0,"gold_loss":0.0,"damage_taken":0.0},{"damage_healed":0,"gold_gain":0,"player_choice":"Ignored","damage_taken":0,"max_hp_gain":0,"max_hp_loss":0,"event_name":"Vampires","floor":19,"gold_loss":0},{"damage_healed":0,"gold_gain":0,"player_choice":"Obtained Relic","damage_taken":0,"relics_obtained":["Prayer Wheel"],"max_hp_gain":0,"max_hp_loss":0,"event_name":"Addict","floor":20,"gold_loss":85},{"damage_healed":0,"gold_gain":0,"player_choice":"Shed Blood","damage_taken":25,"max_hp_gain":5,"max_hp_loss":0,"event_name":"Forgotten Altar","floor":21,"gold_loss":0}],"is_beta":false,"boss_relics":[{"not_picked":["Runic Pyramid","Orrery"],"picked":"Runic Dome"}],"items_purged_floors":[],"is_endless":false,"potions_floor_spawned":[3,5,11,14,16,18,22],"killed_by":"Book of Stabbing","ascension_level":19}