{"gold_per_floor":[118,137,137,155,29,29,63,74,74,74,74,26,26,45,45,121,121,141,152,185,185,195,95,95,95,95,113,113],"floor_reached":28,"playtime":675,"items_purged":["Strike_B","Strike_B"],"score":557,"play_id":"6177b375-5d94-49e7-a28c-ff2487a4d9bd","local_time":"20190219190155","is_ascension_mode":true,"campfire_choices":[{"data":"Zap","floor":6.0,"key":"SMITH"},{"data":"Dualcast","floor":11.0,"key":"SMITH"},{"data":"Conserve Battery","floor":13.0,"key":"SMITH"},{"data":"Conserve Battery","floor":15.0,"key":"SMITH"},{"floor":25,"key":"REST"}],"neow_cost":"NONE","seed_source_timestamp":600337806390807,"circlet_count":0,"master_deck":["AscendersBane","Strike_B","Defend_B","Defend_B","Defend_B","Defend_B","Zap+1","Dualcast+1","Doom and Gloom","Gash","Cold Snap","Conserve Battery+1","Conserve Battery+1","Rip and Tear","Ball Lightning","Cold Snap","Electrodynamics","Cold Snap","Ball Lightning","Machine Learning","Sweeping Beam+1"],"special_seed":0,"relics":["Cracked Core","Boot","Sundial","Shuriken","Sozu","Red Mask","The Courier"],"potions_floor_usage":[28,28],"damage_taken":[{"damage":0.0,"enemies":"Small Slimes","floor":1.0,"turns":3.0},{"damage":2.0,"enemies":"Jaw Worm","floor":2.0,"turns":3.0},{"damage":8.0,"enemies":"2 Louse","floor":4.0,"turns":2.0},{"damage":38.0,"enemies":"Gremlin Nob","floor":7.0,"turns":5.0},{"damage":5.0,"enemies":"2 Fungi Beasts","floor":8.0,"turns":3.0},{"damage":4.0,"enemies":"Looter","floor":14.0,"turns":3.0},{"damage":21.0,"enemies":"Slime Boss","floor":16.0,"turns":6.0},{"damage":0.0,"enemies":"Spheric Guardian","floor":18.0,"turns":3.0},{"damage":4.0,"enemies":"Shell Parasite","floor":19.0,"turns":3.0},{"damage":2.0,"enemies":"Masked Bandits","floor":20.0,"turns":2.0},{"damage":33,"enemies":"Centurion and Healer","floor":22,"turns":5},{"damage":14,"enemies":"Snake Plant","floor":27,"turns":4},{"damage":27,"enemies":"Slavers","floor":28,"turns":2}],"seed_played":"-8300896323645102286","potions_obtained":[{"floor":1.0,"key":"Poison Potion"},{"floor":7.0,"key":"AttackPotion"},{"floor":8.0,"key":"Dexterity Potion"},{"floor":16.0,"key":"LiquidBronze"}],"is_trial":false,"path_per_floor":["M","M","?","M","$","R","E","M","T","?","R","$","R","M","R","B",null,"M","M","?","?","M","$","?","R","T","M","E"],"character_chosen":"DEFECT","items_purchased":["Conserve Battery","Ball Lightning"],"campfire_rested":1,"item_purchase_floors":[5,12],"current_hp_per_floor":[64,62,55,47,47,47,9,4,4,27,27,27,27,23,23,2,54,54,50,48,48,15,15,15,36,36,22,0],"gold":113,"neow_bonus":"RANDOM_COMMON_RELIC","is_prod":false,"is_daily":false,"chose_seed":false,"campfire_upgraded":4,"win_rate":0,"timestamp":1550624515,"path_taken":["M","M","?","M","$","R","E","M","T","?","R","?","R","M","R","BOSS","M","M","?","?","M","$","?","R","T","M","E"],"build_version":"2019-01-23","purchased_purges":2,"victory":false,"max_hp_per_floor":[71,71,71,71,71,71,71,71,71,71,71,71,71,71,71,71,71,71,71,71,71,71,71,71,71,71,71,71],"card_choices":[{"not_picked":["Beam Cell","Redo"],"picked":"Doom and Gloom","floor":1.0},{"not_picked":["Coolheaded","Barrage"],"picked":"Gash","floor":2.0},{"not_picked":["Undo","Streamline"],"picked":"Cold Snap","floor":4.0},{"not_picked":["Chill","Storm"],"picked":"Conserve Battery","floor":7.0},{"not_picked":["Turbo","Fusion"],"picked":"Rip and Tear","floor":8.0},{"not_picked":["Compile Driver","Leap"],"picked":"Cold Snap","floor":14.0},{"not_picked":["Amplify","Biased Cognition"],"picked":"Electrodynamics","floor":16.0},{"not_picked":["Compile Driver","Sweeping Beam+1"],"picked":"Cold Snap","floor":18.0},{"not_picked":["Fusion","Steam","Consume"],"picked":"SKIP","floor":19.0},{"not_picked":["Beam Cell","Barrage"],"picked":"Ball Lightning","floor":20.0},{"not_picked":["Turbo","Reboot","Reprogram"],"picked":"SKIP","floor":22},{"not_picked":["Tempest","Turbo"],"picked":"Sweeping Beam+1","floor":27}],"player_experience":193509,"relics_obtained":[{"floor":7.0,"key":"Sundial"},{"floor":9.0,"key":"Shuriken"},{"floor":20.0,"key":"Red Mask"},{"floor":26,"key":"The Courier"}],"event_choices":[{"cards_removed":["Strike_B"],"damage_healed":0.0,"max_hp_gain":0.0,"max_hp_loss":0.0,"gold_gain":0.0,"event_name":"Golden Wing","player_choice":"Card Removal","floor":3.0,"gold_loss":0.0,"damage_taken":7.0},{"damage_healed":23.0,"max_hp_gain":0.0,"max_hp_loss":0.0,"gold_gain":0.0,"event_name":"Big Fish","player_choice":"Banana","floor":10.0,"gold_loss":0.0,"damage_taken":0.0},{"damage_healed":0.0,"max_hp_gain":0.0,"max_hp_loss":0.0,"gold_gain":0.0,"event_name":"Masked Bandits","player_choice":"Fought Bandits","floor":20.0,"gold_loss":0.0,"damage_taken":0.0},{"damage_healed":0.0,"max_hp_gain":0.0,"max_hp_loss":0.0,"gold_gain":0.0,"event_name":"The Library","player_choice":"Read","floor":21.0,"gold_loss":0.0,"damage_taken":0.0,"cards_obtained":["Machine Learning"]},{"damage_healed":0,"gold_gain":0,"player_choice":"Ignored","damage_taken":0,"max_hp_gain":0,"max_hp_loss":0,"event_name":"The Mausoleum","floor":24,"gold_loss":0}],"is_beta":false,"boss_relics":[{"not_picked":["Snecko Eye","Pandora\u0027s Box"],"picked":"Sozu"}],"items_purged_floors":[5,23],"is_endless":false,"potions_floor_spawned":[1,7,8,16,20,22],"killed_by":"Slavers","ascension_level":15}