{"gold_per_floor":[115,190,206,220,220,249,249,268,293,326,345,163,163,163],"floor_reached":14,"playtime":908,"items_purged":["Strike_B"],"score":115,"play_id":"d0679808-2fa5-4ffe-9d3b-a63f52dbe2fa","local_time":"20190212000912","is_ascension_mode":true,"campfire_choices":[{"data":"Dualcast","floor":7,"key":"SMITH"}],"neow_cost":"NONE","seed_source_timestamp":346908335773218,"circlet_count":0,"master_deck":["Strike_B","Strike_B","Defend_B","Defend_B","Defend_B","Defend_B","Zap","Dualcast+1","Self Repair","Conserve Battery","Storm","Coolheaded","Capacitor","Turbo","Capacitor","Hologram"],"relics":["Cracked Core","Dream Catcher","Pen Nib","Anchor","Oddly Smooth Stone","Golden Idol"],"potions_floor_usage":[6,10,10],"damage_taken":[{"damage":0,"enemies":"Cultist","floor":1,"turns":3},{"damage":4,"enemies":"2 Louse","floor":3,"turns":2},{"damage":1,"enemies":"Jaw Worm","floor":4,"turns":4},{"damage":18,"enemies":"Gremlin Nob","floor":6,"turns":4},{"damage":1,"enemies":"3 Louse","floor":8,"turns":4},{"damage":4,"enemies":"Lagavulin","floor":10,"turns":6},{"damage":1,"enemies":"2 Fungi Beasts","floor":11,"turns":5},{"damage":76,"enemies":"Gremlin Nob","floor":14,"turns":4}],"seed_played":"3153793687700425287","potions_obtained":[{"floor":3,"key":"PowerPotion"},{"floor":4,"key":"SkillPotion"},{"floor":8,"key":"AttackPotion"},{"floor":10,"key":"Energy Potion"}],"is_trial":false,"path_per_floor":["?","?","M","?"],"character_chosen":"DEFECT","items_purchased":["Capacitor","Hologram"],"campfire_rested":0,"item_purchase_floors":[12,12],"current_hp_per_floor":[75,64,60,66,59,48,48,47,47,50,56,56,38,0],"gold":163,"neow_bonus":"RANDOM_COMMON_RELIC","is_prod":false,"is_daily":false,"chose_seed":false,"campfire_upgraded":1,"win_rate":0,"timestamp":1549926552,"path_taken":["M","?","M","M","?","E","R","?","T","E","M","$","?","E"],"build_version":"2019-01-23","purchased_purges":1,"victory":false,"max_hp_per_floor":[75,75,75,75,75,75,75,75,75,75,75,75,75,75],"card_choices":[{"not_picked":["Rebound","Steam"],"picked":"Self Repair","floor":1},{"not_picked":["Sweeping Beam","Compile Driver"],"picked":"Conserve Battery","floor":3},{"not_picked":["Leap","Barrage","Gash"],"picked":"SKIP","floor":4},{"not_picked":["Doom and Gloom","Rebound"],"picked":"Storm","floor":6},{"not_picked":["Aggregate","Rip and Tear"],"picked":"Coolheaded","floor":8},{"not_picked":["Core Surge","Sunder"],"picked":"Capacitor","floor":10},{"not_picked":["Streamline","Redo"],"picked":"Turbo","floor":11}],"player_experience":126209,"relics_obtained":[{"floor":6,"key":"Pen Nib"},{"floor":9,"key":"Anchor"},{"floor":10,"key":"Oddly Smooth Stone"}],"event_choices":[{"damage_healed":0,"gold_gain":75,"player_choice":"Gather Gold","damage_taken":11,"max_hp_gain":0,"max_hp_loss":0,"event_name":"World of Goop","floor":2,"gold_loss":0},{"cards_removed":["Strike_B"],"damage_healed":0,"gold_gain":0,"player_choice":"Card Removal","damage_taken":7,"max_hp_gain":0,"max_hp_loss":0,"event_name":"Golden Wing","floor":5,"gold_loss":0},{"damage_healed":0,"gold_gain":0,"player_choice":"Take Damage","damage_taken":18,"relics_obtained":["Golden Idol"],"max_hp_gain":0,"max_hp_loss":0,"event_name":"Golden Idol","floor":13,"gold_loss":0}],"is_beta":false,"boss_relics":[],"items_purged_floors":[12],"is_endless":false,"potions_floor_spawned":[3,4,8,10],"killed_by":"Gremlin Nob","ascension_level":3}