{"gold_per_floor":[112,112,130,55,55,88,62,62,62,75,88,112,112,112,112,112],"floor_reached":16,"playtime":885,"items_purged":["Regret"],"score":122,"play_id":"9bf22341-205f-47aa-848e-836835893e38","local_time":"20180724191851","is_ascension_mode":true,"campfire_choices":[{"floor":8,"key":"REST"},{"floor":13,"key":"REST"},{"data":"Strike_B","floor":15,"key":"PURGE"}],"neow_cost":"","seed_source_timestamp":24135943824190,"circlet_count":0,"master_deck":["Strike_B","Strike_B","Strike_B","Defend_B","Defend_B","Defend_B","Defend_B","Zap","Dualcast","Gash","BootSequence","Loop","Leap","Leap","Rebound","Gash"],"relics":["Cracked Core","Lantern","Golden Idol","Peace Pipe","Dead Branch"],"potions_floor_usage":[14],"damage_taken":[{"damage":0,"enemies":"Small Slimes","floor":1,"turns":2},{"damage":2,"enemies":"Cultist","floor":3,"turns":3},{"damage":48,"enemies":"Gremlin Nob","floor":6,"turns":5},{"damage":0,"enemies":"Jaw Worm","floor":10,"turns":3},{"damage":0,"enemies":"Large Slime","floor":11,"turns":5},{"damage":4,"enemies":"Blue Slaver","floor":12,"turns":3},{"damage":1,"enemies":"Exordium Thugs","floor":14,"turns":4},{"damage":46,"enemies":"Slime Boss","floor":16,"turns":7}],"seed_played":"-4022780723671213939","potions_obtained":[{"floor":3,"key":"LiquidBronze"},{"floor":6,"key":"SmokeBomb"}],"is_trial":false,"path_per_floor":["M","?","M","$","?","E","$","R","T","M","M","M","R","M","R"],"character_chosen":"DEFECT","items_purchased":["Leap"],"campfire_rested":2,"item_purchase_floors":[7],"current_hp_per_floor":[75,75,73,73,55,7,7,29,29,29,29,25,47,46,46,0],"gold":112,"neow_bonus":"","is_prod":false,"is_daily":false,"chose_seed":false,"campfire_upgraded":0,"win_rate":0,"timestamp":1532452731,"path_taken":["M","?","M","?","?","E","?","R","T","M","?","M","R","M","R","BOSS"],"build_version":"2018-07-19v2","purchased_purges":1,"victory":false,"max_hp_per_floor":[75,75,75,75,75,75,75,75,75,75,75,75,75,75,75,75],"card_choices":[{"not_picked":["Compile Driver","Hologram"],"picked":"Gash","floor":1},{"not_picked":["Blizzard","Rip and Tear"],"picked":"BootSequence","floor":3},{"not_picked":["Stack","Hello World"],"picked":"Loop","floor":6},{"not_picked":["Sweeping Beam","Streamline"],"picked":"Leap","floor":10},{"not_picked":["Streamline","Conserve Battery"],"picked":"Rebound","floor":11},{"not_picked":["Defragment","Hologram"],"picked":"Gash","floor":12}],"player_experience":183589,"relics_obtained":[{"floor":6,"key":"Peace Pipe"},{"floor":9,"key":"Dead Branch"}],"event_choices":[{"event_name":"Big Fish","player_choice":"Box","floor":2,"damage_taken":0},{"event_name":"Golden Idol","player_choice":"Take Damage","floor":5,"damage_taken":0}],"is_beta":false,"boss_relics":[],"items_purged_floors":[4],"is_endless":false,"potions_floor_spawned":[3,6],"killed_by":"Slime Boss","ascension_level":4}