{"gold_per_floor":[116,116,116,81,81,81,114,114,114,148,171,171,187,210,210,304,304,317,317,317,232,232,232,267,267,291,315,315,315,354,378,378,378],"floor_reached":33,"playtime":1388,"items_purged":[],"score":618,"play_id":"70bf743a-8794-48d7-ad88-267769977f3f","local_time":"20190223095209","is_ascension_mode":true,"campfire_choices":[{"data":"Neutralize","floor":6,"key":"SMITH"},{"floor":8,"key":"REST"},{"floor":12,"key":"REST"},{"floor":15,"key":"REST"},{"floor":23,"key":"REST"},{"floor":25,"key":"REST"},{"floor":28,"key":"REST"},{"floor":32,"key":"REST"}],"neow_cost":"NONE","seed_source_timestamp":724483162234503,"circlet_count":0,"master_deck":["AscendersBane","Defend_G+1","Defend_G","Defend_G","Defend_G","Defend_G","Survivor","Neutralize+1","Corpse Explosion+1","Dodge and Roll","Injury","Bouncing Flask","Cloak And Dagger","Malaise","Catalyst","Leg Sweep","Envenom","Bite","Bite","Bite","Bite","Bite","RitualDagger","Sucker Punch","Decay","Blur","Corpse Explosion+1","Blur","Infinite Blades"],"relics":["Ring of the Snake","Golden Idol","Dodecahedron","Darkstone Periapt","Juzu Bracelet","Cursed Key","PreservedInsect","Bottled Flame","Happy Flower","Question Card"],"potions_floor_usage":[16,33],"damage_taken":[{"damage":3,"enemies":"Cultist","floor":1,"turns":5},{"damage":35,"enemies":"Lagavulin","floor":7,"turns":10},{"damage":54,"enemies":"Gremlin Nob","floor":10,"turns":5},{"damage":5,"enemies":"Small Slimes","floor":11,"turns":4},{"damage":1,"enemies":"Jaw Worm","floor":13,"turns":5},{"damage":6,"enemies":"3 Louse","floor":14,"turns":3},{"damage":0,"enemies":"Hexaghost","floor":16,"turns":10},{"damage":8,"enemies":"Shell Parasite","floor":18,"turns":7},{"damage":42,"enemies":"Gremlin Leader","floor":24,"turns":10},{"damage":21,"enemies":"2 Thieves","floor":27,"turns":4},{"damage":4,"enemies":"Book of Stabbing","floor":30,"turns":7},{"damage":29,"enemies":"Shelled Parasite and Fungi","floor":31,"turns":6},{"damage":56,"enemies":"Automaton","floor":33,"turns":6}],"seed_played":"6116436176110957587","potions_obtained":[{"floor":5,"key":"FairyPotion"},{"floor":5,"key":"SteroidPotion"},{"floor":10,"key":"PowerPotion"},{"floor":16,"key":"GamblersBrew"},{"floor":18,"key":"Swift Potion"}],"is_trial":false,"path_per_floor":["M","?","?","?","?","R","E","R","T","E","M","R","M","M","R","B",null,"M","?","?","?","?","R","E","R","T","M","R","?","E","M","R","B"],"character_chosen":"THE_SILENT","items_purchased":[],"campfire_rested":7,"item_purchase_floors":[],"current_hp_per_floor":[56,36,36,52,52,52,17,36,36,6,1,20,19,13,32,32,58,50,46,40,40,29,44,20,35,41,26,43,43,47,26,43,0],"gold":378,"neow_bonus":"ONE_RANDOM_RARE_CARD","is_prod":false,"is_daily":false,"chose_seed":false,"campfire_upgraded":1,"win_rate":0,"timestamp":1550937129,"path_taken":["M","?","?","?","?","R","E","R","T","E","M","R","M","M","R","BOSS","M","?","?","?","?","R","E","R","T","M","R","?","E","M","R","BOSS"],"build_version":"2019-01-23","purchased_purges":0,"victory":false,"max_hp_per_floor":[66,66,66,66,66,66,66,66,66,66,66,66,66,66,66,66,66,66,46,46,46,51,51,51,51,57,57,57,57,57,57,57,57],"card_choices":[{"not_picked":["Slice","Underhanded Strike"],"picked":"Dodge and Roll","floor":1},{"not_picked":["Backflip","Dodge and Roll"],"picked":"Bouncing Flask","floor":7},{"not_picked":["Setup","Masterful Stab"],"picked":"Cloak And Dagger","floor":10},{"not_picked":["Dagger Spray","Backflip"],"picked":"Malaise","floor":11},{"not_picked":["Prepared","Eviscerate"],"picked":"Catalyst","floor":13},{"not_picked":["Reflex","Quick Slash"],"picked":"Leg Sweep","floor":14},{"not_picked":["Phantasmal Killer","Grand Finale"],"picked":"Envenom","floor":16},{"not_picked":["Choke","Terror","Masterful Stab"],"picked":"SKIP","floor":18},{"not_picked":["Accuracy","Bane+1"],"picked":"Sucker Punch","floor":24},{"not_picked":["Eviscerate","Blade Dance"],"picked":"Blur","floor":27},{"not_picked":["Eviscerate","Backflip"],"picked":"Blur","floor":30},{"not_picked":["Heel Hook","All Out Attack","Cloak And Dagger"],"picked":"Infinite Blades","floor":31}],"player_experience":590362,"relics_obtained":[{"floor":7,"key":"Dodecahedron"},{"floor":9,"key":"Darkstone Periapt"},{"floor":10,"key":"Juzu Bracelet"},{"floor":24,"key":"Bottled Flame"},{"floor":26,"key":"Happy Flower"},{"floor":30,"key":"Question Card"}],"event_choices":[{"damage_healed":0,"gold_gain":0,"player_choice":"Entered Light","damage_taken":20,"max_hp_gain":0,"max_hp_loss":0,"event_name":"Shining Light","floor":2,"gold_loss":0,"cards_upgraded":["Defend_G","Corpse Explosion"]},{"damage_healed":0,"gold_gain":0,"player_choice":"Take Wound","damage_taken":0,"relics_obtained":["Golden Idol"],"max_hp_gain":0,"max_hp_loss":0,"event_name":"Golden Idol","floor":3,"gold_loss":0,"cards_obtained":["Injury"]},{"damage_healed":16,"gold_gain":0,"player_choice":"Healed","damage_taken":0,"max_hp_gain":0,"max_hp_loss":0,"event_name":"The Cleric","floor":4,"gold_loss":35},{"damage_healed":0,"gold_gain":0,"player_choice":"Got Potions","damage_taken":0,"max_hp_gain":0,"max_hp_loss":0,"event_name":"Lab","floor":5,"gold_loss":0},{"damage_healed":0,"gold_gain":0,"player_choice":"Became a vampire","damage_taken":0,"max_hp_gain":0,"max_hp_loss":20,"event_name":"Vampires","floor":19,"gold_loss":0,"cards_obtained":["Bite","Bite","Bite","Bite","Bite"]},{"damage_healed":0,"gold_gain":0,"player_choice":"Joined the Cult","damage_taken":6,"max_hp_gain":0,"max_hp_loss":0,"event_name":"Nest","floor":20,"gold_loss":0,"cards_obtained":["RitualDagger"]},{"damage_healed":0,"gold_gain":0,"player_choice":"Obtained Relic","damage_taken":0,"relics_obtained":["PreservedInsect"],"max_hp_gain":0,"max_hp_loss":0,"event_name":"Addict","floor":21,"gold_loss":85},{"damage_healed":0,"gold_gain":0,"player_choice":"Shed Blood","damage_taken":16,"max_hp_gain":5,"max_hp_loss":0,"event_name":"Forgotten Altar","floor":22,"gold_loss":0},{"damage_healed":0,"gold_gain":0,"player_choice":"Copied","damage_taken":0,"max_hp_gain":0,"max_hp_loss":0,"event_name":"Duplicator","floor":29,"gold_loss":0,"cards_obtained":["Corpse Explosion"]}],"is_beta":false,"boss_relics":[{"not_picked":["Tiny House","Snecko Eye"],"picked":"Cursed Key"}],"items_purged_floors":[],"is_endless":false,"potions_floor_spawned":[10,13,16,18,27,31],"killed_by":"Automaton","ascension_level":15}