{"gold_per_floor":[117,117,117,117,127,127,153,164,189,264,264,296,371,401,401,401],"floor_reached":16,"playtime":1217,"items_purged":[],"score":133,"play_id":"1551ee9d-83df-47f4-a549-260ececc85b3","local_time":"20180724124623","is_ascension_mode":true,"campfire_choices":[{"data":"Sentinel","floor":6.0,"key":"SMITH"},{"data":"Defend_R","floor":11.0,"key":"SMITH"},{"floor":15,"key":"REST"}],"neow_cost":"NONE","seed_source_timestamp":0,"circlet_count":0,"master_deck":["Strike_R","Strike_R","Strike_R","Strike_R","Strike_R","Defend_R","Defend_R","Defend_R+1","Defend_R+1","Bash","Impervious+1","Power Through+1","Sentinel+1","True Grit","Berserk"],"special_seed":0,"relics":["Burning Blood","Bronze Scales","Meat on the Bone","Oddly Smooth Stone","Dodecahedron","Paper Frog"],"potions_floor_usage":[16],"damage_taken":[{"damage":0.0,"enemies":"2 Louse","floor":1.0,"turns":3.0},{"damage":0.0,"enemies":"Small Slimes","floor":5.0,"turns":3.0},{"damage":10.0,"enemies":"3 Sentries","floor":7.0,"turns":9.0},{"damage":0.0,"enemies":"Jaw Worm","floor":8.0,"turns":7.0},{"damage":30.0,"enemies":"Gremlin Nob","floor":12.0,"turns":5.0},{"damage":15.0,"enemies":"3 Sentries","floor":14.0,"turns":13.0},{"damage":61,"enemies":"Slime Boss","floor":16,"turns":11}],"seed_played":"982460453395962937","potions_obtained":[{"floor":1.0,"key":"LiquidBronze"},{"floor":5.0,"key":"Energy Potion"},{"floor":8.0,"key":"Block Potion"}],"is_trial":false,"path_per_floor":["M","?","?","?","M","R","E","M","T","?","R","E","?","E","R"],"character_chosen":"IRONCLAD","items_purchased":[],"campfire_rested":1,"item_purchase_floors":[],"current_hp_per_floor":[80,80,62,46,52,52,48,54,54,46,46,34,23,26,50,0],"gold":401,"neow_bonus":"ONE_RANDOM_RARE_CARD","is_prod":false,"is_daily":false,"chose_seed":false,"campfire_upgraded":2,"win_rate":0,"timestamp":1532429183,"path_taken":["M","?","?","?","M","R","E","?","T","?","R","E","?","E","R","BOSS"],"build_version":"2018-07-19v2","purchased_purges":0,"victory":false,"max_hp_per_floor":[80,80,80,80,80,80,80,80,80,80,80,80,80,80,80,80],"card_choices":[{"not_picked":["Fire Breathing","Uppercut"],"picked":"Power Through","floor":1.0},{"not_picked":["Flex","Cleave"],"picked":"Sentinel","floor":5.0},{"not_picked":["Burning Pact","Clothesline"],"picked":"True Grit","floor":7.0},{"not_picked":["Cleave","Dual Wield","Twin Strike"],"picked":"SKIP","floor":8.0},{"not_picked":["Headbutt","Havoc"],"picked":"Berserk","floor":12.0},{"not_picked":["Perfected Strike","Brutality","Cleave"],"picked":"SKIP","floor":14.0}],"player_experience":168574,"relics_obtained":[{"floor":7.0,"key":"Meat on the Bone"},{"floor":9.0,"key":"Oddly Smooth Stone"},{"floor":12.0,"key":"Dodecahedron"},{"floor":14.0,"key":"Paper Frog"}],"event_choices":[{"event_name":"Living Wall","player_choice":"Grow","floor":2.0,"damage_taken":0.0},{"event_name":"Scrap Ooze","player_choice":"success","floor":3.0,"damage_taken":18.0},{"event_name":"Shining Light","player_choice":"Entered Light","floor":4.0,"damage_taken":0.0},{"event_name":"FaceTrader","player_choice":"Touch","floor":10.0,"damage_taken":0.0},{"event_name":"World of Goop","player_choice":"Gather Gold","floor":13.0,"damage_taken":0.0}],"is_beta":false,"boss_relics":[],"items_purged_floors":[],"is_endless":false,"potions_floor_spawned":[1,5,8],"killed_by":"Slime Boss","ascension_level":3}