{"gold_per_floor":[119,5,5,16,16,16,31,31,31,31,45,45],"floor_reached":12,"playtime":273,"items_purged":[],"score":136,"play_id":"07f6df4a-29ed-44e8-aed9-05b53ce2a914","local_time":"20190223230402","is_ascension_mode":true,"campfire_choices":[{"data":"Capacitor","floor":6,"key":"SMITH"},{"data":"Go for the Eyes","floor":8,"key":"SMITH"}],"neow_cost":"NONE","seed_source_timestamp":34200708830300,"circlet_count":0,"master_deck":["AscendersBane","Strike_B","Strike_B","Strike_B","Strike_B","Defend_B","Defend_B","Defend_B","Defend_B","Zap+1","Dualcast","Capacitor+1","Leap","White Noise","Go for the Eyes+1"],"relics":["Cracked Core","Bottled Tornado"],"potions_floor_usage":[],"damage_taken":[{"damage":6,"enemies":"Jaw Worm","floor":1,"turns":4},{"damage":0,"enemies":"Small Slimes","floor":4,"turns":4},{"damage":0,"enemies":"Cultist","floor":7,"turns":3},{"damage":9,"enemies":"Red Slaver","floor":11,"turns":4},{"damage":50,"enemies":"3 Sentries","floor":12,"turns":6}],"seed_played":"-2872891427872776878","potions_obtained":[{"floor":0,"key":"FocusPotion"},{"floor":0,"key":"FocusPotion"}],"is_trial":false,"path_per_floor":["M","$","?","M","?","R","M","R","T","$","M","E"],"character_chosen":"DEFECT","items_purchased":["Capacitor","Leap"],"campfire_rested":0,"item_purchase_floors":[2,2],"current_hp_per_floor":[58,58,58,58,58,58,58,58,58,58,49,0],"gold":45,"neow_bonus":"THREE_SMALL_POTIONS","is_prod":false,"is_daily":false,"chose_seed":false,"campfire_upgraded":2,"win_rate":0,"timestamp":1550955842,"path_taken":["M","$","?","M","?","R","M","R","T","?","M","E"],"build_version":"2019-01-23","purchased_purges":0,"victory":false,"max_hp_per_floor":[71,71,71,71,71,71,71,71,71,71,71,71],"card_choices":[{"not_picked":["Reprogram","Rip and Tear","Turbo"],"picked":"SKIP","floor":1},{"not_picked":["Hologram","Steam"],"picked":"White Noise","floor":4},{"not_picked":["Sweeping Beam","Leap"],"picked":"Go for the Eyes","floor":7},{"not_picked":["Chaos","Leap","Go for the Eyes"],"picked":"SKIP","floor":11}],"player_experience":934808,"relics_obtained":[{"floor":9,"key":"Bottled Tornado"}],"event_choices":[{"damage_healed":0,"gold_gain":0,"player_choice":"Grow","damage_taken":0,"max_hp_gain":0,"max_hp_loss":0,"event_name":"Living Wall","floor":3,"gold_loss":0,"cards_upgraded":["Zap"]},{"damage_healed":0,"gold_gain":0,"player_choice":"Leave","damage_taken":0,"max_hp_gain":0,"max_hp_loss":0,"event_name":"The Cleric","floor":5,"gold_loss":0}],"is_beta":false,"boss_relics":[],"items_purged_floors":[],"is_endless":false,"potions_floor_spawned":[1,11],"killed_by":"3 Sentries","ascension_level":20}