{"gold_per_floor":[114,124,124,138,158,158,186,186,212,226,239,239,253,265,265,338,338,351,351,63,63,63,63,83,94,94,94,108,108],"floor_reached":29,"playtime":10625,"items_purged":["Strike_B"],"score":394,"play_id":"44bff6b9-c099-4d80-95e8-db44a96f8c64","local_time":"20181226220120","is_ascension_mode":true,"campfire_choices":[{"data":"Tempest","floor":6.0,"key":"SMITH"},{"data":"Dualcast","floor":8.0,"key":"SMITH"},{"data":"Recycle","floor":12.0,"key":"SMITH"},{"data":"Consume","floor":15.0,"key":"SMITH"},{"data":"Thunder Strike","floor":23,"key":"SMITH"},{"floor":27,"key":"REST"}],"neow_cost":"NONE","seed_source_timestamp":0,"circlet_count":0,"master_deck":["AscendersBane","Strike_B","Strike_B","Strike_B","Defend_B","Defend_B","Defend_B","Defend_B","Zap+1","Dualcast+1","Seek","BootSequence","Self Repair","Self Repair","Tempest+1","Recycle+1","Genetic Algorithm","Sunder","Consume+1","Thunder Strike+1","Conserve Battery","Leap","Stack"],"special_seed":0,"relics":["Cracked Core","Odd Mushroom","Omamori","Inserter","Runic Capacitor","Nilry\u0027s Codex","Darkstone Periapt"],"potions_floor_usage":[24,28],"damage_taken":[{"damage":0.0,"enemies":"2 Louse","floor":1.0,"turns":2.0},{"damage":0.0,"enemies":"Cultist","floor":2.0,"turns":3.0},{"damage":0.0,"enemies":"Jaw Worm","floor":4.0,"turns":4.0},{"damage":0.0,"enemies":"Exordium Wildlife","floor":5.0,"turns":2.0},{"damage":28.0,"enemies":"The Mushroom Lair","floor":7.0,"turns":4.0},{"damage":0.0,"enemies":"Large Slime","floor":10.0,"turns":3.0},{"damage":0.0,"enemies":"2 Fungi Beasts","floor":11.0,"turns":2.0},{"damage":0.0,"enemies":"3 Louse","floor":13.0,"turns":2.0},{"damage":8.0,"enemies":"Large Slime","floor":14.0,"turns":4.0},{"damage":55.0,"enemies":"The Guardian","floor":16.0,"turns":10.0},{"damage":27,"enemies":"Shell Parasite","floor":18,"turns":5},{"damage":22,"enemies":"2 Thieves","floor":24,"turns":4},{"damage":26,"enemies":"Snecko","floor":25,"turns":5},{"damage":20,"enemies":"Snake Plant","floor":28,"turns":5},{"damage":33,"enemies":"Centurion and Healer","floor":29,"turns":5}],"seed_played":"-5494737458951822973","potions_obtained":[{"floor":1.0,"key":"AttackPotion"},{"floor":2.0,"key":"Ancient Potion"},{"floor":7.0,"key":"FairyPotion"},{"floor":10.0,"key":"Poison Potion"},{"floor":14.0,"key":"EssenceOfSteel"},{"floor":18,"key":"SkillPotion"},{"floor":25,"key":"FearPotion"}],"is_trial":false,"path_per_floor":["M","M","?","M","M","R","?","R","T","M","M","R","M","M","R","B",null,"M","?","$","?","?","R","M","M","T","R","M","M"],"character_chosen":"DEFECT","items_purchased":["Runic Capacitor"],"campfire_rested":1,"item_purchase_floors":[20],"current_hp_per_floor":[64,64,64,71,71,71,57,57,57,71,71,71,71,70,70,29,61,48,62,62,62,41,41,33,14,14,35,29,0],"gold":108,"neow_bonus":"ONE_RANDOM_RARE_CARD","is_prod":false,"is_daily":false,"chose_seed":false,"campfire_upgraded":5,"win_rate":0,"timestamp":1545858080,"path_taken":["M","M","?","M","?","R","?","R","T","M","M","R","M","M","R","BOSS","M","?","$","?","?","R","M","M","T","R","M","M"],"build_version":"2018-12-20","purchased_purges":1,"victory":false,"max_hp_per_floor":[71,71,71,71,71,71,71,71,71,71,71,71,71,71,71,71,71,71,71,71,71,71,71,71,71,71,71,71,71],"card_choices":[{"not_picked":["Doom and Gloom","Redo"],"picked":"BootSequence","floor":1.0},{"not_picked":["Stack","Redo"],"picked":"Self Repair","floor":2.0},{"not_picked":["Doom and Gloom","Hologram"],"picked":"Self Repair","floor":4.0},{"not_picked":["Steam Power","Rebound"],"picked":"Tempest","floor":5.0},{"not_picked":["Hologram","Sweeping Beam"],"picked":"Recycle","floor":10.0},{"not_picked":["FTL","Self Repair"],"picked":"Genetic Algorithm","floor":11.0},{"not_picked":["Hologram","Go for the Eyes"],"picked":"Sunder","floor":13.0},{"not_picked":["Self Repair","Redo"],"picked":"Consume","floor":14.0},{"not_picked":["Meteor Strike","Amplify"],"picked":"Thunder Strike","floor":16.0},{"not_picked":["Scrape","BootSequence+1"],"picked":"Conserve Battery","floor":18},{"not_picked":["Loop","Steam"],"picked":"Leap","floor":24},{"not_picked":["Redo","Consume","Steam Power"],"picked":"SKIP","floor":25},{"not_picked":["Go for the Eyes","Skim+1"],"picked":"Stack","floor":28}],"player_experience":673951,"relics_obtained":[{"floor":7.0,"key":"Odd Mushroom"},{"floor":9.0,"key":"Omamori"},{"floor":22,"key":"Nilry\u0027s Codex"},{"floor":26,"key":"Darkstone Periapt"}],"event_choices":[{"damage_healed":0.0,"max_hp_gain":0.0,"max_hp_loss":0.0,"gold_gain":0.0,"event_name":"Upgrade Shrine","player_choice":"Upgraded","floor":3.0,"gold_loss":0.0,"damage_taken":0.0,"cards_upgraded":["Zap"]},{"damage_healed":0.0,"max_hp_gain":0.0,"max_hp_loss":0.0,"gold_gain":0.0,"event_name":"Mushrooms","player_choice":"Fought Mushrooms","floor":7.0,"gold_loss":0.0,"damage_taken":0.0},{"damage_healed":14,"gold_gain":0,"player_choice":"Heal","damage_taken":0,"max_hp_gain":0,"max_hp_loss":0,"event_name":"The Library","floor":19,"gold_loss":0},{"damage_healed":0,"gold_gain":0,"player_choice":"Ignored","damage_taken":0,"max_hp_gain":0,"max_hp_loss":0,"event_name":"The Mausoleum","floor":21,"gold_loss":0},{"damage_healed":0,"gold_gain":0,"player_choice":"Obtained Book","damage_taken":21,"max_hp_gain":0,"max_hp_loss":0,"event_name":"Cursed Tome","floor":22,"gold_loss":0}],"is_beta":false,"boss_relics":[{"not_picked":["Busted Crown","Coffee Dripper"],"picked":"Inserter"}],"items_purged_floors":[20],"is_endless":false,"potions_floor_spawned":[1,2,4,7,10,14,18,25],"killed_by":"Centurion and Healer","ascension_level":16}