{"gold_per_floor":[119,119,129,129,149,183,183,224,224,224,244,71,91,119,119,214,214,234,145,145,145,166,166,0,0,23,23,36,77,98,121,121,212,212,226,226,242,242,59,59,100,100,100,100,125,125,149,187,187,187],"floor_reached":51,"playtime":3803,"items_purged":["Strike_R"],"score":1229,"play_id":"eafe767f-67ee-4c7a-9e0c-c5321b10c168","local_time":"20190116193241","is_ascension_mode":true,"campfire_choices":[{"floor":7.0,"key":"REST"},{"data":"Wild Strike","floor":10.0,"key":"SMITH"},{"data":"Evolve","floor":15.0,"key":"SMITH"},{"data":"Berserk","floor":23.0,"key":"SMITH"},{"data":"Second Wind","floor":25.0,"key":"SMITH"},{"data":"Wild Strike","floor":27.0,"key":"SMITH"},{"floor":32.0,"key":"REST"},{"data":"Power Through","floor":40,"key":"SMITH"},{"data":"Power Through","floor":42,"key":"SMITH"},{"data":"Wild Strike","floor":46,"key":"SMITH"},{"data":"Impatience","floor":49,"key":"SMITH"}],"neow_cost":"PERCENT_DAMAGE","seed_source_timestamp":0,"circlet_count":0,"master_deck":["AscendersBane","Strike_R","Strike_R","Strike_R","Strike_R","Defend_R","Defend_R","Defend_R","Defend_R","Bash","Immolate+1","Evolve+1","Wild Strike+1","Battle Trance","Reckless Charge","Wild Strike+1","Berserk+1","Rage","Second Wind+1","Writhe","Power Through+1","Impervious","Wild Strike+1","Fiend Fire","Power Through+1","Impatience+1","Second Wind+1","Pummel+1","Ghostly Armor"],"special_seed":0,"relics":["Burning Blood","Golden Idol","Sundial","Self Forming Clay","Question Card","Anchor","Odd Mushroom","Sozu","Bag of Preparation","Vajra","Omamori","Orichalcum","Eternal Feather","PreservedInsect","Pear","Oddly Smooth Stone"],"potions_floor_usage":[50],"damage_taken":[{"damage":3.0,"enemies":"Small Slimes","floor":1.0,"turns":2.0},{"damage":7.0,"enemies":"Jaw Worm","floor":3.0,"turns":2.0},{"damage":1.0,"enemies":"Cultist","floor":5.0,"turns":3.0},{"damage":10.0,"enemies":"Lagavulin","floor":6.0,"turns":4.0},{"damage":18.0,"enemies":"Gremlin Nob","floor":8.0,"turns":4.0},{"damage":12.0,"enemies":"Large Slime","floor":11.0,"turns":6.0},{"damage":1.0,"enemies":"Exordium Thugs","floor":13.0,"turns":4.0},{"damage":0.0,"enemies":"The Mushroom Lair","floor":14.0,"turns":1.0},{"damage":2.0,"enemies":"Slime Boss","floor":16.0,"turns":7.0},{"damage":12.0,"enemies":"Shell Parasite","floor":18.0,"turns":3.0},{"damage":7.0,"enemies":"Spheric Guardian","floor":22.0,"turns":3.0},{"damage":13.0,"enemies":"Chosen and Byrds","floor":28.0,"turns":5.0},{"damage":37.0,"enemies":"Book of Stabbing","floor":29.0,"turns":5.0},{"damage":0.0,"enemies":"Snake Plant","floor":30.0,"turns":4.0},{"damage":0.0,"enemies":"Centurion and Healer","floor":31.0,"turns":4.0},{"damage":27.0,"enemies":"Automaton","floor":33.0,"turns":11.0},{"damage":0.0,"enemies":"3 Shapes","floor":35.0,"turns":3.0},{"damage":4.0,"enemies":"Orb Walker","floor":37.0,"turns":4.0},{"damage":34,"enemies":"Reptomancer","floor":41,"turns":6},{"damage":24,"enemies":"Maw","floor":45,"turns":10},{"damage":2,"enemies":"4 Shapes","floor":47,"turns":3},{"damage":7,"enemies":"Nemesis","floor":48,"turns":7},{"damage":82,"enemies":"Donu and Deca","floor":50,"turns":15}],"seed_played":"471680880412373059","potions_obtained":[{"floor":5.0,"key":"AttackPotion"},{"floor":6.0,"key":"Poison Potion"},{"floor":8.0,"key":"FearPotion"},{"floor":16.0,"key":"EssenceOfSteel"}],"is_trial":false,"path_per_floor":["M","?","M","?","M","E","R","E","T","R","M","$","M","?","R","B",null,"M","$","?","?","M","R","$","R","T","R","M","E","M","M","R","B",null,"M","?","M","$","$","R","E","R","T","?","M","R","M","E","R","B",null],"character_chosen":"IRONCLAD","items_purchased":["Anchor","Rage","Vajra","Impatience"],"campfire_rested":2,"item_purchase_floors":[12,19,24,39],"current_hp_per_floor":[53,53,52,26,31,27,49,37,37,37,31,31,36,42,42,46,68,62,62,62,62,61,61,61,61,61,61,54,23,29,35,57,36,65,71,71,73,73,73,75,47,62,72,72,54,69,73,72,85,9],"gold":187,"neow_bonus":"THREE_RARE_CARDS","is_prod":false,"is_daily":false,"chose_seed":false,"campfire_upgraded":9,"win_rate":0,"timestamp":1547663561,"path_taken":["M","?","M","?","M","E","R","E","T","R","M","$","M","?","R","BOSS","M","$","?","?","M","R","?","R","T","R","M","E","M","M","R","BOSS","M","?","M","?","$","R","E","R","T","?","M","R","?","E","R","BOSS"],"build_version":"2019-01-10","purchased_purges":1,"victory":true,"max_hp_per_floor":[75,75,75,75,75,75,75,75,75,75,75,75,75,75,75,75,75,75,75,75,75,75,75,75,75,75,75,75,75,75,75,75,75,75,75,75,75,75,75,75,75,75,85,85,85,85,85,85,85,85],"card_choices":[{"not_picked":["Barricade","Fiend Fire"],"picked":"Immolate","floor":0.0},{"not_picked":["Flex","Hemokinesis","Sword Boomerang"],"picked":"SKIP","floor":1.0},{"not_picked":["Feel No Pain","Blood for Blood","Wild Strike"],"picked":"SKIP","floor":3.0},{"not_picked":["Twin Strike","Iron Wave","Cleave"],"picked":"SKIP","floor":5.0},{"not_picked":["Seeing Red","Second Wind"],"picked":"Evolve","floor":6.0},{"not_picked":["Warcry","Dropkick"],"picked":"Wild Strike","floor":8.0},{"not_picked":["Anger","Armaments","Flex"],"picked":"Battle Trance","floor":11.0},{"not_picked":["Exhume","Heavy Blade","Clothesline"],"picked":"Reckless Charge","floor":13.0},{"not_picked":["Anger","Shrug It Off","Warcry"],"picked":"Wild Strike","floor":14.0},{"not_picked":["Demon Form","Bludgeon","Exhume"],"picked":"Berserk","floor":16.0},{"not_picked":["Seeing Red","Perfected Strike","Thunderclap","Body Slam"],"picked":"SKIP","floor":18.0},{"not_picked":["Shrug It Off","Thunderclap","Sword Boomerang"],"picked":"Power Through","floor":22.0},{"not_picked":["Pommel Strike","Shockwave","Twin Strike+1","Seeing Red"],"picked":"SKIP","floor":28.0},{"not_picked":["Sword Boomerang","Reckless Charge","Thunderclap+1"],"picked":"Impervious","floor":29.0},{"not_picked":["Perfected Strike","True Grit","Iron Wave","Disarm"],"picked":"SKIP","floor":30.0},{"not_picked":["Headbutt+1","Seeing Red","Sword Boomerang"],"picked":"Wild Strike","floor":31.0},{"not_picked":["Brutality","Double Tap","Offering"],"picked":"Fiend Fire","floor":33.0},{"not_picked":["True Grit","Intimidate","Sever Soul+1","Thunderclap"],"picked":"SKIP","floor":35.0},{"not_picked":["Wild Strike","Flex","Dual Wield+1","Seeing Red"],"picked":"SKIP","floor":37.0},{"not_picked":["Bloodletting+1","Headbutt","Thunderclap"],"picked":"Second Wind+1","floor":41},{"not_picked":["Twin Strike","Clash","Rage"],"picked":"Pummel+1","floor":45},{"not_picked":["Clothesline","Whirlwind","Heavy Blade","Armaments"],"picked":"SKIP","floor":47},{"not_picked":["Pommel Strike+1","Rupture","Feed"],"picked":"Ghostly Armor","floor":48}],"player_experience":711096,"relics_obtained":[{"floor":6.0,"key":"Sundial"},{"floor":8.0,"key":"Self Forming Clay"},{"floor":9.0,"key":"Question Card"},{"floor":14.0,"key":"Odd Mushroom"},{"floor":26.0,"key":"Omamori"},{"floor":29.0,"key":"Orichalcum"},{"floor":41,"key":"PreservedInsect"},{"floor":43,"key":"Pear"},{"floor":48,"key":"Oddly Smooth Stone"}],"event_choices":[{"damage_healed":0.0,"max_hp_gain":0.0,"max_hp_loss":0.0,"gold_gain":0.0,"event_name":"Living Wall","player_choice":"Grow","floor":2.0,"gold_loss":0.0,"damage_taken":0.0,"cards_upgraded":["Immolate"]},{"damage_healed":0.0,"max_hp_gain":0.0,"max_hp_loss":0.0,"gold_gain":0.0,"event_name":"Golden Idol","player_choice":"Take Damage","floor":4.0,"gold_loss":0.0,"damage_taken":26.0,"relics_obtained":["Golden Idol"]},{"damage_healed":0.0,"max_hp_gain":0.0,"max_hp_loss":0.0,"gold_gain":0.0,"event_name":"Mushrooms","player_choice":"Fought Mushrooms","floor":14.0,"gold_loss":0.0,"damage_taken":0.0},{"damage_healed":0.0,"max_hp_gain":0.0,"max_hp_loss":0.0,"gold_gain":0.0,"event_name":"The Library","player_choice":"Read","floor":20.0,"gold_loss":0.0,"damage_taken":0.0,"cards_obtained":["Second Wind"]},{"damage_healed":0.0,"max_hp_gain":0.0,"max_hp_loss":0.0,"gold_gain":0.0,"event_name":"The Mausoleum","player_choice":"Opened","floor":21.0,"gold_loss":0.0,"damage_taken":0.0,"relics_obtained":["Bag of Preparation"],"cards_obtained":["Writhe"]},{"damage_healed":0.0,"max_hp_gain":0.0,"max_hp_loss":0.0,"gold_gain":0.0,"event_name":"Duplicator","player_choice":"Copied","floor":36.0,"gold_loss":0.0,"damage_taken":0.0,"cards_obtained":["Power Through"]},{"damage_healed":0,"gold_gain":0,"player_choice":"Got Potions","damage_taken":0,"max_hp_gain":0,"max_hp_loss":0,"event_name":"Lab","floor":44,"gold_loss":0}],"is_beta":false,"boss_relics":[{"not_picked":["Orrery","Pandora\u0027s Box"],"picked":"Sozu"},{"not_picked":["Black Blood","Empty Cage"],"picked":"Eternal Feather"}],"items_purged_floors":[39],"is_endless":false,"potions_floor_spawned":[5,6,8,16,22,28,31,41],"ascension_level":16}