{"gold_per_floor":[12,26,39,55,71,71,89,101,101,101,114,176,197,210,210,282,282],"floor_reached":17,"playtime":1119,"items_purged":[],"score":252,"play_id":"48c0e424-e7d8-40b0-b899-b610e408ce40","local_time":"20181116144033","is_ascension_mode":true,"campfire_choices":[{"data":"Zap","floor":6,"key":"SMITH"},{"data":"Lockon","floor":15,"key":"SMITH"}],"neow_cost":"NO_GOLD","seed_source_timestamp":14125901056382,"circlet_count":0,"master_deck":["AscendersBane","Strike_B","Defend_B","Defend_B","Defend_B","Defend_B","Zap+1","Dualcast","Master of Strategy","Madness","Genetic Algorithm","Doom and Gloom","Consume","Conserve Battery","Reboot","Lockon+1","Reinforced Body","Biased Cognition","Conserve Battery","Doom and Gloom","Biased Cognition","Doom and Gloom+1","All For One+1","Fusion+1"],"special_seed":0,"relics":["Cracked Core","Meat on the Bone","Pocketwatch","Odd Mushroom","Astrolabe"],"potions_floor_usage":[11,12],"damage_taken":[{"damage":1.0,"enemies":"Cultist","floor":1.0,"turns":3.0},{"damage":3.0,"enemies":"Jaw Worm","floor":2.0,"turns":4.0},{"damage":7.0,"enemies":"Small Slimes","floor":3.0,"turns":3.0},{"damage":7,"enemies":"Looter","floor":4,"turns":3},{"damage":12,"enemies":"2 Fungi Beasts","floor":5,"turns":3},{"damage":0,"enemies":"Exordium Wildlife","floor":7,"turns":3},{"damage":0,"enemies":"Exordium Thugs","floor":8,"turns":4},{"damage":3,"enemies":"Gremlin Gang","floor":11,"turns":5},{"damage":8,"enemies":"3 Sentries","floor":12,"turns":4},{"damage":10,"enemies":"The Mushroom Lair","floor":13,"turns":3},{"damage":0,"enemies":"Exordium Wildlife","floor":14,"turns":3},{"damage":31,"enemies":"The Guardian","floor":16,"turns":8}],"seed_played":"-7674942611080364687","potions_obtained":[{"floor":3.0,"key":"EssenceOfSteel"},{"floor":7,"key":"EntropicBrew"},{"floor":11,"key":"PowerPotion"},{"floor":16,"key":"Fire Potion"}],"is_trial":false,"path_per_floor":["M","M","M","M","M","R","M","M","T","?","M","?","?","M","R","B",null],"character_chosen":"DEFECT","items_purchased":[],"campfire_rested":0,"item_purchase_floors":[],"current_hp_per_floor":[67,64,57,50,38,38,38,38,38,38,47,39,41,41,41,22,62],"gold":282,"neow_bonus":"RANDOM_COLORLESS_2","is_prod":false,"is_daily":false,"chose_seed":false,"campfire_upgraded":2,"win_rate":0,"timestamp":1542375633,"path_taken":["M","M","?","?","M","R","M","M","T","?","?","?","?","M","R","BOSS"],"build_version":"2018-11-15","purchased_purges":0,"victory":false,"max_hp_per_floor":[75,75,75,75,75,75,75,75,75,75,75,75,75,75,75,75,75],"card_choices":[{"not_picked":["Redo","Compile Driver"],"picked":"Genetic Algorithm","floor":1.0},{"not_picked":["Sweeping Beam","Gash"],"picked":"Doom and Gloom","floor":2.0},{"not_picked":["Melter","Compile Driver"],"picked":"Consume","floor":3.0},{"not_picked":["Ball Lightning","Go for the Eyes"],"picked":"Conserve Battery","floor":4},{"not_picked":["Steam","Reprogram"],"picked":"Reboot","floor":5},{"not_picked":["Go for the Eyes","Beam Cell"],"picked":"Lockon","floor":7},{"not_picked":["Barrage","Coolheaded"],"picked":"Reinforced Body","floor":8},{"not_picked":["Rebound","Barrage","Go for the Eyes"],"picked":"SKIP","floor":11},{"not_picked":["Rebound","Gash"],"picked":"Conserve Battery","floor":12},{"not_picked":["Scrape","Cold Snap"],"picked":"Doom and Gloom","floor":13},{"not_picked":["Chill","Storm","Gash"],"picked":"SKIP","floor":14},{"not_picked":["Echo Form","All For One"],"picked":"Biased Cognition","floor":16}],"player_experience":532987,"relics_obtained":[{"floor":9,"key":"Meat on the Bone"},{"floor":12,"key":"Pocketwatch"},{"floor":13,"key":"Odd Mushroom"}],"event_choices":[{"damage_healed":0,"gold_gain":0,"player_choice":"1 cards matched","damage_taken":0,"max_hp_gain":0,"max_hp_loss":0,"event_name":"Match and Keep!","floor":10,"gold_loss":0,"cards_obtained":["Biased Cognition"]},{"damage_healed":0,"gold_gain":0,"player_choice":"Searched \u00271\u0027 times","damage_taken":0,"max_hp_gain":0,"max_hp_loss":0,"event_name":"Dead Adventurer","floor":12,"gold_loss":0},{"damage_healed":0,"gold_gain":0,"player_choice":"Fought Mushrooms","damage_taken":0,"max_hp_gain":0,"max_hp_loss":0,"event_name":"Mushrooms","floor":13,"gold_loss":0}],"is_beta":false,"boss_relics":[{"not_picked":["Runic Pyramid","Snecko Eye"],"picked":"Astrolabe"}],"items_purged_floors":[],"is_endless":false,"potions_floor_spawned":[3,7,8,11,16],"ascension_level":13}