{"gold_per_floor":[115,135,135,151,197,228,253,253,253,267,298,298,341,361,361,482,482,506,527,24,24,36,48,79,114,126,186,198,228,240,275,287,424,436,467,479],"floor_reached":36,"playtime":1955,"items_purged":["Injury"],"score":410,"play_id":"e2a90b51-c804-4fb2-a77c-88ddd1ab1c97","local_time":"20190123043845","is_ascension_mode":false,"campfire_choices":[{"floor":8,"key":"REST"},{"floor":12,"key":"REST"},{"floor":15,"key":"REST"},{"floor":23,"key":"RECALL"},{"floor":28,"key":"REST"},{"floor":32,"key":"REST"}],"neow_cost":"NONE","seed_source_timestamp":546534611706975,"circlet_count":0,"master_deck":["Strike_B","Strike_B","Strike_B","Strike_B","Defend_B","Defend_B","Defend_B","Defend_B","Zap+1","Dualcast","Conserve Battery","Doom and Gloom","Redo","Go for the Eyes","Genetic Algorithm","Hologram","Creative AI","Defragment","Double Energy","Buffer","Melter","Turbo","Skim","Chaos","Chaos","Steam","BootSequence","Self Repair","Gash","Beam Cell","Beam Cell","Hologram","Thunder Strike","Beam Cell+1"],"relics":["Cracked Core","Golden Idol","Potion Belt","Mummified Hand","Strawberry","Pear","Orrery","Ice Cream","MawBank","Spirit Poop","DataDisk","Bronze Scales","Eternal Feather"],"potions_floor_usage":[11,11,13,13,16,24,25,29,30,35],"damage_taken":[{"damage":0,"enemies":"2 Louse","floor":1,"turns":3},{"damage":0,"enemies":"Jaw Worm","floor":2,"turns":4},{"damage":0,"enemies":"Cultist","floor":4,"turns":4},{"damage":24,"enemies":"3 Sentries","floor":6,"turns":6},{"damage":3,"enemies":"2 Fungi Beasts","floor":7,"turns":3},{"damage":5,"enemies":"Looter","floor":10,"turns":4},{"damage":11,"enemies":"Lagavulin","floor":11,"turns":5},{"damage":20,"enemies":"3 Sentries","floor":13,"turns":6},{"damage":39,"enemies":"Gremlin Gang","floor":14,"turns":5},{"damage":38,"enemies":"Hexaghost","floor":16,"turns":9},{"damage":18,"enemies":"Spheric Guardian","floor":18,"turns":5},{"damage":8,"enemies":"Chosen","floor":19,"turns":5},{"damage":30,"enemies":"Centurion and Healer","floor":24,"turns":8},{"damage":6,"enemies":"Sentry and Sphere","floor":25,"turns":5},{"damage":41,"enemies":"3 Cultists","floor":29,"turns":5},{"damage":5,"enemies":"Colosseum Slavers","floor":30,"turns":5},{"damage":11,"enemies":"Shelled Parasite and Fungi","floor":31,"turns":5},{"damage":40,"enemies":"Collector","floor":33,"turns":12},{"damage":31,"enemies":"Orb Walker","floor":35,"turns":4},{"damage":76,"enemies":"2 Orb Walkers","floor":36,"turns":4}],"seed_played":"-2662395645296573166","potions_obtained":[{"floor":2,"key":"SpeedPotion"},{"floor":4,"key":"FearPotion"},{"floor":6,"key":"LiquidBronze"},{"floor":7,"key":"Strength Potion"},{"floor":11,"key":"SteroidPotion"},{"floor":16,"key":"Swift Potion"},{"floor":18,"key":"LiquidBronze"},{"floor":25,"key":"Dexterity Potion"},{"floor":33,"key":"Block Potion"}],"is_trial":false,"path_per_floor":["M","M","?","M","T","E","M","R","T","M","E","R","E","M","R","B",null,"M","M","$","?","?","R","M","M","T","T","R","M","?","M","R","B",null,"M","?"],"character_chosen":"DEFECT","items_purchased":["Ice Cream","Self Repair","AttackPotion"],"campfire_rested":5,"item_purchase_floors":[20,20,20],"current_hp_per_floor":[75,75,75,75,75,51,48,70,70,65,61,82,72,33,60,22,92,74,66,66,66,66,66,43,44,44,44,71,37,32,28,55,22,92,68,0],"gold":479,"neow_bonus":"UPGRADE_CARD","is_prod":false,"is_daily":false,"chose_seed":false,"campfire_upgraded":0,"win_rate":0,"timestamp":1548236325,"path_taken":["M","M","?","M","?","E","M","R","T","M","E","R","E","M","R","BOSS","M","?","$","?","?","R","M","?","T","?","R","M","?","M","R","BOSS","M","?"],"build_version":"2019-01-17v2","purchased_purges":1,"victory":false,"max_hp_per_floor":[75,75,75,75,75,75,75,75,75,75,82,82,92,92,92,92,92,92,92,92,92,92,92,92,92,92,92,92,92,92,92,92,92,92,92,92],"card_choices":[{"not_picked":["Lockon","Tempest"],"picked":"Conserve Battery","floor":1},{"not_picked":["Streamline","Go for the Eyes"],"picked":"Doom and Gloom","floor":2},{"not_picked":["Chill","Streamline"],"picked":"Redo","floor":4},{"not_picked":["Reinforced Body","Leap"],"picked":"Go for the Eyes","floor":6},{"not_picked":["Streamline","Cold Snap"],"picked":"Genetic Algorithm","floor":7},{"not_picked":["Beam Cell","Rebound"],"picked":"Hologram","floor":10},{"not_picked":["Streamline","Stack"],"picked":"Creative AI","floor":11},{"not_picked":["FTL","Sweeping Beam"],"picked":"Defragment","floor":13},{"not_picked":["Sweeping Beam","Coolheaded"],"picked":"Double Energy","floor":14},{"not_picked":["Rainbow","All For One"],"picked":"Buffer","floor":16},{"not_picked":["Genetic Algorithm","Stack"],"picked":"Melter","floor":17},{"not_picked":["Conserve Battery","Ball Lightning"],"picked":"Turbo","floor":17},{"not_picked":["Streamline","Steam"],"picked":"Skim","floor":17},{"not_picked":["Rip and Tear","Gash"],"picked":"Chaos","floor":17},{"not_picked":["Turbo","Doom and Gloom"],"picked":"Chaos","floor":17},{"not_picked":["Melter","Redo"],"picked":"Steam","floor":18},{"not_picked":["Ball Lightning+1","Redo"],"picked":"BootSequence","floor":19},{"not_picked":["Capacitor","Auto Shields"],"picked":"Gash","floor":24},{"not_picked":["Stack","Melter"],"picked":"Beam Cell","floor":25},{"not_picked":["Cold Snap","Recycle"],"picked":"Beam Cell","floor":29},{"not_picked":["Compile Driver","Beam Cell"],"picked":"Hologram","floor":31},{"not_picked":["Biased Cognition","All For One"],"picked":"Thunder Strike","floor":33},{"not_picked":["Reprogram","Recycle+1"],"picked":"Beam Cell+1","floor":35}],"player_experience":191319,"relics_obtained":[{"floor":6,"key":"Potion Belt"},{"floor":9,"key":"Mummified Hand"},{"floor":11,"key":"Strawberry"},{"floor":13,"key":"Pear"},{"floor":26,"key":"DataDisk"},{"floor":27,"key":"Bronze Scales"}],"event_choices":[{"damage_healed":0,"gold_gain":0,"player_choice":"Take Wound","damage_taken":0,"relics_obtained":["Golden Idol"],"max_hp_gain":0,"max_hp_loss":0,"event_name":"Golden Idol","floor":3,"gold_loss":0,"cards_obtained":["Injury"]},{"damage_healed":0,"gold_gain":0,"player_choice":"Stole Relic","damage_taken":0,"relics_obtained":["MawBank"],"max_hp_gain":0,"max_hp_loss":0,"event_name":"Addict","floor":21,"gold_loss":0,"cards_obtained":["Shame"]},{"cards_removed":["Shame"],"damage_healed":0,"gold_gain":0,"player_choice":"Offered Curse","damage_taken":0,"relics_obtained":["Spirit Poop"],"max_hp_gain":0,"max_hp_loss":0,"event_name":"Bonfire Elementals","floor":22,"gold_loss":0},{"damage_healed":0,"gold_gain":0,"player_choice":"Fight","damage_taken":0,"max_hp_gain":0,"max_hp_loss":0,"event_name":"Colosseum","floor":30,"gold_loss":0},{"damage_healed":0,"gold_gain":0,"player_choice":"Fled From Nobs","damage_taken":0,"max_hp_gain":0,"max_hp_loss":0,"event_name":"Colosseum","floor":30,"gold_loss":0},{"damage_healed":0,"gold_gain":0,"player_choice":"Fight","damage_taken":0,"max_hp_gain":0,"max_hp_loss":0,"event_name":"Mysterious Sphere","floor":36,"gold_loss":0}],"is_beta":false,"boss_relics":[{"not_picked":["FrozenCore","Runic Pyramid"],"picked":"Orrery"},{"not_picked":["Astrolabe","Calling Bell"],"picked":"Eternal Feather"}],"items_purged_floors":[20],"is_endless":false,"potions_floor_spawned":[2,4,6,7,11,16,18,25,30,33],"killed_by":"2 Orb Walkers","ascension_level":0}