{"gold_per_floor":[110,33,33,33,51,51,51,70,119,133,167,179,179,192,192,297,297,310,310,40,72,72,72,100,110,110,124,124,206,219,233,233,331,331,342,96,96],"floor_reached":37,"playtime":1839,"items_purged":["Shame"],"score":389,"play_id":"3de6b79b-44b4-48a4-abbb-b3d8d6a57453","local_time":"20190124180907","is_ascension_mode":false,"campfire_choices":[{"floor":6,"key":"RECALL"},{"data":"Creative AI","floor":13,"key":"SMITH"},{"data":"Zap","floor":15,"key":"SMITH"},{"floor":23,"key":"REST"},{"floor":28,"key":"REST"},{"data":"Buffer","floor":32,"key":"SMITH"}],"neow_cost":"NONE","seed_source_timestamp":681681684584881,"circlet_count":0,"master_deck":["Strike_B+1","Strike_B","Strike_B","Strike_B","Defend_B","Defend_B","Defend_B+1","Defend_B","Zap+1","Dualcast","Go for the Eyes","Self Repair","Go for the Eyes","Stack","Gash","Creative AI+1","Conserve Battery","Buffer+1","Hologram","Beam Cell","Self Repair","Hologram+1","Turbo+1","Recycle+1","Conserve Battery+1","Finesse+1"],"relics":["Cracked Core","NeowsBlessing","Bag of Marbles","Oddly Smooth Stone","Sozu","Pocketwatch","OrangePellets","Red Mask","MutagenicStrength","Symbiotic Virus","Toxic Egg 2","Darkstone Periapt","Cursed Key","Ancient Tea Set"],"potions_floor_usage":[11,14,16],"damage_taken":[{"damage":0,"enemies":"2 Louse","floor":1,"turns":1},{"damage":0,"enemies":"Small Slimes","floor":5,"turns":1},{"damage":0,"enemies":"Jaw Worm","floor":8,"turns":1},{"damage":0,"enemies":"Large Slime","floor":10,"turns":5},{"damage":18,"enemies":"3 Sentries","floor":11,"turns":9},{"damage":3,"enemies":"Exordium Wildlife","floor":12,"turns":5},{"damage":10,"enemies":"Lots of Slimes","floor":14,"turns":4},{"damage":27,"enemies":"Hexaghost","floor":16,"turns":10},{"damage":4,"enemies":"Chosen","floor":18,"turns":6},{"damage":40,"enemies":"Masked Bandits","floor":21,"turns":7},{"damage":39,"enemies":"Book of Stabbing","floor":24,"turns":8},{"damage":14,"enemies":"Spheric Guardian","floor":25,"turns":6},{"damage":10,"enemies":"Snake Plant","floor":27,"turns":5},{"damage":2,"enemies":"Centurion and Healer","floor":30,"turns":8},{"damage":0,"enemies":"Snecko","floor":31,"turns":7},{"damage":51,"enemies":"Automaton","floor":33,"turns":12},{"damage":74,"enemies":"3 Darklings","floor":35,"turns":9},{"damage":28,"enemies":"Orb Walker","floor":37,"turns":4}],"seed_played":"-3603361875503461402","potions_obtained":[{"floor":1,"key":"FocusPotion"},{"floor":8,"key":"Ancient Potion"},{"floor":11,"key":"LiquidBronze"},{"floor":16,"key":"SkillPotion"}],"is_trial":false,"path_per_floor":["M","$","?","$","M","R","?","M","T","M","E","M","R","M","R","B",null,"M","?","$","?","?","R","E","M","T","M","R","T","M","M","R","B",null,"M","$","M"],"character_chosen":"DEFECT","items_purchased":["Self Repair","OrangePellets","Finesse+1","Ancient Tea Set"],"campfire_rested":2,"item_purchase_floors":[2,20,36,36],"current_hp_per_floor":[75,75,60,60,67,67,67,67,67,74,63,67,67,64,64,44,75,75,75,75,42,42,64,32,32,32,36,58,58,70,75,75,31,75,15,15,0],"gold":96,"neow_bonus":"THREE_ENEMY_KILL","is_prod":false,"is_daily":false,"chose_seed":false,"campfire_upgraded":3,"win_rate":0,"timestamp":1548371347,"path_taken":["M","$","?","$","M","R","?","M","T","M","E","M","R","M","R","BOSS","M","?","$","?","?","R","E","?","T","?","R","?","M","M","R","BOSS","M","$","M"],"build_version":"2019-01-23","purchased_purges":1,"victory":false,"max_hp_per_floor":[75,75,75,75,75,75,75,75,75,75,75,75,75,75,75,75,75,75,75,75,75,75,75,75,75,75,75,75,75,75,75,75,75,75,75,75,75],"card_choices":[{"not_picked":["Cold Snap","Fusion"],"picked":"Go for the Eyes","floor":1},{"not_picked":["Chill","Redo"],"picked":"Go for the Eyes","floor":5},{"not_picked":["Storm","Rebound"],"picked":"Stack","floor":8},{"not_picked":["Hello World","Redo","Blizzard"],"picked":"SKIP","floor":10},{"not_picked":["Stack","Barrage"],"picked":"Gash","floor":11},{"not_picked":["Stack","Rebound"],"picked":"Creative AI","floor":12},{"not_picked":["Steam Power","Storm"],"picked":"Conserve Battery","floor":14},{"not_picked":["Fission","Rainbow"],"picked":"Buffer","floor":16},{"not_picked":["Steam","Cold Snap"],"picked":"Hologram","floor":18},{"not_picked":["Streamline","Undo"],"picked":"Beam Cell","floor":21},{"not_picked":["Recycle","Go for the Eyes"],"picked":"Self Repair","floor":24},{"not_picked":["Compile Driver","Steam"],"picked":"Hologram+1","floor":25},{"not_picked":["Scrape","All For One","Hologram+1"],"picked":"SKIP","floor":27},{"not_picked":["Recycle+1","Reprogram+1"],"picked":"Turbo+1","floor":30},{"not_picked":["Tempest+1","Compile Driver+1"],"picked":"Recycle+1","floor":31},{"not_picked":["Beam Cell+1","Cold Snap"],"picked":"Conserve Battery+1","floor":35}],"player_experience":217602,"relics_obtained":[{"floor":11,"key":"Oddly Smooth Stone"},{"floor":21,"key":"Red Mask"},{"floor":24,"key":"Symbiotic Virus"},{"floor":26,"key":"Toxic Egg 2"},{"floor":29,"key":"Darkstone Periapt"}],"event_choices":[{"damage_healed":0,"gold_gain":0,"player_choice":"Entered Light","damage_taken":15,"max_hp_gain":0,"max_hp_loss":0,"event_name":"Shining Light","floor":3,"gold_loss":0,"cards_upgraded":["Strike_B","Defend_B"]},{"damage_healed":0,"gold_gain":0,"player_choice":"Searched \u00272\u0027 times","damage_taken":0,"relics_obtained":["Bag of Marbles"],"max_hp_gain":0,"max_hp_loss":0,"event_name":"Dead Adventurer","floor":7,"gold_loss":0},{"damage_healed":0,"gold_gain":0,"player_choice":"Stole Relic","damage_taken":0,"relics_obtained":["Pocketwatch"],"max_hp_gain":0,"max_hp_loss":0,"event_name":"Addict","floor":19,"gold_loss":0,"cards_obtained":["Shame"]},{"damage_healed":0,"gold_gain":0,"player_choice":"Fought Bandits","damage_taken":0,"max_hp_gain":0,"max_hp_loss":0,"event_name":"Masked Bandits","floor":21,"gold_loss":0},{"damage_healed":0,"gold_gain":0,"player_choice":"Inject Mutagens","damage_taken":0,"relics_obtained":["MutagenicStrength"],"max_hp_gain":0,"max_hp_loss":0,"event_name":"Drug Dealer","floor":22,"gold_loss":0}],"is_beta":false,"boss_relics":[{"not_picked":["Empty Cage","Philosopher\u0027s Stone"],"picked":"Sozu"},{"not_picked":["Snecko Eye","Runic Pyramid"],"picked":"Cursed Key"}],"items_purged_floors":[20],"is_endless":false,"potions_floor_spawned":[1,8,11,16,21,30],"killed_by":"Orb Walker","ascension_level":0}