{"gold_per_floor":[117,137,137,137,153,153,192,192,192,192,236,236,257,161,161,161],"floor_reached":16,"playtime":1964,"items_purged":[],"score":189,"play_id":"eefba813-e628-4f2b-b5d8-e905afc3c509","local_time":"20181216125839","is_ascension_mode":true,"campfire_choices":[{"data":"Flechettes","floor":6.0,"key":"SMITH"},{"floor":8,"key":"REST"},{"data":"Noxious Fumes","floor":10,"key":"SMITH"},{"floor":15,"key":"REST"}],"neow_cost":"NONE","seed_source_timestamp":7254417809240,"circlet_count":0,"master_deck":["AscendersBane","Defend_G","Defend_G","Defend_G","Defend_G","Defend_G","Strike_G","Strike_G","Strike_G","Strike_G","Strike_G","Survivor","Neutralize","Dodge and Roll","Regret","Flechettes+1","Noxious Fumes+1","Catalyst","Backflip","Caltrops"],"special_seed":0,"relics":["Eternal Feather","Turnip","Golden Idol","Tingsha","Gremlin Horn","Paper Crane","Blood Vial"],"potions_floor_usage":[7,11,16],"damage_taken":[{"damage":0.0,"enemies":"2 Louse","floor":1.0,"turns":5.0},{"damage":1.0,"enemies":"Small Slimes","floor":2.0,"turns":5.0},{"damage":2.0,"enemies":"Cultist","floor":5.0,"turns":5.0},{"damage":37,"enemies":"3 Sentries","floor":7,"turns":14},{"damage":19,"enemies":"Gremlin Nob","floor":11,"turns":6},{"damage":11,"enemies":"Red Slaver","floor":13,"turns":5},{"damage":56,"enemies":"Slime Boss","floor":16,"turns":11}],"seed_played":"-7509109608224092213","potions_obtained":[{"floor":1.0,"key":"GhostInAJar"},{"floor":2.0,"key":"SpeedPotion"},{"floor":13,"key":"Ancient Potion"}],"is_trial":false,"path_per_floor":["M","M","?","?","M","R","E","R","T","R","E","?","M","$","R","B"],"character_chosen":"THE_SILENT","items_purchased":["Backflip","Caltrops"],"campfire_rested":2,"item_purchase_floors":[14,14],"current_hp_per_floor":[59,58,58,35,33,42,5,33,33,42,23,23,14,14,45,0],"gold":161,"neow_bonus":"BOSS_RELIC","is_prod":false,"is_daily":false,"chose_seed":false,"campfire_upgraded":2,"win_rate":0,"timestamp":1544961519,"path_taken":["M","M","?","?","M","R","E","R","T","R","E","?","?","?","R","BOSS"],"build_version":"2018-12-13","purchased_purges":0,"victory":false,"max_hp_per_floor":[66,66,66,66,66,66,66,66,66,66,66,66,66,66,66,66],"card_choices":[{"not_picked":["Eviscerate","Bane","Quick Slash"],"picked":"SKIP","floor":1.0},{"not_picked":["Flying Knee","Flechettes"],"picked":"Dodge and Roll","floor":2.0},{"not_picked":["Deflect","Backstab"],"picked":"Flechettes","floor":5.0},{"not_picked":["PiercingWail","Well Laid Plans"],"picked":"Noxious Fumes","floor":7},{"not_picked":["Flying Knee","Venomology"],"picked":"Tactician","floor":11},{"not_picked":["Accuracy","Setup"],"picked":"Catalyst","floor":13}],"player_experience":631108,"relics_obtained":[{"floor":7,"key":"Tingsha"},{"floor":9,"key":"Gremlin Horn"},{"floor":11,"key":"Paper Crane"}],"event_choices":[{"damage_healed":0.0,"max_hp_gain":0.0,"max_hp_loss":0.0,"gold_gain":0.0,"event_name":"Big Fish","player_choice":"Box","floor":3.0,"gold_loss":0.0,"damage_taken":0.0,"relics_obtained":["Turnip"],"cards_obtained":["Regret"]},{"damage_healed":0.0,"max_hp_gain":0.0,"max_hp_loss":0.0,"gold_gain":0.0,"event_name":"Golden Idol","player_choice":"Take Damage","floor":4.0,"gold_loss":0.0,"damage_taken":23.0,"relics_obtained":["Golden Idol"]},{"cards_removed":["Tactician"],"damage_healed":0,"gold_gain":0,"player_choice":"Gave Card","damage_taken":0,"relics_obtained":["Blood Vial"],"max_hp_gain":0,"max_hp_loss":0,"event_name":"WeMeetAgain","floor":12,"gold_loss":0}],"is_beta":false,"boss_relics":[],"items_purged_floors":[],"is_endless":false,"potions_floor_spawned":[1,2,5,13],"killed_by":"Slime Boss","ascension_level":15}