{"gold_per_floor":[115,115,126,126,201,228,238,254,279,298,298,298,317,332,332,430,430,413,413,86,99,27,27,83,117,196,211,211,211],"floor_reached":29,"playtime":1764,"items_purged":["Pain"],"score":257,"play_id":"c0b1a848-e704-4882-902f-892ce466c15d","local_time":"20190102231026","is_ascension_mode":true,"campfire_choices":[{"floor":11,"key":"REST"},{"floor":15,"key":"REST"},{"data":"Defragment","floor":23,"key":"SMITH"},{"floor":28,"key":"REST"}],"neow_cost":"NONE","seed_source_timestamp":288591023022999,"circlet_count":0,"master_deck":["Strike_B","Strike_B","Strike_B","Strike_B","Defend_B","Defend_B","Defend_B","Defend_B","Zap","Dualcast","Seek","Go for the Eyes","Regret","Consume+1","Glacier","Turbo","Ball Lightning","Defragment+1","Conserve Battery","Chaos","Fission","Conserve Battery","Rainbow","Redo","Go for the Eyes","Static Discharge","Leap","Gash+1","Gash","Go for the Eyes","Fission","Ball Lightning","Glacier+1","Steam Power"],"relics":["Cracked Core","Dream Catcher","Oddly Smooth Stone","Bag of Marbles","Mummified Hand","Runic Pyramid","WarpedTongs","Tiny Chest","Red Mask","Question Card"],"potions_floor_usage":[13,16,16,16,25,29,29],"damage_taken":[{"damage":1,"enemies":"2 Louse","floor":1,"turns":2},{"damage":2,"enemies":"Jaw Worm","floor":3,"turns":3},{"damage":15,"enemies":"Lagavulin","floor":6,"turns":5},{"damage":4,"enemies":"Small Slimes","floor":7,"turns":4},{"damage":11,"enemies":"Exordium Thugs","floor":8,"turns":5},{"damage":16,"enemies":"2 Fungi Beasts","floor":10,"turns":3},{"damage":10,"enemies":"3 Louse","floor":13,"turns":6},{"damage":6,"enemies":"Exordium Thugs","floor":14,"turns":4},{"damage":39,"enemies":"The Guardian","floor":16,"turns":12},{"damage":6,"enemies":"2 Thieves","floor":18,"turns":4},{"damage":10,"enemies":"Spheric Guardian","floor":21,"turns":3},{"damage":39,"enemies":"Slavers","floor":24,"turns":5},{"damage":9,"enemies":"Masked Bandits","floor":25,"turns":6},{"damage":3,"enemies":"Snake Plant","floor":27,"turns":4},{"damage":32,"enemies":"Gremlin Leader","floor":29,"turns":7}],"seed_played":"-4112598038822333929","potions_obtained":[{"floor":3,"key":"EssenceOfSteel"},{"floor":6,"key":"AttackPotion"},{"floor":10,"key":"Regen Potion"},{"floor":13,"key":"Poison Potion"},{"floor":18,"key":"LiquidBronze"},{"floor":21,"key":"AttackPotion"}],"is_trial":false,"path_per_floor":["M","?","M","?","?","E","M","M","T","M","R","?","M","M","R","B",null,"M","?","$","M","$","R","E","?","T","M","R","E"],"character_chosen":"DEFECT","items_purchased":["Go for the Eyes","Static Discharge","Leap","EntropicBrew","Gash","Go for the Eyes"],"campfire_rested":3,"item_purchase_floors":[20,20,20,20,22,22],"current_hp_per_floor":[74,74,72,72,61,46,42,31,31,15,37,19,24,18,40,1,75,69,69,69,59,59,59,20,11,11,8,30,0],"gold":211,"neow_bonus":"ONE_RANDOM_RARE_CARD","is_prod":false,"is_daily":false,"chose_seed":false,"campfire_upgraded":1,"win_rate":0,"timestamp":1546492226,"path_taken":["M","?","M","?","?","E","M","?","T","M","R","?","M","M","R","BOSS","M","?","$","M","?","R","E","?","T","M","R","E"],"build_version":"2018-12-20","purchased_purges":1,"victory":false,"max_hp_per_floor":[75,75,75,75,75,75,75,75,75,75,75,75,75,75,75,75,75,75,75,75,75,75,75,75,75,75,75,75,75],"card_choices":[{"not_picked":["Leap","Steam"],"picked":"Go for the Eyes","floor":1},{"not_picked":["Recycle","Force Field"],"picked":"Consume","floor":3},{"not_picked":["Recycle","Sweeping Beam"],"picked":"Glacier","floor":6},{"not_picked":["Gash","BootSequence"],"picked":"Turbo","floor":7},{"not_picked":["FTL","Sunder"],"picked":"Ball Lightning","floor":8},{"not_picked":["Scrape","Redo"],"picked":"Defragment","floor":10},{"not_picked":["Compile Driver","Ball Lightning"],"picked":"Conserve Battery","floor":11},{"not_picked":["Ball Lightning","Gash"],"picked":"Chaos","floor":13},{"not_picked":["Stack","FTL"],"picked":"Fission","floor":14},{"not_picked":["Stack","Ball Lightning"],"picked":"Conserve Battery","floor":15},{"not_picked":["Amplify","Meteor Strike"],"picked":"Rainbow","floor":16},{"not_picked":["Force Field","Cold Snap"],"picked":"Redo","floor":18},{"not_picked":["Turbo+1","Doom and Gloom"],"picked":"Gash+1","floor":21},{"not_picked":["Gash+1","Barrage"],"picked":"Fission","floor":24},{"not_picked":["Redo","Go for the Eyes"],"picked":"Ball Lightning","floor":25},{"not_picked":["Steam","Coolheaded+1","FTL"],"picked":"Glacier+1","floor":27},{"not_picked":["Go for the Eyes","Steam","Blizzard"],"picked":"Steam Power","floor":28}],"player_experience":33101,"relics_obtained":[{"floor":6,"key":"Oddly Smooth Stone"},{"floor":9,"key":"Bag of Marbles"},{"floor":24,"key":"Tiny Chest"},{"floor":25,"key":"Red Mask"},{"floor":26,"key":"Question Card"}],"event_choices":[{"damage_healed":0,"gold_gain":0,"player_choice":"Box","damage_taken":0,"relics_obtained":["Dream Catcher"],"max_hp_gain":0,"max_hp_loss":0,"event_name":"Big Fish","floor":2,"gold_loss":0,"cards_obtained":["Regret"]},{"damage_healed":0,"gold_gain":0,"player_choice":"Grow","damage_taken":0,"max_hp_gain":0,"max_hp_loss":0,"event_name":"Living Wall","floor":4,"gold_loss":0,"cards_upgraded":["Consume"]},{"damage_healed":0,"gold_gain":75,"player_choice":"Gather Gold","damage_taken":11,"max_hp_gain":0,"max_hp_loss":0,"event_name":"World of Goop","floor":5,"gold_loss":0},{"damage_healed":0,"gold_gain":0,"player_choice":"Success","damage_taken":18,"relics_obtained":["Mummified Hand"],"max_hp_gain":0,"max_hp_loss":0,"event_name":"Scrap Ooze","floor":12,"gold_loss":0},{"damage_healed":0,"gold_gain":0,"player_choice":"Rummage","damage_taken":0,"relics_obtained":["WarpedTongs"],"max_hp_gain":0,"max_hp_loss":0,"event_name":"Accursed Blacksmith","floor":19,"gold_loss":0,"cards_obtained":["Pain"]},{"damage_healed":0,"gold_gain":0,"player_choice":"Fought Bandits","damage_taken":0,"max_hp_gain":0,"max_hp_loss":0,"event_name":"Masked Bandits","floor":25,"gold_loss":0}],"is_beta":false,"boss_relics":[{"not_picked":["Calling Bell","Black Star"],"picked":"Runic Pyramid"}],"items_purged_floors":[20],"is_endless":false,"potions_floor_spawned":[3,6,10,13,14,18,21],"killed_by":"Gremlin Leader","ascension_level":1}