{"gold_per_floor":[112,43,55,55,55,55,66,66,66,76,88,107,127,154,154,255,255,268,280,280,153,168,168,198,198,228,153,173,191,191,202,202,298,298,312,332,346,346,366,366,28,28,51,51,68,68,84,96,96,96],"floor_reached":50,"playtime":4076,"items_purged":["Strike_R","Strike_R"],"score":660,"play_id":"94cb68b1-74cf-44ff-935c-88963e5b8765","local_time":"20180923114139","is_ascension_mode":false,"campfire_choices":[{"data":"Searing Blow","floor":6.0,"key":"SMITH"},{"data":"Searing Blow+1","floor":8.0,"key":"SMITH"},{"data":"Searing Blow+2","floor":15.0,"key":"SMITH"},{"data":"Searing Blow+3","floor":23,"key":"SMITH"},{"data":"Searing Blow+4","floor":25,"key":"SMITH"},{"data":"Searing Blow+5","floor":30,"key":"SMITH"},{"data":"Searing Blow+6","floor":32,"key":"SMITH"},{"data":"Searing Blow+7","floor":40,"key":"SMITH"},{"data":"Searing Blow+8","floor":42,"key":"SMITH"},{"data":"Searing Blow+9","floor":44,"key":"SMITH"},{"data":"Searing Blow+11","floor":49,"key":"SMITH"}],"neow_cost":"","seed_source_timestamp":0,"circlet_count":0,"master_deck":["Defend_R","Defend_R","Defend_R","Defend_R","Bash","Spot Weakness","Searing Blow+12","Armaments","Armaments","Impervious","Body Slam+1","Armaments","Armaments","Headbutt","Battle Trance","Juggernaut","Intimidate+1","Intimidate+1","Evolve+1","Metallicize+1","Shrug It Off+1"],"special_seed":0,"relics":["Burning Blood","Bottled Lightning","Oddly Smooth Stone","Empty Cage","Matryoshka","Tiny Chest","Mummified Hand","White Beast Statue","Darkstone Periapt","Orichalcum","Lantern"],"potions_floor_usage":[24,28,33,33,33,39,45,47,50,50,50],"damage_taken":[{"damage":1.0,"enemies":"Cultist","floor":1.0,"turns":4.0},{"damage":16.0,"enemies":"Jaw Worm","floor":3.0,"turns":5.0},{"damage":3.0,"enemies":"Small Slimes","floor":7.0,"turns":3.0},{"damage":4.0,"enemies":"Gremlin Gang","floor":10.0,"turns":4.0},{"damage":0.0,"enemies":"2 Fungi Beasts","floor":11.0,"turns":3.0},{"damage":24.0,"enemies":"Lots of Slimes","floor":12.0,"turns":6.0},{"damage":0.0,"enemies":"Red Slaver","floor":13.0,"turns":5.0},{"damage":52.0,"enemies":"Hexaghost","floor":16.0,"turns":9.0},{"damage":3.0,"enemies":"3 Byrds","floor":18.0,"turns":3.0},{"damage":7,"enemies":"Shell Parasite","floor":19,"turns":8},{"damage":0,"enemies":"Snecko","floor":22,"turns":5},{"damage":21,"enemies":"Slavers","floor":24,"turns":10},{"damage":0,"enemies":"Chosen and Byrds","floor":28,"turns":6},{"damage":8,"enemies":"Centurion and Healer","floor":29,"turns":7},{"damage":24,"enemies":"Sentry and Sphere","floor":31,"turns":6},{"damage":54,"enemies":"Collector","floor":33,"turns":9},{"damage":13,"enemies":"3 Darklings","floor":35,"turns":11},{"damage":2,"enemies":"Orb Walker","floor":36,"turns":3},{"damage":22,"enemies":"Maw","floor":37,"turns":8},{"damage":13,"enemies":"Sphere and 2 Shapes","floor":39,"turns":9},{"damage":25,"enemies":"4 Shapes","floor":45,"turns":6},{"damage":33,"enemies":"Reptomancer","floor":47,"turns":5},{"damage":5,"enemies":"Spire Growth","floor":48,"turns":4},{"damage":39,"enemies":"Time Eater","floor":50,"turns":11}],"seed_played":"2258734079003078347","potions_obtained":[{"floor":3.0,"key":"PowerPotion"},{"floor":5.0,"key":"Fruit Juice"},{"floor":5.0,"key":"SteroidPotion"},{"floor":11.0,"key":"Dexterity Potion"},{"floor":12.0,"key":"Block Potion"},{"floor":16.0,"key":"LiquidBronze"},{"floor":22,"key":"Block Potion"},{"floor":28,"key":"LiquidBronze"},{"floor":31,"key":"PowerPotion"},{"floor":35,"key":"SteroidPotion"},{"floor":36,"key":"Regen Potion"},{"floor":37,"key":"Weak Potion"},{"floor":39,"key":"SkillPotion"},{"floor":45,"key":"Explosive Potion"},{"floor":47,"key":"SkillPotion"},{"floor":48,"key":"Weak Potion"}],"is_trial":true,"path_per_floor":["M","$","M","?","?","R","M","R","T","M","M","M","M","T","R","B",null,"M","M","?","$","M","R","E","R","T","?","M","M","R","M","R","B",null,"M","M","M","$","M","R","$","R","T","R","M","?","M","M","R"],"character_chosen":"IRONCLAD","items_purchased":["Searing Blow","Armaments","Darkstone Periapt"],"campfire_rested":0,"item_purchase_floors":[2,21,41],"current_hp_per_floor":[80,80,70,75,75,75,83,83,83,85,90,72,78,78,78,32,90,90,89,89,89,90,90,75,75,75,75,81,79,79,61,61,13,90,83,87,71,71,79,79,79,79,79,79,60,60,33,34,34,0],"gold":96,"neow_bonus":"","is_prod":false,"is_daily":false,"chose_seed":false,"campfire_upgraded":11,"win_rate":0,"timestamp":1537695699,"path_taken":["M","?","M","?","?","R","M","R","T","M","M","?","M","?","R","BOSS","M","M","?","$","M","R","E","R","T","?","M","?","R","M","R","BOSS","M","M","M","$","M","R","$","R","T","R","M","?","M","M","R","BOSS"],"build_version":"2018-09-20","purchased_purges":2,"victory":false,"max_hp_per_floor":[80,80,80,85,85,85,90,90,90,90,90,90,90,90,90,90,90,90,90,90,90,90,90,90,90,90,90,90,90,90,90,90,90,90,90,90,90,90,90,90,90,90,90,90,90,90,90,90,90,90],"card_choices":[{"not_picked":["Body Slam","Wild Strike"],"picked":"Spot Weakness","floor":1.0},{"not_picked":["Iron Wave","Whirlwind","Pommel Strike"],"picked":"SKIP","floor":3.0},{"not_picked":["Thunderclap","Infernal Blade","Flex"],"picked":"SKIP","floor":7.0},{"not_picked":["Pommel Strike","Sword Boomerang"],"picked":"Armaments","floor":10.0},{"not_picked":["Feel No Pain","Flex","Juggernaut"],"picked":"SKIP","floor":11.0},{"not_picked":["Clash","Sword Boomerang"],"picked":"Armaments","floor":12.0},{"not_picked":["Searing Blow","Spot Weakness","Sword Boomerang"],"picked":"SKIP","floor":13.0},{"not_picked":["Dark Embrace","Exhume"],"picked":"Impervious","floor":16.0},{"not_picked":["Twin Strike+1","Cleave","Flex"],"picked":"SKIP","floor":18},{"not_picked":["Berserk","Flex+1"],"picked":"Body Slam+1","floor":19},{"not_picked":["Rupture","Disarm"],"picked":"Armaments","floor":22},{"not_picked":["Twin Strike","Cleave","Thunderclap"],"picked":"SKIP","floor":24},{"not_picked":["Pummel","Rupture"],"picked":"Headbutt","floor":28},{"not_picked":["Flex","Cleave"],"picked":"Battle Trance","floor":29},{"not_picked":["Twin Strike+1","Warcry","Heavy Blade"],"picked":"SKIP","floor":31},{"not_picked":["Offering","Dark Embrace"],"picked":"Juggernaut","floor":33},{"not_picked":["Iron Wave+1","Sword Boomerang"],"picked":"Intimidate+1","floor":35},{"not_picked":["Pommel Strike","Warcry"],"picked":"Intimidate+1","floor":36},{"not_picked":["Pummel","Blood for Blood"],"picked":"Evolve+1","floor":37},{"not_picked":["Second Wind","Heavy Blade","Flex"],"picked":"SKIP","floor":39},{"not_picked":["Corruption","Pommel Strike"],"picked":"Metallicize+1","floor":45},{"not_picked":["Limit Break","Carnage+1","Heavy Blade"],"picked":"SKIP","floor":47},{"not_picked":["Iron Wave","Thunderclap+1"],"picked":"Shrug It Off+1","floor":48}],"player_experience":447431,"relics_obtained":[{"floor":9.0,"key":"Bottled Lightning"},{"floor":14.0,"key":"Oddly Smooth Stone"},{"floor":24,"key":"Matryoshka"},{"floor":26,"key":"Tiny Chest"},{"floor":26,"key":"Mummified Hand"},{"floor":43,"key":"Orichalcum"},{"floor":43,"key":"Lantern"}],"event_choices":[{"event_name":"Big Fish","player_choice":"Donut","floor":4.0,"damage_taken":0.0},{"event_name":"The Lab","player_choice":"Got Potions","floor":5.0,"damage_taken":0.0},{"event_name":"Ghosts","player_choice":"Ignored","floor":20,"damage_taken":0},{"event_name":"Beggar","player_choice":"Gave Gold","floor":27,"damage_taken":0},{"event_name":"Upgrade Shrine","player_choice":"Upgraded","floor":46,"damage_taken":0}],"is_beta":false,"boss_relics":[{"not_picked":["Sozu","Ectoplasm"],"picked":"Empty Cage"},{"not_picked":["Astrolabe","Calling Bell"],"picked":"White Beast Statue"}],"items_purged_floors":[21,41],"is_endless":true,"potions_floor_spawned":[3,11,12,16,22,28,31,35,36,37,39,45,47,48],"killed_by":"Time Eater","ascension_level":0}