{"gold_per_floor":[116,134,84,84,84,84,116,135,162,173,193,208,208,308,308,408,408,424,315,326,341,341],"floor_reached":22,"playtime":1475,"items_purged":["Strike_B"],"score":216,"play_id":"bf06a88b-0ac5-418d-8847-051da9bbd40b","local_time":"20180722004308","is_ascension_mode":true,"campfire_choices":[{"data":"Force Field","floor":6,"key":"SMITH"},{"floor":13,"key":"REST"},{"floor":15,"key":"REST"}],"neow_cost":"NONE","seed_source_timestamp":0,"circlet_count":0,"master_deck":["Strike_B","Strike_B+1","Strike_B+1","Defend_B","Defend_B","Defend_B","Defend_B","Zap","Force Field+1","Storm","Hello World","Stack","Tempest","Sunder","Electrodynamics","Thunder Strike","Defragment","Static Discharge+1","Force Field+1"],"special_seed":0,"relics":["Black Star","Matryoshka","Bag of Marbles","Pen Nib","Boot","Whetstone","Sozu"],"potions_floor_usage":[7,7,12,16,16,22],"damage_taken":[{"damage":1,"enemies":"Cultist","floor":1,"turns":4},{"damage":3,"enemies":"2 Louse","floor":2,"turns":3},{"damage":37,"enemies":"Gremlin Nob","floor":7,"turns":5},{"damage":7,"enemies":"Small Slimes","floor":8,"turns":4},{"damage":11,"enemies":"Blue Slaver","floor":10,"turns":5},{"damage":13,"enemies":"Lots of Slimes","floor":11,"turns":5},{"damage":1,"enemies":"Looter","floor":12,"turns":3},{"damage":19,"enemies":"Slime Boss","floor":16,"turns":6},{"damage":7,"enemies":"Spheric Guardian","floor":18,"turns":5},{"damage":18,"enemies":"Shell Parasite","floor":20,"turns":3},{"damage":33,"enemies":"Snake Plant","floor":21,"turns":3},{"damage":28,"enemies":"Slaver and Parasite","floor":22,"turns":1}],"seed_played":"8823836265059004561","potions_obtained":[{"floor":1,"key":"SpeedPotion"},{"floor":4,"key":"SteroidPotion"},{"floor":4,"key":"SteroidPotion"},{"floor":8,"key":"Poison Potion"},{"floor":11,"key":"SkillPotion"},{"floor":12,"key":"Regen Potion"}],"is_trial":false,"path_per_floor":["M","M","?","?","T","R","E","M","T","M","M","M","R","?","R","B",null,"M","$","M","M"],"character_chosen":"DEFECT","items_purchased":["Defragment"],"campfire_rested":2,"item_purchase_floors":[19],"current_hp_per_floor":[74,71,71,71,71,71,34,27,27,16,3,2,24,24,46,41,75,68,68,50,17,0],"gold":341,"neow_bonus":"BOSS_RELIC","is_prod":false,"is_daily":false,"chose_seed":false,"campfire_upgraded":1,"win_rate":0,"timestamp":1532212988,"path_taken":["M","M","?","?","?","R","E","?","T","M","M","M","R","?","R","BOSS","M","$","M","M","M"],"build_version":"2018-07-19v2","purchased_purges":1,"victory":false,"max_hp_per_floor":[75,75,75,75,75,75,75,75,75,75,75,75,75,75,75,75,75,75,75,75,75,75],"card_choices":[{"not_picked":["Loop","Ball Lightning"],"picked":"Force Field","floor":1},{"not_picked":["Reinforced Body","Redo"],"picked":"Storm","floor":2},{"not_picked":["Gash","Cold Snap"],"picked":"Hello World","floor":7},{"not_picked":["Go for the Eyes","Streamline"],"picked":"Stack","floor":8},{"not_picked":["Steam","Melter"],"picked":"Tempest","floor":10},{"not_picked":["Rebound","Beam Cell"],"picked":"Sunder","floor":11},{"not_picked":["Leap","Turbo"],"picked":"Electrodynamics","floor":12},{"not_picked":["Biased Cognition","Reboot"],"picked":"Thunder Strike","floor":16},{"not_picked":["Chill","Consume","Streamline"],"picked":"SKIP","floor":18},{"not_picked":["Sweeping Beam","Beam Cell"],"picked":"Static Discharge+1","floor":20},{"not_picked":["Rebound","Cold Snap"],"picked":"Force Field+1","floor":21}],"player_experience":147533,"relics_obtained":[{"floor":5,"key":"Matryoshka"},{"floor":7,"key":"Bag of Marbles"},{"floor":7,"key":"Pen Nib"},{"floor":9,"key":"Boot"},{"floor":9,"key":"Whetstone"}],"event_choices":[{"event_name":"The Cleric","player_choice":"Card Removal","floor":3,"damage_taken":0},{"event_name":"The Lab","player_choice":"Got Potions","floor":4,"damage_taken":0},{"event_name":"Golden Shrine","player_choice":"Pray","floor":14,"damage_taken":0}],"is_beta":false,"boss_relics":[{"not_picked":["Coffee Dripper","Snecko Eye"],"picked":"Sozu"}],"items_purged_floors":[19],"is_endless":false,"potions_floor_spawned":[1,8,11,12,20],"killed_by":"Slaver and Parasite","ascension_level":3}