{"gold_per_floor":[113,113,113,38,57,57,73,73,73,73,93,93,103,128,128,202,202,219,269,282,282,282,282],"floor_reached":23,"playtime":1497,"items_purged":["Strike_R"],"score":340,"play_id":"b6bbb992-3027-46e5-a264-f73caab1a756","local_time":"20190106140726","is_ascension_mode":true,"campfire_choices":[{"data":"Havoc","floor":6.0,"key":"SMITH"},{"data":"Flex","floor":8.0,"key":"SMITH"},{"data":"Clash","floor":10.0,"key":"SMITH"},{"data":"Clash","floor":12.0,"key":"SMITH"},{"data":"Warcry","floor":15.0,"key":"SMITH"}],"neow_cost":"TEN_PERCENT_HP_LOSS","seed_source_timestamp":0,"circlet_count":0,"master_deck":["AscendersBane","Strike_R","Strike_R","Strike_R","Defend_R","Defend_R","Defend_R","Bash","Havoc+1","Havoc+1","Havoc+1","Clash+1","Clash+1","Flex+1","Warcry+1","Flex","Intimidate"],"special_seed":0,"relics":["Black Blood","Unceasing Top","Matryoshka","Magic Flower"],"potions_floor_usage":[23,23],"damage_taken":[{"damage":7.0,"enemies":"Jaw Worm","floor":1.0,"turns":3.0},{"damage":11.0,"enemies":"Cultist","floor":5.0,"turns":4.0},{"damage":10.0,"enemies":"2 Louse","floor":7.0,"turns":3.0},{"damage":0.0,"enemies":"Large Slime","floor":11.0,"turns":2.0},{"damage":5.0,"enemies":"Gremlin Gang","floor":13.0,"turns":3.0},{"damage":5.0,"enemies":"Lagavulin","floor":14.0,"turns":5.0},{"damage":35.0,"enemies":"The Guardian","floor":16.0,"turns":5.0},{"damage":19,"enemies":"Chosen","floor":18,"turns":5},{"damage":25,"enemies":"Spheric Guardian","floor":20,"turns":4},{"damage":60,"enemies":"Gremlin Leader","floor":23,"turns":8}],"seed_played":"6623829719633615","potions_obtained":[{"floor":1.0,"key":"Strength Potion"},{"floor":11.0,"key":"SteroidPotion"},{"floor":16.0,"key":"SkillPotion"},{"floor":22,"key":"SteroidPotion"}],"is_trial":false,"path_per_floor":["M","?","?","$","M","R","M","R","T","R","M","R","M","E","R","B",null,"M","?","M","?","?","E"],"character_chosen":"IRONCLAD","items_purchased":[],"campfire_rested":0,"item_purchase_floors":[],"current_hp_per_floor":[67,67,67,67,62,62,58,58,58,58,64,64,65,66,66,40,61,57,57,47,47,47,0],"gold":282,"neow_bonus":"ONE_RARE_RELIC","is_prod":false,"is_daily":false,"chose_seed":false,"campfire_upgraded":5,"win_rate":0,"timestamp":1546780046,"path_taken":["M","?","?","$","M","R","M","R","T","R","M","R","M","E","R","BOSS","M","?","M","?","?","E"],"build_version":"2019-01-03v4","purchased_purges":1,"victory":false,"max_hp_per_floor":[68,68,68,68,68,68,68,68,68,68,68,68,68,68,68,68,68,68,68,68,68,68,68],"card_choices":[{"not_picked":["Uppercut","Dropkick"],"picked":"Havoc","floor":1.0},{"not_picked":["Uppercut","Dropkick"],"picked":"Havoc","floor":1.0},{"not_picked":["Uppercut","Dropkick"],"picked":"Havoc","floor":1.0},{"not_picked":["Combust","Flex"],"picked":"Clash","floor":5.0},{"not_picked":["Combust","Flex"],"picked":"Clash","floor":5.0},{"not_picked":["Infernal Blade","Iron Wave"],"picked":"Flex","floor":7.0},{"not_picked":["Ghostly Armor","Thunderclap","Rupture"],"picked":"SKIP","floor":11.0},{"not_picked":["Armaments","Shrug It Off","Hemokinesis"],"picked":"SKIP","floor":13.0},{"not_picked":["Thunderclap","Dark Embrace"],"picked":"Warcry","floor":14.0},{"not_picked":["Pommel Strike","Wild Strike+1"],"picked":"Flex","floor":18},{"not_picked":["Dual Wield","Wild Strike"],"picked":"Intimidate","floor":20}],"player_experience":697775,"relics_obtained":[{"floor":9.0,"key":"Matryoshka"},{"floor":14.0,"key":"Magic Flower"}],"event_choices":[{"cards_removed":["Strike_R"],"damage_healed":0.0,"max_hp_gain":0.0,"max_hp_loss":0.0,"gold_gain":0.0,"event_name":"Living Wall","player_choice":"Forget","floor":2.0,"gold_loss":0.0,"damage_taken":0.0},{"cards_removed":["Defend_R"],"damage_healed":0.0,"max_hp_gain":0.0,"max_hp_loss":0.0,"gold_gain":0.0,"event_name":"Bonfire Elementals","player_choice":"Offered Basic","floor":3.0,"gold_loss":0.0,"damage_taken":0.0},{"damage_healed":0,"gold_gain":50,"player_choice":"Stole From Cult","damage_taken":0,"max_hp_gain":0,"max_hp_loss":0,"event_name":"Nest","floor":19,"gold_loss":0},{"damage_healed":0,"gold_gain":0,"player_choice":"Ignored","damage_taken":0,"max_hp_gain":0,"max_hp_loss":0,"event_name":"The Mausoleum","floor":21,"gold_loss":0},{"damage_healed":0,"gold_gain":0,"player_choice":"Got Potions","damage_taken":0,"max_hp_gain":0,"max_hp_loss":0,"event_name":"Lab","floor":22,"gold_loss":0}],"is_beta":false,"boss_relics":[{"not_picked":["Sozu","Busted Crown"],"picked":"Black Blood"}],"items_purged_floors":[4],"is_endless":false,"potions_floor_spawned":[1,11,16],"killed_by":"Gremlin Leader","ascension_level":16}