{"gold_per_floor":[111,129,129,146,163,194,194,204,252,265,265,279,312,487,487,587,587,598,598,110,126,145,145,163,163,214,234,260,276,302,334,334,334],"floor_reached":33,"playtime":1764,"items_purged":[],"score":326,"play_id":"b6656571-e835-4968-bf29-ae3d068556fd","local_time":"20190123103408","is_ascension_mode":false,"campfire_choices":[{"data":"Conserve Battery","floor":7,"key":"SMITH"},{"floor":11,"key":"RECALL"},{"data":"Defragment","floor":15,"key":"SMITH"},{"data":"White Noise","floor":23,"key":"SMITH"},{"data":"Zap","floor":25,"key":"SMITH"},{"floor":32,"key":"REST"}],"neow_cost":"TEN_PERCENT_HP_LOSS","seed_source_timestamp":568049574273934,"circlet_count":0,"master_deck":["Strike_B","Strike_B","Defend_B","Defend_B","Defend_B","Defend_B","Zap+1","Self Repair","Sweeping Beam","Beam Cell","FTL","Conserve Battery+1","Defragment+1","Stack","Conserve Battery","Machine Learning","Doubt","Electrodynamics","Chill+1","Hyperbeam+1","Storm+1","Streamline","Turbo","White Noise+1","Steam+1","Doom and Gloom+1","Loop","Force Field+1","Defragment","Tempest+1","Self Repair"],"relics":["Cracked Core","Peace Pipe","Boot","Blue Candle","Astrolabe","MutagenicStrength","Bag of Marbles","Darkstone Periapt","Ancient Tea Set","Art of War","Blood Vial","Red Mask"],"potions_floor_usage":[6,6,6,13,28,33,33,33],"damage_taken":[{"damage":0,"enemies":"2 Louse","floor":1,"turns":2},{"damage":1,"enemies":"Cultist","floor":2,"turns":4},{"damage":0,"enemies":"Small Slimes","floor":4,"turns":3},{"damage":18,"enemies":"3 Louse","floor":5,"turns":4},{"damage":19,"enemies":"3 Sentries","floor":6,"turns":7},{"damage":0,"enemies":"2 Fungi Beasts","floor":8,"turns":3},{"damage":3,"enemies":"Large Slime","floor":10,"turns":6},{"damage":1,"enemies":"Exordium Thugs","floor":12,"turns":4},{"damage":0,"enemies":"Lagavulin","floor":13,"turns":7},{"damage":62,"enemies":"Slime Boss","floor":16,"turns":12},{"damage":6,"enemies":"Shell Parasite","floor":18,"turns":7},{"damage":0,"enemies":"3 Byrds","floor":21,"turns":2},{"damage":13,"enemies":"Sentry and Sphere","floor":22,"turns":4},{"damage":5,"enemies":"Snecko","floor":24,"turns":5},{"damage":3,"enemies":"Centurion and Healer","floor":27,"turns":4},{"damage":13,"enemies":"Slavers","floor":28,"turns":3},{"damage":2,"enemies":"3 Cultists","floor":29,"turns":4},{"damage":8,"enemies":"Gremlin Leader","floor":30,"turns":5},{"damage":6,"enemies":"Masked Bandits","floor":31,"turns":4},{"damage":83,"enemies":"Champ","floor":33,"turns":9}],"seed_played":"7451031482905656786","potions_obtained":[{"floor":1,"key":"Dexterity Potion"},{"floor":4,"key":"SkillPotion"},{"floor":5,"key":"Strength Potion"},{"floor":12,"key":"Dexterity Potion"},{"floor":13,"key":"SteroidPotion"},{"floor":21,"key":"SteroidPotion"},{"floor":28,"key":"Ancient Potion"},{"floor":29,"key":"Dexterity Potion"}],"is_trial":false,"path_per_floor":["M","M","?","M","M","E","R","M","T","M","R","M","E","?","R","B",null,"M","?","$","M","M","R","M","R","T","M","E","M","E","?","R","B"],"character_chosen":"DEFECT","items_purchased":["Turbo","Bag of Marbles","Darkstone Periapt","PowerPotion"],"campfire_rested":1,"item_purchase_floors":[20,20,20,20],"current_hp_per_floor":[68,68,68,68,57,45,45,52,52,56,56,62,68,68,68,13,68,62,62,62,62,56,56,58,58,58,55,42,40,39,42,62,0],"gold":334,"neow_bonus":"ONE_RARE_RELIC","is_prod":false,"is_daily":false,"chose_seed":false,"campfire_upgraded":4,"win_rate":0,"timestamp":1548257648,"path_taken":["M","M","?","M","?","E","R","M","T","M","R","M","E","?","R","BOSS","M","?","$","M","M","R","M","R","T","M","E","M","E","?","R","BOSS"],"build_version":"2019-01-17v2","purchased_purges":0,"victory":false,"max_hp_per_floor":[68,68,68,68,68,68,68,68,68,68,68,68,68,68,68,68,68,68,68,68,68,68,68,68,68,68,68,68,68,68,68,68,68],"card_choices":[{"not_picked":["Loop","Blizzard"],"picked":"Self Repair","floor":1},{"not_picked":["Rebound","Reprogram"],"picked":"Sweeping Beam","floor":2},{"not_picked":["Compile Driver","Barrage"],"picked":"Beam Cell","floor":4},{"not_picked":["Stack","Leap"],"picked":"FTL","floor":5},{"not_picked":["Hologram","Loop"],"picked":"Conserve Battery","floor":6},{"not_picked":["Conserve Battery","Hologram"],"picked":"Defragment","floor":8},{"not_picked":["Reprogram","Coolheaded"],"picked":"Stack","floor":10},{"not_picked":["Rebound","Creative AI"],"picked":"Conserve Battery","floor":12},{"not_picked":["Stack","Undo"],"picked":"Machine Learning","floor":13},{"not_picked":["Thunder Strike","Fission"],"picked":"Electrodynamics","floor":16},{"not_picked":["Chaos","Genetic Algorithm+1"],"picked":"Streamline","floor":18},{"not_picked":["Cold Snap","Rebound"],"picked":"White Noise","floor":21},{"not_picked":["Ball Lightning","Turbo"],"picked":"Steam+1","floor":22},{"not_picked":["Hologram","Capacitor+1"],"picked":"Doom and Gloom+1","floor":24},{"not_picked":["Barrage","Sweeping Beam"],"picked":"Loop","floor":27},{"not_picked":["Skim","Reinforced Body"],"picked":"Force Field+1","floor":28},{"not_picked":["Compile Driver","Blizzard"],"picked":"Defragment","floor":29},{"not_picked":["Gash","Defragment"],"picked":"Tempest+1","floor":30},{"not_picked":["Turbo","Barrage+1"],"picked":"Self Repair","floor":31}],"player_experience":193274,"relics_obtained":[{"floor":6,"key":"Boot"},{"floor":13,"key":"Blue Candle"},{"floor":26,"key":"Ancient Tea Set"},{"floor":28,"key":"Art of War"},{"floor":30,"key":"Blood Vial"},{"floor":31,"key":"Red Mask"}],"event_choices":[{"damage_healed":0,"gold_gain":0,"cards_transformed":["Strike_B"],"player_choice":"Transformed","damage_taken":0,"max_hp_gain":0,"max_hp_loss":0,"event_name":"Transmorgrifier","floor":3,"gold_loss":0,"cards_obtained":["Undo"]},{"damage_healed":0,"gold_gain":175,"player_choice":"AGREE","damage_taken":0,"max_hp_gain":0,"max_hp_loss":0,"event_name":"Liars Game","floor":14,"gold_loss":0,"cards_obtained":["Doubt"]},{"damage_healed":0,"gold_gain":0,"player_choice":"Inject Mutagens","damage_taken":0,"relics_obtained":["MutagenicStrength"],"max_hp_gain":0,"max_hp_loss":0,"event_name":"Drug Dealer","floor":19,"gold_loss":0},{"damage_healed":0,"gold_gain":0,"player_choice":"Fought Bandits","damage_taken":0,"max_hp_gain":0,"max_hp_loss":0,"event_name":"Masked Bandits","floor":31,"gold_loss":0}],"is_beta":false,"boss_relics":[{"not_picked":["Empty Cage","Runic Dome"],"picked":"Astrolabe"}],"items_purged_floors":[],"is_endless":false,"potions_floor_spawned":[1,4,5,12,13,21,22,28,29,30],"killed_by":"Champ","ascension_level":0}