{"gold_per_floor":[111,37,37,37,57,57,75,94,94,32,46,46,46,96,96,96],"floor_reached":16,"playtime":797,"items_purged":[],"score":158,"play_id":"be40e517-6eb8-491d-979c-8de8f87c46e8","local_time":"20181201152051","is_ascension_mode":true,"campfire_choices":[{"data":"Bash","floor":6,"key":"SMITH"},{"data":"Inflame","floor":13,"key":"SMITH"},{"floor":15,"key":"REST"}],"neow_cost":"TEN_PERCENT_HP_LOSS","seed_source_timestamp":14201368136014,"circlet_count":0,"master_deck":["AscendersBane","Strike_R","Strike_R","Strike_R","Defend_R","Defend_R","Defend_R","Bash+1","Sentinel","Seeing Red","Inflame+1","Intimidate","Dark Embrace","Dropkick"],"relics":["Burning Blood","Golden Idol","Paper Frog","The Courier"],"potions_floor_usage":[8,16],"damage_taken":[{"damage":7,"enemies":"2 Louse","floor":1,"turns":4},{"damage":4,"enemies":"Cultist","floor":5,"turns":6},{"damage":4,"enemies":"Jaw Worm","floor":7,"turns":3},{"damage":7,"enemies":"Large Slime","floor":8,"turns":5},{"damage":19,"enemies":"Lots of Slimes","floor":11,"turns":6},{"damage":50,"enemies":"Slime Boss","floor":16,"turns":6}],"seed_played":"921585880718933215","potions_obtained":[{"floor":1,"key":"PowerPotion"},{"floor":7,"key":"SkillPotion"}],"is_trial":false,"path_per_floor":["M","$","?","?","M","R","M","M","T","$","M","?","R","?","R","B"],"character_chosen":"IRONCLAD","items_purchased":["Inflame","Dropkick"],"campfire_rested":1,"item_purchase_floors":[2,10],"current_hp_per_floor":[67,67,44,44,46,46,48,47,47,47,34,27,27,27,47,0],"gold":96,"neow_bonus":"TRANSFORM_TWO_CARDS","is_prod":false,"is_daily":false,"chose_seed":false,"campfire_upgraded":2,"win_rate":0,"timestamp":1543674051,"path_taken":["M","$","?","?","M","R","M","?","T","?","M","?","R","?","R","BOSS"],"build_version":"2018-11-15","purchased_purges":0,"victory":false,"max_hp_per_floor":[68,68,68,68,68,68,68,68,68,68,68,68,68,68,68,68],"card_choices":[{"not_picked":["Dropkick","Heavy Blade","Headbutt"],"picked":"SKIP","floor":1},{"not_picked":["Rage","Havoc"],"picked":"Intimidate","floor":5},{"not_picked":["Clash","Headbutt","Cleave"],"picked":"SKIP","floor":7},{"not_picked":["Dual Wield","Burning Pact"],"picked":"Dark Embrace","floor":8},{"not_picked":["Body Slam","Clash","Hemokinesis"],"picked":"SKIP","floor":11}],"player_experience":570385,"relics_obtained":[{"floor":4,"key":"Paper Frog"},{"floor":9,"key":"The Courier"}],"event_choices":[{"damage_healed":0,"gold_gain":0,"player_choice":"Take Damage","damage_taken":23,"relics_obtained":["Golden Idol"],"max_hp_gain":0,"max_hp_loss":0,"event_name":"Golden Idol","floor":3,"gold_loss":0},{"damage_healed":0,"gold_gain":0,"player_choice":"Relic","damage_taken":0,"max_hp_gain":0,"max_hp_loss":0,"event_name":"Wheel of Change","floor":4,"gold_loss":0},{"cards_removed":["Defend_R"],"damage_healed":0,"gold_gain":0,"player_choice":"Card Removal","damage_taken":7,"max_hp_gain":0,"max_hp_loss":0,"event_name":"Golden Wing","floor":12,"gold_loss":0},{"damage_healed":0,"gold_gain":50,"player_choice":"Pray","damage_taken":0,"max_hp_gain":0,"max_hp_loss":0,"event_name":"Golden Shrine","floor":14,"gold_loss":0}],"is_beta":false,"boss_relics":[],"items_purged_floors":[],"is_endless":false,"potions_floor_spawned":[1,7],"killed_by":"Slime Boss","ascension_level":15}