{"gold_per_floor":[110,110,120,120,22,22,47,67,67,83,83,83,98,115,115,115],"floor_reached":16,"playtime":1134,"items_purged":["Strike_G"],"score":133,"play_id":"e33ef2df-da49-4fef-993b-ac1ed47d415a","local_time":"20180725011911","is_ascension_mode":true,"campfire_choices":[{"data":"Phantasmal Killer","floor":6,"key":"SMITH"},{"floor":15,"key":"REST"}],"neow_cost":"","seed_source_timestamp":45454084260847,"circlet_count":0,"master_deck":["Defend_G","Defend_G","Defend_G+1","Defend_G","Strike_G","Strike_G","Strike_G+1","Strike_G","Survivor","Neutralize","Acrobatics","Phantasmal Killer+1","Backstab","Deflect","Wraith Form v2","Outmaneuver","Burst"],"relics":["Ring of the Snake","Peace Pipe","Molten Egg 2"],"potions_floor_usage":[16,16],"damage_taken":[{"damage":4,"enemies":"Small Slimes","floor":1,"turns":4},{"damage":6,"enemies":"Cultist","floor":3,"turns":4},{"damage":33,"enemies":"Gremlin Nob","floor":7,"turns":4},{"damage":2,"enemies":"2 Louse","floor":8,"turns":4},{"damage":0,"enemies":"Red Slaver","floor":10,"turns":5},{"damage":0,"enemies":"Exordium Thugs","floor":13,"turns":4},{"damage":0,"enemies":"Lots of Slimes","floor":14,"turns":6},{"damage":50,"enemies":"Hexaghost","floor":16,"turns":14}],"seed_played":"-2435139673032197921","potions_obtained":[{"floor":3,"key":"SpeedPotion"},{"floor":7,"key":"Regen Potion"},{"floor":8,"key":"Swift Potion"}],"is_trial":false,"path_per_floor":["M","?","M","?","$","R","E","M","T","M","?","?","M","M","R"],"character_chosen":"THE_SILENT","items_purchased":["Deflect"],"campfire_rested":1,"item_purchase_floors":[5],"current_hp_per_floor":[59,59,53,70,70,70,37,35,35,35,21,14,14,14,35,0],"gold":115,"neow_bonus":"","is_prod":false,"is_daily":false,"chose_seed":false,"campfire_upgraded":1,"win_rate":0,"timestamp":1532474351,"path_taken":["M","?","?","?","?","R","E","?","T","?","?","?","M","M","R","BOSS"],"build_version":"2018-07-19v2","purchased_purges":1,"victory":false,"max_hp_per_floor":[70,70,70,70,70,70,70,70,70,70,70,70,70,70,70,70],"card_choices":[{"not_picked":["Cloak And Dagger","Underhanded Strike","Flying Knee"],"picked":"SKIP","floor":1},{"not_picked":["Slice","Backflip"],"picked":"Backstab","floor":3},{"not_picked":["Predator","Well Laid Plans"],"picked":"Wraith Form v2","floor":7},{"not_picked":["Expertise","Quick Slash"],"picked":"Outmaneuver","floor":8},{"not_picked":["Dagger Spray+1","Dodge and Roll","Underhanded Strike+1"],"picked":"SKIP","floor":10},{"not_picked":["Infinite Blades","Blur","Flechettes+1"],"picked":"SKIP","floor":13},{"not_picked":["Escape Plan","All Out Attack+1"],"picked":"Burst","floor":14}],"player_experience":198664,"relics_obtained":[{"floor":7,"key":"Peace Pipe"},{"floor":9,"key":"Molten Egg 2"}],"event_choices":[{"event_name":"Match and Keep!","player_choice":"2 cards matched","floor":2,"damage_taken":0},{"event_name":"Wheel of Change","player_choice":"Full Heal","floor":4,"damage_taken":0},{"event_name":"Shining Light","player_choice":"Entered Light","floor":11,"damage_taken":0},{"event_name":"Golden Wing","player_choice":"Card Removal","floor":12,"damage_taken":0}],"is_beta":false,"boss_relics":[],"items_purged_floors":[5],"is_endless":false,"potions_floor_spawned":[3,7,8],"killed_by":"Hexaghost","ascension_level":6}