{"gold_per_floor":[109,126,200,214,214,214,227,227,309,309,309,320,339,368,368,471,471,491,155,155,155,155,181,181,214,214,230,259,278,49,59,59,156,156,171,171,182,182,197,232,245,93,93,93,126,126,145,174,174,174],"floor_reached":51,"playtime":3684,"items_purged":["Regret","Strike_B"],"score":1526,"play_id":"f7c5a177-7b47-4061-98d5-2814408428c3","local_time":"20180908002201","is_ascension_mode":true,"campfire_choices":[{"data":"Machine Learning","floor":6,"key":"SMITH"},{"data":"Zap","floor":8,"key":"SMITH"},{"data":"Steam","floor":10,"key":"SMITH"},{"data":"Beam Cell","floor":15,"key":"SMITH"},{"data":"Violence","floor":32,"key":"SMITH"},{"data":"Seek","floor":44,"key":"SMITH"},{"data":"Seek","floor":46,"key":"SMITH"},{"data":"Leap","floor":49,"key":"SMITH"}],"neow_cost":"NONE","seed_source_timestamp":25339292927233,"circlet_count":0,"master_deck":["Strike_B","Strike_B","Defend_B","Defend_B","Defend_B","AscendersBane","Machine Learning+1","Go for the Eyes","Go for the Eyes","Gash","Steam+1","Beam Cell+1","Leap+1","All For One","All For One","Blizzard+1","Recycle+1","Steam Power+1","Gash","Steam","Go for the Eyes","Flash of Steel","Skim","Scrape+1","Seek+1","Violence+1","Gash+1","BootSequence+1","Seek+1","Go for the Eyes+1","Gash+1","Auto Shields+1","Hologram","FTL+1","Stack","Leap+1","Steam","Core Surge+1"],"relics":["Cracked Core","Pear","Anchor","Bottled Lightning","Shuriken","Bronze Scales","Astrolabe","Omamori","Pocketwatch","Orichalcum","Smiling Mask","Molten Egg 2","StoneCalendar","Eternal Feather","Ornamental Fan","Darkstone Periapt","Dodecahedron","Boot"],"potions_floor_usage":[14,16,23,23,28,40,50],"damage_taken":[{"damage":1,"enemies":"Cultist","floor":1,"turns":4},{"damage":1,"enemies":"2 Louse","floor":2,"turns":3},{"damage":9,"enemies":"Small Slimes","floor":4,"turns":3},{"damage":9,"enemies":"2 Fungi Beasts","floor":7,"turns":4},{"damage":7,"enemies":"Blue Slaver","floor":12,"turns":3},{"damage":1,"enemies":"Looter","floor":13,"turns":2},{"damage":7,"enemies":"Lagavulin","floor":14,"turns":6},{"damage":2,"enemies":"Slime Boss","floor":16,"turns":5},{"damage":0,"enemies":"Spheric Guardian","floor":18,"turns":3},{"damage":11,"enemies":"Gremlin Leader","floor":23,"turns":4},{"damage":0,"enemies":"Slavers","floor":25,"turns":4},{"damage":0,"enemies":"Shell Parasite","floor":27,"turns":3},{"damage":0,"enemies":"Gremlin Leader","floor":28,"turns":2},{"damage":0,"enemies":"Centurion and Healer","floor":29,"turns":2},{"damage":2,"enemies":"Snecko","floor":31,"turns":5},{"damage":14,"enemies":"Champ","floor":33,"turns":4},{"damage":11,"enemies":"3 Darklings","floor":35,"turns":3},{"damage":0,"enemies":"Orb Walker","floor":37,"turns":3},{"damage":0,"enemies":"Spire Growth","floor":39,"turns":2},{"damage":34,"enemies":"Nemesis","floor":40,"turns":7},{"damage":0,"enemies":"3 Darklings","floor":41,"turns":3},{"damage":0,"enemies":"2 Orb Walkers","floor":45,"turns":2},{"damage":7,"enemies":"4 Shapes","floor":47,"turns":5},{"damage":0,"enemies":"Nemesis","floor":48,"turns":5},{"damage":4,"enemies":"Time Eater","floor":50,"turns":3}],"seed_played":"-5162659872946172110","potions_obtained":[{"floor":7,"key":"FocusPotion"},{"floor":13,"key":"Poison Potion"},{"floor":16,"key":"Regen Potion"},{"floor":18,"key":"LiquidBronze"},{"floor":27,"key":"Regen Potion"},{"floor":33,"key":"LiquidBronze"},{"floor":35,"key":"Block Potion"},{"floor":37,"key":"Strength Potion"}],"is_trial":false,"path_per_floor":["M","M","T","M","?","R","M","R","T","R","T","M","M","E","R","B",null,"M","$","?","?","?","E","T","E","T","M","E","M","$","M","R","B",null,"M","?","M","?","M","E","M","$","T","R","E","R","M","E","R","B"],"character_chosen":"DEFECT","items_purchased":["Gash","Steam","Omamori","Violence","Gash+1","FTL+1","Stack"],"campfire_rested":0,"item_purchase_floors":[19,19,19,30,30,42,42],"current_hp_per_floor":[67,66,76,67,67,67,58,58,58,58,58,51,50,43,43,41,74,74,74,58,58,58,56,56,56,56,56,61,61,61,59,59,45,79,68,68,68,68,68,34,34,34,34,55,55,76,69,69,90,86],"gold":174,"neow_bonus":"ONE_RANDOM_RARE_CARD","is_prod":false,"is_daily":false,"chose_seed":false,"campfire_upgraded":8,"win_rate":0,"timestamp":1536358921,"path_taken":["M","M","?","M","?","R","M","R","T","R","?","M","M","E","R","BOSS","M","$","?","?","?","E","?","E","T","M","E","?","?","M","R","BOSS","M","?","M","?","?","E","M","$","T","R","E","R","?","E","R","BOSS"],"build_version":"2018-09-06","purchased_purges":2,"victory":true,"max_hp_per_floor":[75,75,85,85,85,85,85,85,85,85,85,85,85,85,85,85,85,85,85,90,90,90,90,90,90,90,90,90,90,90,90,90,90,90,90,90,90,90,90,90,90,90,90,90,90,90,90,90,90,90],"card_choices":[{"not_picked":["Cold Snap","Sweeping Beam"],"picked":"Go for the Eyes","floor":1},{"not_picked":["Stack","Streamline"],"picked":"Go for the Eyes","floor":2},{"not_picked":["Beam Cell","Barrage"],"picked":"Gash","floor":4},{"not_picked":["Chill","Leap"],"picked":"Steam","floor":7},{"not_picked":["Redo","Steam"],"picked":"Beam Cell","floor":12},{"not_picked":["Turbo","Cold Snap"],"picked":"Leap","floor":13},{"not_picked":["Rip and Tear","Gash"],"picked":"All For One","floor":14},{"not_picked":["Multi-Cast","Fission"],"picked":"All For One","floor":16},{"not_picked":["Loop+1","Redo","Streamline"],"picked":"SKIP","floor":18},{"not_picked":["Streamline","Compile Driver"],"picked":"Skim","floor":23},{"not_picked":["Hello World","Defragment+1","Chill"],"picked":"SKIP","floor":25},{"not_picked":["Coolheaded+1","Turbo"],"picked":"Scrape+1","floor":27},{"not_picked":["Sweeping Beam+1","Conserve Battery"],"picked":"Seek","floor":28},{"not_picked":["Streamline+1","Chill+1","Sunder+1"],"picked":"SKIP","floor":29},{"not_picked":["Recycle","Reinforced Body"],"picked":"BootSequence+1","floor":31},{"not_picked":["Hyperbeam+1","Core Surge+1"],"picked":"Seek","floor":33},{"not_picked":["Sweeping Beam+1","Streamline+1"],"picked":"Go for the Eyes+1","floor":35},{"not_picked":["Darkness","Barrage+1","Defragment+1"],"picked":"SKIP","floor":37},{"not_picked":["Rebound+1","Defragment"],"picked":"Gash+1","floor":39},{"not_picked":["Compile Driver+1","Rebound+1"],"picked":"Auto Shields+1","floor":40},{"not_picked":["Echo Form","Coolheaded+1"],"picked":"Hologram","floor":41},{"not_picked":["Aggregate+1","Melter+1"],"picked":"Leap+1","floor":45},{"not_picked":["BootSequence+1","Cold Snap+1"],"picked":"Steam","floor":47},{"not_picked":["Creative AI","Thunder Strike+1"],"picked":"Core Surge+1","floor":48}],"player_experience":386161,"relics_obtained":[{"floor":3,"key":"Pear"},{"floor":9,"key":"Bottled Lightning"},{"floor":11,"key":"Shuriken"},{"floor":14,"key":"Bronze Scales"},{"floor":23,"key":"Pocketwatch"},{"floor":24,"key":"Orichalcum"},{"floor":25,"key":"Smiling Mask"},{"floor":26,"key":"Molten Egg 2"},{"floor":28,"key":"StoneCalendar"},{"floor":40,"key":"Ornamental Fan"},{"floor":43,"key":"Darkstone Periapt"},{"floor":45,"key":"Dodecahedron"},{"floor":48,"key":"Boot"}],"event_choices":[{"event_name":"Big Fish","player_choice":"Box","floor":5,"damage_taken":0},{"event_name":"Forgotten Altar","player_choice":"Shed Blood","floor":20,"damage_taken":0},{"event_name":"Ghosts","player_choice":"Ignored","floor":21,"damage_taken":0},{"event_name":"Match and Keep!","player_choice":"2 cards matched","floor":22,"damage_taken":0},{"event_name":"Falling","player_choice":"Removed Skill","floor":36,"damage_taken":0},{"event_name":"Tomb of Lord Red Mask","player_choice":"Ignored","floor":38,"damage_taken":0}],"is_beta":false,"boss_relics":[{"not_picked":["Coffee Dripper","Runic Dome"],"picked":"Astrolabe"},{"not_picked":["Inserter","Busted Crown"],"picked":"Eternal Feather"}],"items_purged_floors":[19,42],"is_endless":false,"potions_floor_spawned":[7,13,16,18,27,33,35,37,39],"ascension_level":11}