{"gold_per_floor":[10,10,10,26,26,59,59,73,73,91,118,118,118,137,137,216,216,226,236,246,265,265,265,162,162,162,162,162,188,60,60],"floor_reached":31,"playtime":1746,"items_purged":["Defend_B"],"score":473,"play_id":"eeb41f66-aeb2-4e3d-a1ef-5613a832c3e3","local_time":"20190126191622","is_ascension_mode":true,"campfire_choices":[{"floor":7,"key":"REST"},{"data":"Streamline","floor":13,"key":"SMITH"},{"data":"Auto Shields","floor":15,"key":"SMITH"},{"data":"Scrape","floor":23,"key":"SMITH"},{"data":"Hologram","floor":25,"key":"SMITH"},{"floor":27,"key":"REST"}],"neow_cost":"NO_GOLD","seed_source_timestamp":31300549554470,"circlet_count":0,"master_deck":["AscendersBane","Defend_B","Defend_B","Zap+1","Dualcast","All For One","BootSequence","Streamline+1","Beam Cell","Self Repair","Gash","BootSequence","Auto Shields+1","All For One","Beam Cell+1","Scrape+1","Hologram+1","Good Instincts","Buffer","Undo","Skim","Steam"],"relics":["Cracked Core","Nunchaku","Calipers","Omamori","White Beast Statue","Matryoshka","Potion Belt"],"potions_floor_usage":[6,16,19,20,21,29,29],"damage_taken":[{"damage":0,"enemies":"Jaw Worm","floor":1,"turns":4},{"damage":0,"enemies":"2 Louse","floor":4,"turns":2},{"damage":38,"enemies":"Gremlin Nob","floor":6,"turns":4},{"damage":0,"enemies":"Small Slimes","floor":8,"turns":2},{"damage":10,"enemies":"3 Louse","floor":10,"turns":3},{"damage":10,"enemies":"Lagavulin","floor":11,"turns":4},{"damage":8,"enemies":"Exordium Thugs","floor":14,"turns":6},{"damage":19,"enemies":"Slime Boss","floor":16,"turns":8},{"damage":9,"enemies":"Shell Parasite","floor":18,"turns":4},{"damage":3,"enemies":"3 Byrds","floor":19,"turns":6},{"damage":0,"enemies":"Centurion and Healer","floor":20,"turns":5},{"damage":22,"enemies":"Sentry and Sphere","floor":21,"turns":4},{"damage":20,"enemies":"Slavers","floor":29,"turns":7},{"damage":51,"enemies":"Book of Stabbing","floor":31,"turns":5}],"seed_played":"-3749614981344516690","potions_obtained":[{"floor":4,"key":"Regen Potion"},{"floor":10,"key":"Dexterity Potion"},{"floor":11,"key":"Explosive Potion"},{"floor":14,"key":"Regen Potion"},{"floor":18,"key":"Strength Potion"},{"floor":19,"key":"PowerPotion"},{"floor":20,"key":"Ancient Potion"},{"floor":21,"key":"AttackPotion"},{"floor":29,"key":"FearPotion"}],"is_trial":false,"path_per_floor":["M","?","?","M","?","E","R","M","T","M","E","?","R","M","R","B",null,"M","M","M","M","?","R","$","R","T","R","?","E","$","E"],"character_chosen":"DEFECT","items_purchased":["Good Instincts","Steam"],"campfire_rested":2,"item_purchase_floors":[24,30],"current_hp_per_floor":[64,69,62,62,62,29,51,51,51,41,38,38,38,37,37,40,67,65,69,76,61,39,39,39,39,39,63,63,50,50,0],"gold":60,"neow_bonus":"TRANSFORM_TWO_CARDS","is_prod":false,"is_daily":false,"chose_seed":false,"campfire_upgraded":4,"win_rate":0,"timestamp":1548526582,"path_taken":["M","?","?","M","?","E","R","M","T","M","E","?","R","M","R","BOSS","M","M","M","M","?","R","$","R","T","R","?","E","$","E"],"build_version":"2019-01-23","purchased_purges":1,"victory":false,"max_hp_per_floor":[71,76,76,76,76,76,76,76,76,76,76,76,76,76,76,76,76,76,76,76,76,81,81,81,81,81,81,81,81,81,81],"card_choices":[{"not_picked":["Compile Driver","Conserve Battery"],"picked":"Streamline","floor":1},{"not_picked":["Genetic Algorithm","Consume"],"picked":"Beam Cell","floor":4},{"not_picked":["Leap","Consume"],"picked":"Self Repair","floor":6},{"not_picked":["Steam","Streamline"],"picked":"Gash","floor":8},{"not_picked":["Redo","Auto Shields"],"picked":"BootSequence","floor":10},{"not_picked":["Rainbow","Stack"],"picked":"Auto Shields","floor":11},{"not_picked":["Stack","Leap","Redo"],"picked":"SKIP","floor":14},{"not_picked":["Core Surge","Seek"],"picked":"All For One","floor":16},{"not_picked":["Rebound","Capacitor"],"picked":"Beam Cell+1","floor":18},{"not_picked":["Melter","Barrage","Recycle"],"picked":"SKIP","floor":19},{"not_picked":["Darkness","Sunder"],"picked":"Scrape","floor":20},{"not_picked":["Darkness","Stack"],"picked":"Hologram","floor":21},{"not_picked":["Echo Form","Undo"],"picked":"Skim","floor":29}],"player_experience":724809,"relics_obtained":[{"floor":6,"key":"Nunchaku"},{"floor":9,"key":"Calipers"},{"floor":11,"key":"Omamori"},{"floor":26,"key":"Matryoshka"},{"floor":29,"key":"Potion Belt"}],"event_choices":[{"damage_healed":0,"gold_gain":0,"player_choice":"Donut","damage_taken":0,"max_hp_gain":5,"max_hp_loss":0,"event_name":"Big Fish","floor":2,"gold_loss":0},{"cards_removed":["Strike_B"],"damage_healed":0,"gold_gain":0,"player_choice":"Card Removal","damage_taken":7,"max_hp_gain":0,"max_hp_loss":0,"event_name":"Golden Wing","floor":3,"gold_loss":0},{"damage_healed":0,"gold_gain":0,"player_choice":"Grow","damage_taken":0,"max_hp_gain":0,"max_hp_loss":0,"event_name":"Living Wall","floor":5,"gold_loss":0,"cards_upgraded":["Zap"]},{"damage_healed":0,"gold_gain":0,"player_choice":"Fled","damage_taken":0,"max_hp_gain":0,"max_hp_loss":0,"event_name":"Scrap Ooze","floor":12,"gold_loss":0},{"damage_healed":0,"gold_gain":0,"player_choice":"Shed Blood","damage_taken":27,"max_hp_gain":5,"max_hp_loss":0,"event_name":"Forgotten Altar","floor":22,"gold_loss":0},{"damage_healed":0,"gold_gain":0,"cards_transformed":["Strike_B","Defend_B"],"player_choice":"Became Test Subject","damage_taken":0,"max_hp_gain":0,"max_hp_loss":0,"event_name":"Drug Dealer","floor":28,"gold_loss":0,"cards_obtained":["Buffer","Undo"]}],"is_beta":false,"boss_relics":[{"not_picked":["Inserter","Calling Bell"],"picked":"White Beast Statue"}],"items_purged_floors":[30],"is_endless":false,"potions_floor_spawned":[4,10,11,14,18,19,20,21,29],"killed_by":"Book of Stabbing","ascension_level":16}