{"gold_per_floor":[118,135,149,160,176,176,176,176,176,189,202,202,221,234,234,330,330,340,360,385,141,152,152,152,183,183,183,183],"floor_reached":28,"playtime":1417,"items_purged":[],"score":294,"play_id":"2462a1c0-ac8d-4929-89bb-c4a0852f51cf","local_time":"20190110203936","is_ascension_mode":true,"campfire_choices":[{"data":"Go for the Eyes","floor":6,"key":"SMITH"},{"data":"Zap","floor":8,"key":"SMITH"},{"data":"White Noise","floor":12,"key":"SMITH"},{"data":"Dualcast","floor":15,"key":"SMITH"},{"floor":23,"key":"REST"},{"floor":27,"key":"REST"}],"neow_cost":"TEN_PERCENT_HP_LOSS","seed_source_timestamp":151619287422395,"circlet_count":0,"master_deck":["Strike_B","Strike_B","Defend_B+1","Defend_B","Defend_B","Defend_B","Zap+1","Dualcast+1","Go for the Eyes+1","Go for the Eyes+1","BootSequence","Ball Lightning","Coolheaded","White Noise+1","Auto Shields","Conserve Battery","Leap","Creative AI","Cold Snap","Conserve Battery","Turbo","Rebound","Glacier+1","Ghostly","Ghostly","Ghostly","Ghostly","Ghostly+1","Conserve Battery","Scrape"],"relics":["Cracked Core","Mango","Dream Catcher","Empty Cage","Red Mask","Question Card","Orichalcum","War Paint"],"potions_floor_usage":[20,25],"damage_taken":[{"damage":4,"enemies":"Jaw Worm","floor":1,"turns":3},{"damage":5,"enemies":"Cultist","floor":2,"turns":4},{"damage":0,"enemies":"2 Louse","floor":3,"turns":2},{"damage":3,"enemies":"Looter","floor":4,"turns":3},{"damage":0,"enemies":"3 Louse","floor":5,"turns":3},{"damage":0,"enemies":"Blue Slaver","floor":10,"turns":3},{"damage":13,"enemies":"Large Slime","floor":11,"turns":5},{"damage":0,"enemies":"Looter","floor":13,"turns":3},{"damage":0,"enemies":"Exordium Thugs","floor":14,"turns":5},{"damage":31,"enemies":"Hexaghost","floor":16,"turns":15},{"damage":21,"enemies":"Spheric Guardian","floor":18,"turns":5},{"damage":7,"enemies":"3 Byrds","floor":19,"turns":5},{"damage":51,"enemies":"Masked Bandits","floor":20,"turns":8},{"damage":11,"enemies":"Snake Plant","floor":22,"turns":8},{"damage":23,"enemies":"Book of Stabbing","floor":25,"turns":6},{"damage":26,"enemies":"Shelled Parasite and Fungi","floor":28,"turns":4}],"seed_played":"-4639490148105093076","potions_obtained":[{"floor":2,"key":"FocusPotion"},{"floor":10,"key":"Poison Potion"},{"floor":11,"key":"Strength Potion"},{"floor":13,"key":"SpeedPotion"},{"floor":19,"key":"Regen Potion"}],"is_trial":false,"path_per_floor":["M","M","M","M","M","R","?","R","T","M","M","R","M","M","R","B",null,"M","M","?","$","M","R","?","E","T","R","M"],"character_chosen":"DEFECT","items_purchased":["Question Card"],"campfire_rested":2,"item_purchase_floors":[21],"current_hp_per_floor":[78,73,73,70,70,70,70,70,70,70,57,57,57,57,57,26,82,61,54,18,18,7,31,31,8,8,20,0],"gold":183,"neow_bonus":"ONE_RARE_RELIC","is_prod":false,"is_daily":false,"chose_seed":false,"campfire_upgraded":4,"win_rate":0,"timestamp":1547174376,"path_taken":["M","M","M","M","M","R","?","R","T","M","M","R","M","M","R","BOSS","M","M","?","$","M","R","?","E","T","R","M"],"build_version":"2019-01-03v4","purchased_purges":0,"victory":false,"max_hp_per_floor":[82,82,82,82,82,82,82,82,82,82,82,82,82,82,82,82,82,82,82,82,82,82,82,41,41,41,41,41],"card_choices":[{"not_picked":["Rebound","Barrage"],"picked":"Go for the Eyes","floor":1},{"not_picked":["Stack","Steam"],"picked":"Go for the Eyes","floor":2},{"not_picked":["Recycle","Stack"],"picked":"BootSequence","floor":3},{"not_picked":["Leap","Beam Cell"],"picked":"Ball Lightning","floor":4},{"not_picked":["Stack","Scrape"],"picked":"Coolheaded","floor":5},{"not_picked":["Reboot","Ball Lightning"],"picked":"White Noise","floor":10},{"not_picked":["Aggregate","Steam Power"],"picked":"Auto Shields","floor":11},{"not_picked":["Steam","Biased Cognition"],"picked":"Conserve Battery","floor":13},{"not_picked":["Rebound","Go for the Eyes"],"picked":"Leap","floor":14},{"not_picked":["Hyperbeam","Biased Cognition"],"picked":"Creative AI","floor":16},{"not_picked":["Static Discharge","FTL"],"picked":"Cold Snap","floor":18},{"not_picked":["Streamline","Leap+1"],"picked":"Conserve Battery","floor":19},{"not_picked":["Hologram","Conserve Battery+1"],"picked":"Turbo","floor":20},{"not_picked":["Steam","Hologram+1","Conserve Battery"],"picked":"Rebound","floor":22},{"not_picked":["Skim","Auto Shields","Double Energy+1"],"picked":"Glacier+1","floor":23},{"not_picked":["Gash+1","Hyperbeam","Tempest"],"picked":"Conserve Battery","floor":25},{"not_picked":["Barrage","Leap","Beam Cell"],"picked":"Scrape","floor":27}],"player_experience":87105,"relics_obtained":[{"floor":9,"key":"Dream Catcher"},{"floor":20,"key":"Red Mask"},{"floor":25,"key":"Orichalcum"},{"floor":26,"key":"War Paint"}],"event_choices":[{"damage_healed":0,"gold_gain":0,"player_choice":"Upgraded","damage_taken":0,"max_hp_gain":0,"max_hp_loss":0,"event_name":"Upgrade Shrine","floor":7,"gold_loss":0,"cards_upgraded":["Go for the Eyes"]},{"damage_healed":0,"gold_gain":0,"player_choice":"Fought Bandits","damage_taken":0,"max_hp_gain":0,"max_hp_loss":0,"event_name":"Masked Bandits","floor":20,"gold_loss":0},{"damage_healed":0,"gold_gain":0,"player_choice":"Became a Ghost","damage_taken":0,"max_hp_gain":0,"max_hp_loss":41,"event_name":"Ghosts","floor":24,"gold_loss":0,"cards_obtained":["Ghostly","Ghostly","Ghostly","Ghostly","Ghostly"]}],"is_beta":false,"boss_relics":[{"not_picked":["Tiny House","Calling Bell"],"picked":"Empty Cage"}],"items_purged_floors":[],"is_endless":false,"potions_floor_spawned":[2,10,11,13,19],"killed_by":"Shelled Parasite and Fungi","ascension_level":3}