{"gold_per_floor":[110,127,127,147,147,147,147,179,179,104,104,118,118,34,34,110,110,126,126,226,241,52,52,32,32,32,32,42,42,54,54],"floor_reached":31,"playtime":1465,"items_purged":[],"score":427,"play_id":"4118c026-d67a-4afa-b0c1-01f160f87496","local_time":"20190106143319","is_ascension_mode":true,"campfire_choices":[{"data":"Noxious Fumes","floor":6.0,"key":"SMITH"},{"data":"Blade Dance","floor":11.0,"key":"SMITH"},{"data":"Accuracy","floor":13.0,"key":"SMITH"},{"data":"Storm of Steel","floor":15.0,"key":"SMITH"},{"floor":23,"key":"REST"},{"data":"Accuracy","floor":25,"key":"SMITH"}],"neow_cost":"NONE","seed_source_timestamp":8184546828782,"circlet_count":0,"master_deck":["AscendersBane","Defend_G+1","Defend_G+1","Defend_G+1","Defend_G+1","Defend_G+1","Survivor","Neutralize","Accuracy+1","Noxious Fumes+1","Blade Dance+1","Storm of Steel+1","Storm of Steel","Phantasmal Killer+1","Underhanded Strike+1","Flechettes+1","Blade Dance","Calculated Gamble","Infinite Blades","Accuracy+1","Infinite Blades","Backflip","Eviscerate","Escape Plan+1"],"special_seed":0,"relics":["Runic Dome","Pocketwatch","Du-Vu Doll","StoneCalendar","Astrolabe","MutagenicStrength","Bird Faced Urn","The Courier","Orichalcum"],"potions_floor_usage":[20,30,30],"damage_taken":[{"damage":7.0,"enemies":"Small Slimes","floor":1.0,"turns":4.0},{"damage":7.0,"enemies":"Jaw Worm","floor":2.0,"turns":7.0},{"damage":0.0,"enemies":"2 Louse","floor":4.0,"turns":4.0},{"damage":12.0,"enemies":"3 Sentries","floor":8.0,"turns":9.0},{"damage":2.0,"enemies":"Looter","floor":12.0,"turns":3.0},{"damage":12.0,"enemies":"Slime Boss","floor":16.0,"turns":6.0},{"damage":6,"enemies":"Shell Parasite","floor":18,"turns":3},{"damage":14,"enemies":"Colosseum Slavers","floor":20,"turns":3},{"damage":9,"enemies":"Colosseum Nobs","floor":20,"turns":3},{"damage":11,"enemies":"2 Thieves","floor":21,"turns":4},{"damage":37,"enemies":"Snake Plant","floor":28,"turns":4},{"damage":5,"enemies":"Centurion and Healer","floor":30,"turns":5},{"damage":19,"enemies":"Cultist and Chosen","floor":31,"turns":4}],"seed_played":"-1801862449289922339","potions_obtained":[{"floor":2.0,"key":"Fire Potion"},{"floor":16.0,"key":"PowerPotion"},{"floor":20,"key":"GhostInAJar"},{"floor":28,"key":"Poison Potion"},{"floor":30,"key":"SpeedPotion"}],"is_trial":false,"path_per_floor":["M","M","?","M","?","R","T","E","T","?","R","M","R","$","R","B",null,"M","?","?","M","$","R","$","R","T","?","M","?","M","M"],"character_chosen":"THE_SILENT","items_purchased":["Storm of Steel","Infinite Blades","Accuracy","Infinite Blades","Backflip"],"campfire_rested":1,"item_purchase_floors":[14,22,22,22,24],"current_hp_per_floor":[52,45,38,38,60,60,60,48,48,48,48,46,46,46,46,34,58,52,52,29,20,20,39,39,39,39,39,8,8,13,0],"gold":54,"neow_bonus":"BOSS_RELIC","is_prod":false,"is_daily":false,"chose_seed":false,"campfire_upgraded":5,"win_rate":0,"timestamp":1546781599,"path_taken":["M","M","?","M","?","R","?","E","T","?","R","M","R","?","R","BOSS","M","?","?","M","$","R","?","R","T","?","M","?","M","M"],"build_version":"2019-01-03v4","purchased_purges":0,"victory":false,"max_hp_per_floor":[66,66,66,66,66,66,66,66,66,66,66,66,66,66,66,66,66,66,66,66,66,66,66,66,66,66,66,66,66,66,66],"card_choices":[{"not_picked":["Cloak And Dagger","Quick Slash"],"picked":"Accuracy","floor":1.0},{"not_picked":["Acrobatics","Outmaneuver","Bouncing Flask"],"picked":"SKIP","floor":2.0},{"not_picked":["Deflect","Dodge and Roll"],"picked":"Noxious Fumes","floor":4.0},{"not_picked":["Noxious Fumes","Leg Sweep"],"picked":"Blade Dance","floor":8.0},{"not_picked":["Night Terror","Die Die Die"],"picked":"Storm of Steel","floor":16.0},{"not_picked":["PiercingWail","Prepared"],"picked":"Blade Dance","floor":18},{"not_picked":["Heel Hook","Bane"],"picked":"Calculated Gamble","floor":20},{"not_picked":["Concentrate","Acrobatics","Malaise"],"picked":"SKIP","floor":21},{"not_picked":["Concentrate","Acrobatics","Malaise"],"picked":"SKIP","floor":21},{"not_picked":["Poisoned Stab","Concentrate"],"picked":"Eviscerate","floor":28},{"not_picked":["Cloak And Dagger","Acrobatics"],"picked":"Escape Plan+1","floor":30}],"player_experience":699272,"relics_obtained":[{"floor":7.0,"key":"Pocketwatch"},{"floor":8.0,"key":"Du-Vu Doll"},{"floor":9.0,"key":"StoneCalendar"},{"floor":20,"key":"Bird Faced Urn"},{"floor":20,"key":"The Courier"},{"floor":26,"key":"Orichalcum"}],"event_choices":[{"cards_removed":["Strike_G"],"damage_healed":0.0,"max_hp_gain":0.0,"max_hp_loss":0.0,"gold_gain":0.0,"event_name":"Golden Wing","player_choice":"Card Removal","floor":3.0,"gold_loss":0.0,"damage_taken":7.0},{"damage_healed":22.0,"max_hp_gain":0.0,"max_hp_loss":0.0,"gold_gain":0.0,"event_name":"Big Fish","player_choice":"Banana","floor":5.0,"gold_loss":0.0,"damage_taken":0.0},{"cards_removed":["Strike_G"],"damage_healed":0.0,"max_hp_gain":0.0,"max_hp_loss":0.0,"gold_gain":0.0,"event_name":"The Cleric","player_choice":"Card Removal","floor":10.0,"gold_loss":75.0,"damage_taken":0.0},{"damage_healed":0,"gold_gain":0,"player_choice":"Inject Mutagens","damage_taken":0,"relics_obtained":["MutagenicStrength"],"max_hp_gain":0,"max_hp_loss":0,"event_name":"Drug Dealer","floor":19,"gold_loss":0},{"damage_healed":0,"gold_gain":0,"player_choice":"Fight","damage_taken":0,"max_hp_gain":0,"max_hp_loss":0,"event_name":"Colosseum","floor":20,"gold_loss":0},{"damage_healed":0,"gold_gain":0,"player_choice":"Fought Nobs","damage_taken":0,"max_hp_gain":0,"max_hp_loss":0,"event_name":"Colosseum","floor":20,"gold_loss":0},{"damage_healed":0,"gold_gain":0,"player_choice":"Ignored","damage_taken":0,"max_hp_gain":0,"max_hp_loss":0,"event_name":"Ghosts","floor":27,"gold_loss":0},{"damage_healed":0,"gold_gain":0,"player_choice":"Simplicity","damage_taken":0,"max_hp_gain":0,"max_hp_loss":0,"event_name":"Back to Basics","floor":29,"gold_loss":0,"cards_upgraded":["Defend_G","Defend_G","Defend_G","Defend_G","Defend_G"]}],"is_beta":false,"boss_relics":[{"not_picked":["Fusion Hammer","Snecko Eye"],"picked":"Astrolabe"}],"items_purged_floors":[],"is_endless":false,"potions_floor_spawned":[2,16,20,28,30],"killed_by":"Cultist and Chosen","ascension_level":17}