{"gold_per_floor":[114,114,129,144,159,159,159,159,234,264,279,279,294,321,333,445,457,514,526,553,664,691,733,745,772,834,861,873,900,927,1014,1026,1138,1150,1177,624,639,654,669,699,699,714,789,789,789,199,214,229,229,229],"floor_reached":51,"playtime":2819,"items_purged":[],"score":832,"play_id":"a01f678c-0249-45d6-a8b9-3ae18dad27ec","local_time":"20190117070319","daily_mods":["Specialized","Vintage","DeadlyEvents"],"is_ascension_mode":false,"campfire_choices":[{"data":"Neutralize","floor":6,"key":"SMITH"},{"data":"Unload","floor":8,"key":"SMITH"},{"data":"Deflect","floor":12,"key":"SMITH"},{"data":"Unload","floor":15,"key":"SMITH"},{"data":"Adrenaline","floor":24,"key":"SMITH"},{"data":"Cloak And Dagger","floor":28,"key":"SMITH"},{"data":"Unload","floor":32,"key":"SMITH"},{"data":"Envenom","floor":41,"key":"SMITH"},{"data":"Distraction","floor":44,"key":"SMITH"},{"data":"Infinite Blades","floor":49,"key":"SMITH"}],"neow_cost":"","seed_source_timestamp":0,"circlet_count":0,"master_deck":["Defend_G+1","Defend_G+1","Defend_G","Defend_G","Strike_G","Strike_G","Strike_G","Strike_G","Strike_G","Survivor","Neutralize+1","Unload+1","Unload+1","Unload+1","Unload+1","Unload+1","Deflect+1","Adrenaline+1","Cloak And Dagger+1","Envenom+1","Panache","Slice","Distraction+1","Bandage Up","Dramatic Entrance","Bandage Up","Infinite Blades+1","Finesse"],"special_seed":17913,"relics":["Ring of the Snake","Regal Pillow","Ice Cream","Whetstone","FossilizedHelix","Bottled Flame","Darkstone Periapt","Blue Candle","MawBank","Pen Nib","Eternal Feather","Tiny Chest","Potion Belt","Lantern","Ornamental Fan","Bottled Lightning","Ancient Tea Set","Kunai","Mercury Hourglass","Smiling Mask","Paper Crane","Black Star","War Paint","Vajra","Strange Spoon","Centennial Puzzle","Singing Bowl","Bottled Tornado","Meat on the Bone","Anchor","Letter Opener","Mummified Hand","Toy Ornithopter","Blood Vial","Pear","Oddly Smooth Stone"],"potions_floor_usage":[10,16,16,22,23,33,33,40,42,42,42,50,50],"damage_taken":[{"damage":0,"enemies":"Cultist","floor":1,"turns":2},{"damage":0,"enemies":"Small Slimes","floor":3,"turns":2},{"damage":0,"enemies":"Jaw Worm","floor":4,"turns":1},{"damage":2,"enemies":"3 Louse","floor":5,"turns":2},{"damage":0,"enemies":"Gremlin Nob","floor":10,"turns":3},{"damage":0,"enemies":"Looter","floor":11,"turns":2},{"damage":0,"enemies":"Blue Slaver","floor":13,"turns":2},{"damage":0,"enemies":"Large Slime","floor":14,"turns":3},{"damage":34,"enemies":"Hexaghost","floor":16,"turns":7},{"damage":0,"enemies":"Chosen","floor":18,"turns":3},{"damage":0,"enemies":"Shell Parasite","floor":20,"turns":4},{"damage":0,"enemies":"Centurion and Healer","floor":22,"turns":5},{"damage":4,"enemies":"Gremlin Leader","floor":23,"turns":5},{"damage":0,"enemies":"Cultist and Chosen","floor":25,"turns":4},{"damage":0,"enemies":"Snecko","floor":27,"turns":5},{"damage":0,"enemies":"Snake Plant","floor":29,"turns":3},{"damage":0,"enemies":"Cultist and Chosen","floor":30,"turns":4},{"damage":53,"enemies":"Automaton","floor":33,"turns":7},{"damage":16,"enemies":"3 Darklings","floor":35,"turns":4},{"damage":0,"enemies":"3 Shapes","floor":37,"turns":2},{"damage":0,"enemies":"3 Darklings","floor":38,"turns":3},{"damage":0,"enemies":"4 Shapes","floor":39,"turns":4},{"damage":0,"enemies":"Nemesis","floor":40,"turns":6},{"damage":0,"enemies":"Transient","floor":42,"turns":5},{"damage":0,"enemies":"3 Darklings","floor":47,"turns":3},{"damage":0,"enemies":"Jaw Worm Horde","floor":48,"turns":2},{"damage":44,"enemies":"Awakened One","floor":50,"turns":10}],"seed_played":"8498039095971969766","potions_obtained":[{"floor":3,"key":"EssenceOfSteel"},{"floor":5,"key":"Ancient Potion"},{"floor":11,"key":"PowerPotion"},{"floor":16,"key":"EssenceOfSteel"},{"floor":18,"key":"Explosive Potion"},{"floor":27,"key":"PowerPotion"},{"floor":29,"key":"FearPotion"},{"floor":30,"key":"Strength Potion"},{"floor":33,"key":"Dexterity Potion"},{"floor":35,"key":"SteroidPotion"},{"floor":39,"key":"Energy Potion"}],"is_trial":false,"path_per_floor":["M","?","M","M","M","R","?","R","T","E","M","R","M","M","R","B",null,"M","?","M","?","M","E","R","M","T","M","R","M","M","T","R","B",null,"M","$","M","M","M","E","R","M","T","R","?","$","M","M","R","B",null],"character_chosen":"THE_SILENT","items_purchased":["Panache","Slice","Vajra","Strange Spoon","Infinite Blades","Finesse","Toy Ornithopter","Blood Vial","SkillPotion","Regen Potion"],"campfire_rested":0,"item_purchase_floors":[36,36,36,36,46,46,46,46,46,46],"current_hp_per_floor":[70,70,70,70,68,68,70,70,70,70,70,70,70,70,70,36,70,70,70,70,70,70,66,70,70,70,70,70,70,70,70,70,17,70,54,54,54,54,54,54,66,66,66,70,60,60,76,80,80,58],"gold":229,"neow_bonus":"","is_prod":false,"is_daily":true,"chose_seed":false,"campfire_upgraded":10,"win_rate":0.0,"timestamp":1547726599,"path_taken":["M","?","?","M","M","R","?","R","T","?","M","R","M","M","R","BOSS","M","?","M","?","M","E","R","M","T","M","R","M","M","?","R","BOSS","M","$","M","M","M","E","R","M","T","R","?","?","M","M","R","BOSS"],"build_version":"2019-01-10","purchased_purges":0,"victory":true,"max_hp_per_floor":[70,70,70,70,70,70,70,70,70,70,70,70,70,70,70,70,70,70,70,70,70,70,70,70,70,70,70,70,70,70,70,70,70,70,70,70,70,70,70,70,70,70,70,70,70,70,80,80,80,80],"card_choices":[{"not_picked":["Acrobatics","Quick Slash"],"picked":"Deflect","floor":10},{"not_picked":["Bullet Time","Storm of Steel"],"picked":"Adrenaline","floor":16},{"not_picked":["Deflect+1","Sucker Punch"],"picked":"Cloak And Dagger","floor":23},{"not_picked":["Doppelganger","Venomology"],"picked":"Envenom","floor":33},{"not_picked":["Slice","Choke+1"],"picked":"Distraction","floor":40},{"not_picked":["Swift Strike","Master of Strategy"],"picked":"Bandage Up","floor":45},{"not_picked":["Thinking Ahead","Forethought"],"picked":"Dramatic Entrance","floor":45},{"not_picked":["Discovery","Dark Shackles"],"picked":"Bandage Up","floor":45}],"player_experience":71885,"relics_obtained":[{"floor":1,"key":"Regal Pillow"},{"floor":3,"key":"Ice Cream"},{"floor":4,"key":"Whetstone"},{"floor":5,"key":"FossilizedHelix"},{"floor":9,"key":"Bottled Flame"},{"floor":10,"key":"Darkstone Periapt"},{"floor":11,"key":"Blue Candle"},{"floor":13,"key":"MawBank"},{"floor":14,"key":"Pen Nib"},{"floor":18,"key":"Tiny Chest"},{"floor":20,"key":"Potion Belt"},{"floor":22,"key":"Lantern"},{"floor":23,"key":"Ornamental Fan"},{"floor":25,"key":"Bottled Lightning"},{"floor":26,"key":"Ancient Tea Set"},{"floor":27,"key":"Kunai"},{"floor":29,"key":"Mercury Hourglass"},{"floor":30,"key":"Smiling Mask"},{"floor":31,"key":"Paper Crane"},{"floor":35,"key":"War Paint"},{"floor":37,"key":"Centennial Puzzle"},{"floor":38,"key":"Singing Bowl"},{"floor":39,"key":"Bottled Tornado"},{"floor":40,"key":"Meat on the Bone"},{"floor":40,"key":"Anchor"},{"floor":42,"key":"Letter Opener"},{"floor":43,"key":"Mummified Hand"},{"floor":47,"key":"Pear"},{"floor":48,"key":"Oddly Smooth Stone"}],"event_choices":[{"damage_healed":0,"gold_gain":0,"cards_transformed":["Defend_G"],"player_choice":"Transformed","damage_taken":0,"max_hp_gain":0,"max_hp_loss":0,"event_name":"Transmorgrifier","floor":2,"gold_loss":0,"cards_obtained":["Caltrops"]},{"cards_removed":["Caltrops"],"damage_healed":2,"gold_gain":0,"player_choice":"Offered Uncommon","damage_taken":0,"max_hp_gain":0,"max_hp_loss":0,"event_name":"Bonfire Elementals","floor":7,"gold_loss":0},{"damage_healed":0,"gold_gain":0,"player_choice":"Ignored","damage_taken":0,"max_hp_gain":0,"max_hp_loss":0,"event_name":"Ghosts","floor":19,"gold_loss":0},{"damage_healed":0,"gold_gain":99,"player_choice":"Stole From Cult","damage_taken":0,"max_hp_gain":0,"max_hp_loss":0,"event_name":"Nest","floor":21,"gold_loss":0},{"damage_healed":0,"gold_gain":0,"player_choice":"Memory 3","damage_taken":10,"max_hp_gain":0,"max_hp_loss":0,"event_name":"SensoryStone","floor":45,"gold_loss":0}],"is_beta":false,"boss_relics":[{"not_picked":["Astrolabe","Snecko Eye"],"picked":"Eternal Feather"},{"not_picked":["Velvet Choker","Calling Bell"],"picked":"Black Star"}],"items_purged_floors":[],"is_endless":false,"potions_floor_spawned":[3,5,11,16,18,27,29,30,33,35,39],"ascension_level":0}