{"gold_per_floor":[112,131,131,56,67,67,67,102,128,156,168,187,199,209,209,287,287,298,285,285,29,104,104,131,131,131,131,166,182,182,198,198,198],"floor_reached":33,"playtime":2024,"items_purged":["Strike_R"],"score":572,"play_id":"9f6237dd-cdc7-49fc-98bc-7b511f8fbbaf","local_time":"20181103232627","is_ascension_mode":true,"campfire_choices":[{"data":"Uppercut","floor":6,"key":"SMITH"},{"data":"Offering","floor":15,"key":"SMITH"},{"data":"Bloodletting","floor":23,"key":"SMITH"},{"data":"Bludgeon","floor":25,"key":"SMITH"},{"data":"Bash","floor":27,"key":"SMITH"},{"data":"Flame Barrier","floor":32,"key":"SMITH"}],"neow_cost":"TEN_PERCENT_HP_LOSS","seed_source_timestamp":49415350298020,"circlet_count":0,"master_deck":["AscendersBane","Strike_R","Defend_R","Defend_R","Defend_R","Defend_R+1","Bash+1","Bludgeon+1","Battle Trance","Bloodletting+1","Uppercut+1","Power Through","Power Through","Offering+1","Bludgeon+1","Wild Strike+1","Bludgeon+1","Spot Weakness+1","Rage","Ghostly","Ghostly","Ghostly","Ghostly","Ghostly","Dropkick","Secret Weapon+1","Flame Barrier+1"],"relics":["Burning Blood","Blood Vial","Anchor","Shuriken","Astrolabe","War Paint","Red Skull","Mummified Hand","Orichalcum"],"potions_floor_usage":[10,16,16,19],"damage_taken":[{"damage":2,"enemies":"2 Louse","floor":1,"turns":3},{"damage":0,"enemies":"Cultist","floor":2,"turns":2},{"damage":0,"enemies":"Jaw Worm","floor":5,"turns":1},{"damage":18,"enemies":"Lagavulin","floor":8,"turns":3},{"damage":3,"enemies":"Gremlin Nob","floor":10,"turns":2},{"damage":0,"enemies":"Blue Slaver","floor":11,"turns":2},{"damage":1,"enemies":"3 Louse","floor":12,"turns":4},{"damage":4,"enemies":"Red Slaver","floor":13,"turns":2},{"damage":0,"enemies":"Large Slime","floor":14,"turns":4},{"damage":33,"enemies":"Hexaghost","floor":16,"turns":7},{"damage":11,"enemies":"Chosen","floor":18,"turns":2},{"damage":10,"enemies":"2 Thieves","floor":19,"turns":4},{"damage":15,"enemies":"Slavers","floor":24,"turns":9},{"damage":14,"enemies":"Gremlin Leader","floor":28,"turns":6},{"damage":7,"enemies":"Shelled Parasite and Fungi","floor":29,"turns":7},{"damage":7,"enemies":"3 Cultists","floor":31,"turns":5},{"damage":23,"enemies":"Automaton","floor":33,"turns":8}],"seed_played":"9049713398255368626","potions_obtained":[{"floor":1,"key":"GamblersBrew"},{"floor":2,"key":"LiquidBronze"},{"floor":13,"key":"SteroidPotion"},{"floor":14,"key":"Poison Potion"},{"floor":16,"key":"GamblersBrew"},{"floor":24,"key":"SteroidPotion"},{"floor":29,"key":"SpeedPotion"},{"floor":31,"key":"SkillPotion"}],"is_trial":false,"path_per_floor":["M","M","?","$","M","R","?","E","T","E","M","M","M","M","R","B",null,"M","M","?","$","?","R","E","R","T","R","E","M","?","M","R","B"],"character_chosen":"IRONCLAD","items_purchased":["Dropkick","Secret Weapon"],"campfire_rested":0,"item_purchase_floors":[21,21],"current_hp_per_floor":[68,68,68,68,68,68,68,56,56,61,68,68,68,68,68,41,61,58,56,34,34,31,31,24,24,24,24,18,19,19,20,20,0],"gold":198,"neow_bonus":"THREE_RARE_CARDS","is_prod":false,"is_daily":false,"chose_seed":false,"campfire_upgraded":6,"win_rate":0,"timestamp":1541283987,"path_taken":["M","M","?","?","M","R","?","E","T","E","M","M","M","M","R","BOSS","M","M","?","$","?","R","E","R","T","R","E","?","?","?","R","BOSS"],"build_version":"2018-11-01","purchased_purges":1,"victory":false,"max_hp_per_floor":[68,68,68,68,68,68,68,68,68,68,68,68,68,68,68,68,68,68,68,34,34,34,34,34,34,34,34,34,34,34,34,34,34],"card_choices":[{"not_picked":["Demon Form","Reaper"],"picked":"Bludgeon","floor":0},{"not_picked":["Perfected Strike","Flex"],"picked":"Battle Trance","floor":1},{"not_picked":["Second Wind","Iron Wave"],"picked":"Bloodletting","floor":2},{"not_picked":["Shrug It Off","Sever Soul"],"picked":"Uppercut","floor":5},{"not_picked":["Inflame","Twin Strike","Spot Weakness"],"picked":"SKIP","floor":8},{"not_picked":["Pommel Strike","Havoc"],"picked":"Power Through","floor":10},{"not_picked":["Twin Strike","Heavy Blade","Fire Breathing"],"picked":"SKIP","floor":11},{"not_picked":["Bloodletting","Intimidate","Rupture"],"picked":"SKIP","floor":12},{"not_picked":["Sword Boomerang","Anger"],"picked":"Power Through","floor":13},{"not_picked":["Anger","Cleave"],"picked":"Offering","floor":14},{"not_picked":["Berserk","Immolate"],"picked":"Bludgeon","floor":16},{"not_picked":["Combust+1","Perfected Strike","Intimidate"],"picked":"SKIP","floor":18},{"not_picked":["Shrug It Off","Perfected Strike"],"picked":"Rage","floor":19},{"not_picked":["Wild Strike","Sword Boomerang","Heavy Blade+1"],"picked":"SKIP","floor":24},{"not_picked":["Sword Boomerang","Clothesline","Pommel Strike"],"picked":"SKIP","floor":28},{"not_picked":["Sword Boomerang","Barricade"],"picked":"Flame Barrier","floor":29},{"not_picked":["Sword Boomerang+1","Shockwave","Armaments"],"picked":"SKIP","floor":31}],"player_experience":506227,"relics_obtained":[{"floor":8,"key":"Blood Vial"},{"floor":9,"key":"Anchor"},{"floor":10,"key":"Shuriken"},{"floor":24,"key":"War Paint"},{"floor":26,"key":"Red Skull"},{"floor":28,"key":"Mummified Hand"}],"event_choices":[{"damage_healed":0,"gold_gain":0,"player_choice":"Upgraded","damage_taken":0,"max_hp_gain":0,"max_hp_loss":0,"event_name":"Upgrade Shrine","floor":3,"gold_loss":0,"cards_upgraded":["Bludgeon"]},{"damage_healed":0,"gold_gain":0,"player_choice":"Ignored","damage_taken":0,"max_hp_gain":0,"max_hp_loss":0,"event_name":"Liars Game","floor":7,"gold_loss":0},{"damage_healed":0,"gold_gain":0,"player_choice":"Became a Ghost","damage_taken":0,"max_hp_gain":0,"max_hp_loss":34,"event_name":"Ghosts","floor":20,"gold_loss":0,"cards_obtained":["Ghostly","Ghostly","Ghostly","Ghostly","Ghostly"]},{"damage_healed":0,"gold_gain":75,"player_choice":"Touch","damage_taken":3,"max_hp_gain":0,"max_hp_loss":0,"event_name":"FaceTrader","floor":22,"gold_loss":0},{"damage_healed":0,"gold_gain":0,"player_choice":"Gave Potion","damage_taken":0,"relics_obtained":["Orichalcum"],"max_hp_gain":0,"max_hp_loss":0,"event_name":"WeMeetAgain","floor":30,"gold_loss":0}],"is_beta":false,"boss_relics":[{"not_picked":["Philosopher\u0027s Stone","Tiny House"],"picked":"Astrolabe"}],"items_purged_floors":[4],"is_endless":false,"potions_floor_spawned":[1,2,8,13,14,16,24,29,31],"killed_by":"Automaton","ascension_level":14}