{"gold_per_floor":[217,9,21,31,206,206,271,271,271,271],"floor_reached":10,"playtime":1804,"items_purged":[],"score":95,"play_id":"7ce510be-ba3c-40b6-b9c2-f95ebb6a8f2a","local_time":"20190222194226","is_ascension_mode":true,"campfire_choices":[{"data":"Bash","floor":6,"key":"SMITH"},{"floor":8,"key":"REST"}],"neow_cost":"NONE","seed_source_timestamp":839431739823007,"circlet_count":0,"master_deck":["AscendersBane","Strike_R","Strike_R","Strike_R","Strike_R","Strike_R","Defend_R","Defend_R","Defend_R","Defend_R","Bash+1","Clothesline","Doubt","Metallicize"],"relics":["Burning Blood","ClockworkSouvenir","Ornamental Fan","Bag of Marbles"],"potions_floor_usage":[],"damage_taken":[{"damage":10,"enemies":"2 Louse","floor":1,"turns":3},{"damage":7,"enemies":"Jaw Worm","floor":3,"turns":3},{"damage":1,"enemies":"Cultist","floor":4,"turns":4},{"damage":65,"enemies":"3 Sentries","floor":7,"turns":13},{"damage":33,"enemies":"3 Sentries","floor":10,"turns":10}],"seed_played":"-557655559372746533","potions_obtained":[],"is_trial":false,"path_per_floor":["M","$","M","M","?","R","?","R","T","E"],"character_chosen":"IRONCLAD","items_purchased":["ClockworkSouvenir"],"campfire_rested":1,"item_purchase_floors":[2],"current_hp_per_floor":[64,64,63,68,68,68,9,31,31,0],"gold":271,"neow_bonus":"HUNDRED_GOLD","is_prod":false,"is_daily":false,"chose_seed":false,"campfire_upgraded":1,"win_rate":0,"timestamp":1550893346,"path_taken":["M","$","M","M","?","R","?","R","T","E"],"build_version":"2019-01-23","purchased_purges":0,"victory":false,"max_hp_per_floor":[75,75,75,75,75,75,75,75,75,75],"card_choices":[{"not_picked":["Thunderclap","Sentinel","Twin Strike"],"picked":"SKIP","floor":1},{"not_picked":["Hemokinesis","Clash","Heavy Blade"],"picked":"SKIP","floor":3},{"not_picked":["Headbutt","Sever Soul"],"picked":"Clothesline","floor":4},{"not_picked":["Havoc","Perfected Strike"],"picked":"Metallicize","floor":7}],"player_experience":674274,"relics_obtained":[{"floor":7,"key":"Ornamental Fan"},{"floor":9,"key":"Bag of Marbles"}],"event_choices":[{"damage_healed":0,"gold_gain":175,"player_choice":"AGREE","damage_taken":0,"max_hp_gain":0,"max_hp_loss":0,"event_name":"Liars Game","floor":5,"gold_loss":0,"cards_obtained":["Doubt"]},{"damage_healed":0,"gold_gain":0,"player_choice":"Searched \u00272\u0027 times","damage_taken":0,"max_hp_gain":0,"max_hp_loss":0,"event_name":"Dead Adventurer","floor":7,"gold_loss":0}],"is_beta":false,"boss_relics":[],"items_purged_floors":[],"is_endless":false,"potions_floor_spawned":[],"killed_by":"3 Sentries","ascension_level":14}