{"gold_per_floor":[116,41,41,61,61,86,86,118,168,168,233,248,12,0],"floor_reached":14,"playtime":279,"items_purged":["Strike_B","Defend_B"],"score":246,"play_id":"95c1678c-591b-48be-891e-8b4f759dad98","local_time":"20190223230907","is_ascension_mode":true,"campfire_choices":[{"data":"Defragment","floor":7,"key":"SMITH"}],"neow_cost":"NONE","seed_source_timestamp":34500151719300,"circlet_count":0,"master_deck":["AscendersBane","Strike_B","Strike_B","Strike_B","Defend_B","Defend_B","Zap","Dualcast","Defragment+1","Leap","Static Discharge","Gash","Conserve Battery"],"relics":["Cracked Core","NeowsBlessing","Smiling Mask","Omamori","Centennial Puzzle","SsserpentHead","Membership Card"],"potions_floor_usage":[12,12],"damage_taken":[{"damage":0,"enemies":"Jaw Worm","floor":1,"turns":1},{"damage":0,"enemies":"2 Louse","floor":4,"turns":1},{"damage":0,"enemies":"Lagavulin","floor":6,"turns":1},{"damage":61,"enemies":"3 Sentries","floor":8,"turns":9},{"damage":2,"enemies":"Cultist","floor":11,"turns":4},{"damage":0,"enemies":"Red Slaver","floor":12,"turns":4},{"damage":11,"enemies":"Looter","floor":14,"turns":2}],"seed_played":"-1355816460675786835","potions_obtained":[{"floor":6,"key":"Ancient Potion"},{"floor":11,"key":"GamblersBrew"}],"is_trial":false,"path_per_floor":["M","$","?","M","$","E","R","E","T","?","M","M","$","M"],"character_chosen":"DEFECT","items_purchased":["Membership Card","Conserve Battery"],"campfire_rested":0,"item_purchase_floors":[13,13],"current_hp_per_floor":[64,64,64,64,64,64,64,3,3,3,1,1,1,0],"gold":0,"neow_bonus":"THREE_ENEMY_KILL","is_prod":false,"is_daily":false,"chose_seed":false,"campfire_upgraded":1,"win_rate":0,"timestamp":1550956147,"path_taken":["M","$","?","M","$","E","R","E","T","?","?","M","?","M"],"build_version":"2019-01-23","purchased_purges":2,"victory":false,"max_hp_per_floor":[71,71,71,71,71,71,71,71,71,71,71,71,71,71],"card_choices":[{"not_picked":["Turbo","Streamline","Steam"],"picked":"SKIP","floor":1},{"not_picked":["Cold Snap","Conserve Battery"],"picked":"Defragment","floor":4},{"not_picked":["Go for the Eyes","Coolheaded"],"picked":"Leap","floor":6},{"not_picked":["Rebound","Steam"],"picked":"Static Discharge","floor":8},{"not_picked":["Meteor Strike","Compile Driver","Turbo"],"picked":"SKIP","floor":11},{"not_picked":["Steam Power","Sweeping Beam"],"picked":"Gash","floor":12}],"player_experience":935089,"relics_obtained":[{"floor":6,"key":"Smiling Mask"},{"floor":8,"key":"Omamori"},{"floor":9,"key":"Centennial Puzzle"}],"event_choices":[{"cards_removed":["Defend_B"],"damage_healed":0,"gold_gain":0,"player_choice":"Forget","damage_taken":0,"max_hp_gain":0,"max_hp_loss":0,"event_name":"Living Wall","floor":3,"gold_loss":0},{"damage_healed":0,"gold_gain":0,"player_choice":"Trade","damage_taken":0,"relics_obtained":["SsserpentHead"],"max_hp_gain":0,"max_hp_loss":0,"event_name":"FaceTrader","floor":10,"gold_loss":0}],"is_beta":false,"boss_relics":[],"items_purged_floors":[2,13],"is_endless":false,"potions_floor_spawned":[6,11],"killed_by":"Looter","ascension_level":20}