{"gold_per_floor":[109,3,3,14,29,29,39,39,39,13,33,33,51,67,67,166,166,181,181,194,194,206,206,206],"floor_reached":24,"playtime":942,"items_purged":[],"score":257,"play_id":"dd241613-c077-4772-aa08-14bad3018707","local_time":"20190207040053","is_ascension_mode":true,"campfire_choices":[{"data":"Zap","floor":6,"key":"SMITH"},{"data":"Capacitor","floor":8,"key":"SMITH"},{"floor":15,"key":"REST"},{"floor":23,"key":"REST"}],"neow_cost":"NONE","seed_source_timestamp":1841330418990760,"circlet_count":0,"master_deck":["Strike_B","Strike_B","Defend_B","Defend_B","Defend_B","Defend_B","Zap+1","Dualcast","Machine Learning","Chill","Glacier","Coolheaded","Capacitor+1","Cold Snap","Cold Snap","Steam","Compile Driver","Hologram","Electrodynamics","Barrage+1","Gash","Fusion","Loop","Melter"],"relics":["Cracked Core","Smiling Mask","Fusion Hammer"],"potions_floor_usage":[13,16,16,22],"damage_taken":[{"damage":4,"enemies":"2 Louse","floor":1,"turns":2},{"damage":7,"enemies":"Cultist","floor":4,"turns":5},{"damage":0,"enemies":"Small Slimes","floor":5,"turns":4},{"damage":7,"enemies":"2 Fungi Beasts","floor":7,"turns":5},{"damage":7,"enemies":"Lots of Slimes","floor":11,"turns":6},{"damage":0,"enemies":"Looter","floor":13,"turns":3},{"damage":12,"enemies":"Large Slime","floor":14,"turns":6},{"damage":42,"enemies":"Hexaghost","floor":16,"turns":14},{"damage":5,"enemies":"Chosen","floor":18,"turns":6},{"damage":7,"enemies":"Spheric Guardian","floor":20,"turns":4},{"damage":12,"enemies":"3 Cultists","floor":22,"turns":5},{"damage":65,"enemies":"Cultist and Chosen","floor":24,"turns":6}],"seed_played":"-3667215424097223627","potions_obtained":[{"floor":1,"key":"SteroidPotion"},{"floor":4,"key":"Energy Potion"},{"floor":11,"key":"SkillPotion"},{"floor":14,"key":"Fire Potion"},{"floor":18,"key":"Poison Potion"},{"floor":21,"key":"AttackPotion"}],"is_trial":false,"path_per_floor":["M","$","?","M","M","R","M","R","T","$","M","$","M","M","R","B",null,"M","?","M","?","M","R","M"],"character_chosen":"DEFECT","items_purchased":["Glacier","Coolheaded","Steam"],"campfire_rested":2,"item_purchase_floors":[2,2,10],"current_hp_per_floor":[64,64,75,68,68,68,61,61,61,61,54,54,54,42,64,22,62,57,57,50,50,38,60,0],"gold":206,"neow_bonus":"ONE_RANDOM_RARE_CARD","is_prod":false,"is_daily":false,"chose_seed":false,"campfire_upgraded":2,"win_rate":0,"timestamp":1549530053,"path_taken":["M","$","?","M","M","R","M","R","T","$","M","$","M","?","R","BOSS","M","?","M","?","?","R","M"],"build_version":"2019-01-23","purchased_purges":0,"victory":false,"max_hp_per_floor":[75,75,75,75,75,75,75,75,75,75,75,75,75,75,75,75,75,75,75,75,75,75,75,75],"card_choices":[{"not_picked":["Reprogram","Double Energy"],"picked":"Chill","floor":1},{"not_picked":["Hologram","Genetic Algorithm"],"picked":"Capacitor","floor":4},{"not_picked":["Conserve Battery","Streamline"],"picked":"Cold Snap","floor":5},{"not_picked":["Doom and Gloom","Redo"],"picked":"Cold Snap","floor":7},{"not_picked":["Aggregate","Streamline"],"picked":"Compile Driver","floor":11},{"not_picked":["Steam Power","Biased Cognition"],"picked":"Hologram","floor":13},{"not_picked":["Redo","Compile Driver","Rebound"],"picked":"SKIP","floor":14},{"not_picked":["All For One","Fission"],"picked":"Electrodynamics","floor":16},{"not_picked":["Hologram+1","Aggregate"],"picked":"Barrage+1","floor":18},{"not_picked":["Sweeping Beam","Conserve Battery"],"picked":"Loop","floor":20},{"not_picked":["Beam Cell","Doom and Gloom"],"picked":"Melter","floor":22}],"player_experience":402208,"relics_obtained":[{"floor":9,"key":"Smiling Mask"}],"event_choices":[{"damage_healed":11,"gold_gain":0,"player_choice":"Full Heal","damage_taken":0,"max_hp_gain":0,"max_hp_loss":0,"event_name":"Wheel of Change","floor":3,"gold_loss":0},{"damage_healed":0,"gold_gain":0,"cards_transformed":["Strike_B","Strike_B"],"player_choice":"Became Test Subject","damage_taken":0,"max_hp_gain":0,"max_hp_loss":0,"event_name":"Drug Dealer","floor":19,"gold_loss":0,"cards_obtained":["Gash","Fusion"]},{"damage_healed":0,"gold_gain":0,"player_choice":"Got Potions","damage_taken":0,"max_hp_gain":0,"max_hp_loss":0,"event_name":"Lab","floor":21,"gold_loss":0}],"is_beta":false,"boss_relics":[{"not_picked":["Ectoplasm","Philosopher\u0027s Stone"],"picked":"Fusion Hammer"}],"items_purged_floors":[],"is_endless":false,"potions_floor_spawned":[1,4,11,14,18],"killed_by":"Cultist and Chosen","ascension_level":7}