{"gold_per_floor":[113,130,130,59,59,84,84,114,114,142,160,172,200,216,216,320,320,288,288,304,304,14,45,45,74,74,74,106,117,136,136,136,136],"floor_reached":33,"playtime":3501,"items_purged":[],"score":350,"play_id":"8c04eee6-3fb0-4fee-8606-aeee54d12b99","local_time":"20190210204129","is_ascension_mode":true,"campfire_choices":[{"data":"Dualcast","floor":7,"key":"SMITH"},{"data":"Loop","floor":15,"key":"SMITH"},{"data":"Coolheaded","floor":24,"key":"SMITH"},{"data":"Seek","floor":27,"key":"SMITH"},{"data":"Redo","floor":32,"key":"SMITH"}],"neow_cost":"TEN_PERCENT_HP_LOSS","seed_source_timestamp":245449778659604,"circlet_count":0,"master_deck":["Defend_B+1","Defend_B+1","Zap","Dualcast+1","Sunder","Ball Lightning","Glacier","FTL+1","Hello World","Loop+1","Aggregate","Storm","Coolheaded+1","Hologram","Coolheaded","Redo+1","Seek+1","Go for the Eyes","Cold Snap","Blizzard","White Noise","Multi-Cast+1","Skim+1","Turbo+1","Redo+1","Chill+1","Conserve Battery+1"],"relics":["Cracked Core","Matryoshka","Boot","Incense Burner","Whetstone","War Paint","Meat on the Bone","Pear","Regal Pillow","Empty Cage","Prayer Wheel","Toxic Egg 2","Frozen Egg 2","Mummified Hand","Oddly Smooth Stone","Gremlin Horn","Pocketwatch"],"potions_floor_usage":[6,16,16],"damage_taken":[{"damage":0,"enemies":"Small Slimes","floor":1,"turns":2},{"damage":0,"enemies":"Cultist","floor":2,"turns":2},{"damage":13,"enemies":"3 Sentries","floor":6,"turns":7},{"damage":3,"enemies":"Gremlin Nob","floor":8,"turns":3},{"damage":10,"enemies":"Lagavulin","floor":10,"turns":5},{"damage":11,"enemies":"Jaw Worm","floor":11,"turns":2},{"damage":0,"enemies":"Exordium Thugs","floor":12,"turns":3},{"damage":18,"enemies":"Gremlin Nob","floor":13,"turns":4},{"damage":0,"enemies":"Blue Slaver","floor":14,"turns":3},{"damage":10,"enemies":"Slime Boss","floor":16,"turns":12},{"damage":14,"enemies":"2 Thieves","floor":18,"turns":5},{"damage":1,"enemies":"Shell Parasite","floor":20,"turns":6},{"damage":21,"enemies":"Book of Stabbing","floor":23,"turns":6},{"damage":18,"enemies":"Gremlin Leader","floor":25,"turns":9},{"damage":25,"enemies":"Book of Stabbing","floor":28,"turns":8},{"damage":5,"enemies":"Sentry and Sphere","floor":29,"turns":6},{"damage":10,"enemies":"Snake Plant","floor":30,"turns":4},{"damage":33,"enemies":"Collector","floor":33,"turns":5}],"seed_played":"-7850575476058199828","potions_obtained":[{"floor":2,"key":"SpeedPotion"},{"floor":6,"key":"Strength Potion"},{"floor":14,"key":"Weak Potion"},{"floor":23,"key":"Weak Potion"},{"floor":29,"key":"Regen Potion"}],"is_trial":false,"path_per_floor":["?","?","?","?","M","T"],"character_chosen":"DEFECT","items_purchased":["Hello World","Prayer Wheel"],"campfire_rested":0,"item_purchase_floors":[4,22],"current_hp_per_floor":[68,68,61,61,61,48,48,45,45,45,46,46,40,40,40,42,78,64,64,63,48,48,39,39,33,33,33,20,27,29,29,29,0],"gold":136,"neow_bonus":"TRANSFORM_TWO_CARDS","is_prod":false,"is_daily":false,"chose_seed":false,"campfire_upgraded":5,"win_rate":0,"timestamp":1549827689,"path_taken":["M","M","?","$","?","E","R","E","T","E","M","M","E","M","R","BOSS","M","?","M","?","$","E","R","E","T","R","E","M","?","?","R","BOSS"],"build_version":"2019-01-23","purchased_purges":0,"victory":false,"max_hp_per_floor":[68,68,68,68,68,68,68,68,68,78,78,78,78,78,78,78,78,78,78,78,83,83,83,83,83,83,83,83,83,83,83,83,83],"card_choices":[{"not_picked":["Barrage","Heatsinks"],"picked":"Glacier","floor":1},{"not_picked":["Steam Power","Barrage"],"picked":"FTL","floor":2},{"not_picked":["Glacier","Rebound"],"picked":"Loop","floor":6},{"not_picked":["Beam Cell","Leap"],"picked":"Aggregate","floor":8},{"not_picked":["Turbo","Fission"],"picked":"Storm","floor":10},{"not_picked":["Cold Snap","Barrage"],"picked":"Coolheaded","floor":11},{"not_picked":["Turbo","Compile Driver"],"picked":"Hologram","floor":12},{"not_picked":["Steam","Glacier"],"picked":"Coolheaded","floor":13},{"not_picked":["Gash","Barrage"],"picked":"Redo","floor":14},{"not_picked":["Multi-Cast","Fission"],"picked":"Seek","floor":16},{"not_picked":["Fusion","Sweeping Beam"],"picked":"Go for the Eyes","floor":18},{"not_picked":["Compile Driver","Skim"],"picked":"White Noise","floor":20},{"not_picked":["Steam+1","Melter+1"],"picked":"Multi-Cast","floor":23},{"not_picked":["Sweeping Beam","Compile Driver+1"],"picked":"Skim+1","floor":25},{"not_picked":["Steam Power+1","Steam+1"],"picked":"Turbo+1","floor":28},{"not_picked":["Hologram+1","Steam+1"],"picked":"Redo+1","floor":29},{"not_picked":["Ball Lightning+1","Force Field+1"],"picked":"Chill+1","floor":29},{"not_picked":["Steam+1","Genetic Algorithm+1"],"picked":"Conserve Battery+1","floor":30},{"not_picked":["Cold Snap+1","Compile Driver","Sweeping Beam"],"picked":"SKIP","floor":30}],"player_experience":82257,"relics_obtained":[{"floor":5,"key":"Boot"},{"floor":6,"key":"Incense Burner"},{"floor":8,"key":"Whetstone"},{"floor":9,"key":"War Paint"},{"floor":9,"key":"Meat on the Bone"},{"floor":10,"key":"Pear"},{"floor":13,"key":"Regal Pillow"},{"floor":23,"key":"Toxic Egg 2"},{"floor":25,"key":"Frozen Egg 2"},{"floor":26,"key":"Mummified Hand"},{"floor":26,"key":"Oddly Smooth Stone"},{"floor":28,"key":"Gremlin Horn"},{"floor":31,"key":"Pocketwatch"}],"event_choices":[{"damage_healed":0,"gold_gain":0,"player_choice":"Success","damage_taken":7,"relics_obtained":["Matryoshka"],"max_hp_gain":0,"max_hp_loss":0,"event_name":"Scrap Ooze","floor":3,"gold_loss":0},{"damage_healed":0,"gold_gain":0,"player_choice":"Relic","damage_taken":0,"max_hp_gain":0,"max_hp_loss":0,"event_name":"Wheel of Change","floor":5,"gold_loss":0},{"damage_healed":0,"gold_gain":0,"cards_transformed":["Defend_B","Strike_B"],"player_choice":"Became Test Subject","damage_taken":0,"max_hp_gain":0,"max_hp_loss":0,"event_name":"Drug Dealer","floor":19,"gold_loss":0,"cards_obtained":["Cold Snap","Blizzard"]},{"damage_healed":0,"gold_gain":0,"player_choice":"Shed Blood","damage_taken":20,"max_hp_gain":5,"max_hp_loss":0,"event_name":"Forgotten Altar","floor":21,"gold_loss":0}],"is_beta":false,"boss_relics":[{"not_picked":["Ectoplasm","Velvet Choker"],"picked":"Empty Cage"}],"items_purged_floors":[],"is_endless":false,"potions_floor_spawned":[2,6,14,23,29],"killed_by":"Collector","ascension_level":1}