{"gold_per_floor":[112,16,16,16,30,61,61,72,72,90,90,110,110,75,75,172,172,160,160,110,120,140,140,159,178,178,103,103,7,19,19,19,124,124,144,144,144],"floor_reached":37,"playtime":1683,"items_purged":[],"score":431,"play_id":"e14f5011-91d3-46a6-aefa-753177ee4e32","local_time":"20190126214305","is_ascension_mode":true,"campfire_choices":[{"data":"Zap","floor":7,"key":"SMITH"},{"floor":13,"key":"REST"},{"data":"FTL","floor":15,"key":"SMITH"},{"floor":23,"key":"REST"},{"floor":28,"key":"REST"},{"floor":32,"key":"REST"}],"neow_cost":"NONE","seed_source_timestamp":867483074785629,"circlet_count":0,"master_deck":["Strike_B","Strike_B","Strike_B","Strike_B","Defend_B","Defend_B","Defend_B","Defend_B","Zap+1","Dualcast+1","Leap","FTL+1","Beam Cell","Coolheaded","Cold Snap","Reinforced Body+1","Glacier","Steam","Defragment","Turbo","Undo+1","Melter+1","Capacitor","Redo","Conserve Battery","Static Discharge","Conserve Battery","Writhe","Hyperbeam","Conserve Battery"],"relics":["Cracked Core","NeowsBlessing","WarpedTongs","Blood Vial","Blue Candle","Odd Mushroom","Nuclear Battery","Letter Opener","Thread and Needle","Inserter"],"potions_floor_usage":[16,22,30,35],"damage_taken":[{"damage":0,"enemies":"Small Slimes","floor":1,"turns":1},{"damage":0,"enemies":"Cultist","floor":5,"turns":1},{"damage":0,"enemies":"Lagavulin","floor":6,"turns":1},{"damage":8,"enemies":"Jaw Worm","floor":8,"turns":3},{"damage":11,"enemies":"Blue Slaver","floor":10,"turns":3},{"damage":8,"enemies":"The Mushroom Lair","floor":12,"turns":5},{"damage":36,"enemies":"Slime Boss","floor":16,"turns":17},{"damage":11,"enemies":"2 Thieves","floor":18,"turns":4},{"damage":2,"enemies":"Chosen","floor":21,"turns":7},{"damage":56,"enemies":"Centurion and Healer","floor":22,"turns":19},{"damage":0,"enemies":"Sentry and Sphere","floor":24,"turns":3},{"damage":5,"enemies":"Shelled Parasite and Fungi","floor":25,"turns":7},{"damage":5,"enemies":"Snake Plant","floor":30,"turns":4},{"damage":14,"enemies":"Champ","floor":33,"turns":18},{"damage":1,"enemies":"3 Shapes","floor":35,"turns":9},{"damage":79,"enemies":"2 Orb Walkers","floor":37,"turns":4}],"seed_played":"-2242905013775235487","potions_obtained":[{"floor":6,"key":"Dexterity Potion"},{"floor":8,"key":"SpeedPotion"},{"floor":10,"key":"Ancient Potion"},{"floor":18,"key":"Swift Potion"},{"floor":25,"key":"Energy Potion"},{"floor":33,"key":"GamblersBrew"}],"is_trial":false,"path_per_floor":["M","$","?","$","M","E","R","M","T","M","?","?","R","?","R","B",null,"M","?","?","M","M","R","M","M","T","?","R","$","M","?","R","B",null,"M","?","?"],"character_chosen":"DEFECT","items_purchased":["FTL","Beam Cell","Conserve Battery","Static Discharge"],"campfire_rested":4,"item_purchase_floors":[2,2,29,29],"current_hp_per_floor":[75,75,75,75,75,75,75,67,67,58,43,37,59,75,75,39,75,64,64,64,64,10,32,34,31,31,31,53,53,50,50,72,60,75,74,74,0],"gold":144,"neow_bonus":"THREE_ENEMY_KILL","is_prod":false,"is_daily":false,"chose_seed":false,"campfire_upgraded":2,"win_rate":0,"timestamp":1548556985,"path_taken":["M","$","?","$","M","E","R","M","T","?","?","?","R","?","R","BOSS","M","?","?","?","M","R","M","M","T","?","R","$","M","?","R","BOSS","M","?","?"],"build_version":"2019-01-23","purchased_purges":0,"victory":false,"max_hp_per_floor":[75,75,75,75,75,75,75,75,75,75,75,75,75,75,75,75,75,75,75,75,75,75,75,75,75,75,75,75,75,75,75,75,75,75,75,75,75],"card_choices":[{"not_picked":["Streamline","Gash"],"picked":"Leap","floor":1},{"not_picked":["Redo","Streamline"],"picked":"Coolheaded","floor":5},{"not_picked":["Leap","Hologram"],"picked":"Cold Snap","floor":6},{"not_picked":["Sweeping Beam","Creative AI"],"picked":"Reinforced Body","floor":8},{"not_picked":["Coolheaded","Loop"],"picked":"Glacier","floor":10},{"not_picked":["Skim","Steam Power"],"picked":"Steam","floor":12},{"not_picked":["Stack","Compile Driver"],"picked":"Defragment","floor":18},{"not_picked":["Steam","Heatsinks+1"],"picked":"Undo+1","floor":21},{"not_picked":["Loop+1","Force Field+1"],"picked":"Melter+1","floor":22},{"not_picked":["Rebound","Fusion"],"picked":"Capacitor","floor":24},{"not_picked":["Steam+1","Genetic Algorithm"],"picked":"Redo","floor":25},{"not_picked":["Reprogram","Fusion"],"picked":"Conserve Battery","floor":30},{"not_picked":["Thunder Strike","Biased Cognition"],"picked":"Hyperbeam","floor":33},{"not_picked":["Barrage","Streamline"],"picked":"Conserve Battery","floor":35}],"player_experience":242296,"relics_obtained":[{"floor":6,"key":"Blood Vial"},{"floor":9,"key":"Blue Candle"},{"floor":12,"key":"Odd Mushroom"},{"floor":26,"key":"Letter Opener"}],"event_choices":[{"damage_healed":0,"gold_gain":0,"player_choice":"Rummage","damage_taken":0,"relics_obtained":["WarpedTongs"],"max_hp_gain":0,"max_hp_loss":0,"event_name":"Accursed Blacksmith","floor":3,"gold_loss":0,"cards_obtained":["Pain"]},{"damage_healed":0,"gold_gain":0,"player_choice":"Entered Light","damage_taken":15,"max_hp_gain":0,"max_hp_loss":0,"event_name":"Shining Light","floor":11,"gold_loss":0,"cards_upgraded":["Dualcast","Reinforced Body"]},{"damage_healed":0,"gold_gain":0,"player_choice":"Fought Mushrooms","damage_taken":0,"max_hp_gain":0,"max_hp_loss":0,"event_name":"Mushrooms","floor":12,"gold_loss":0},{"damage_healed":18,"gold_gain":0,"player_choice":"Healed","damage_taken":0,"max_hp_gain":0,"max_hp_loss":0,"event_name":"The Cleric","floor":14,"gold_loss":35},{"damage_healed":0,"gold_gain":0,"player_choice":"Read","damage_taken":0,"max_hp_gain":0,"max_hp_loss":0,"event_name":"The Library","floor":19,"gold_loss":0,"cards_obtained":["Turbo"]},{"damage_healed":0,"gold_gain":0,"player_choice":"Bet on Owner","damage_taken":0,"max_hp_gain":0,"max_hp_loss":0,"event_name":"The Joust","floor":20,"gold_loss":50},{"cards_removed":["Pain"],"damage_healed":0,"gold_gain":0,"player_choice":"Gave Gold","damage_taken":0,"max_hp_gain":0,"max_hp_loss":0,"event_name":"Beggar","floor":27,"gold_loss":75},{"damage_healed":0,"gold_gain":0,"player_choice":"Opened","damage_taken":0,"relics_obtained":["Thread and Needle"],"max_hp_gain":0,"max_hp_loss":0,"event_name":"The Mausoleum","floor":31,"gold_loss":0,"cards_obtained":["Writhe"]},{"damage_healed":0,"gold_gain":0,"player_choice":"Ignored","damage_taken":0,"max_hp_gain":0,"max_hp_loss":0,"event_name":"Tomb of Lord Red Mask","floor":36,"gold_loss":0},{"damage_healed":0,"gold_gain":0,"player_choice":"Fight","damage_taken":0,"max_hp_gain":0,"max_hp_loss":0,"event_name":"Mysterious Sphere","floor":37,"gold_loss":0}],"is_beta":false,"boss_relics":[{"not_picked":["White Beast Statue","Tiny House"],"picked":"Nuclear Battery"},{"not_picked":["Snecko Eye","Eternal Feather"],"picked":"Inserter"}],"items_purged_floors":[],"is_endless":false,"potions_floor_spawned":[6,8,10,18,25,33],"killed_by":"2 Orb Walkers","ascension_level":2}