{"gold_per_floor":[117,134,145,161,178,205,49,49,75,75,88,117,129,141,153,165],"floor_reached":16,"playtime":1199,"items_purged":[],"score":118,"play_id":"4b13352d-7c3b-487b-a48e-573142397b99","local_time":"20190203191549","is_ascension_mode":true,"campfire_choices":[{"floor":10,"key":"RECALL"},{"floor":15,"key":"REST"}],"neow_cost":"NONE","seed_source_timestamp":1324644544154719,"circlet_count":0,"master_deck":["Strike_B","Strike_B","Strike_B","Defend_B","Defend_B+1","Defend_B","Defend_B","Zap","Dualcast","Panacea","Cold Snap","Consume","Leap+1","Electrodynamics","Cold Snap"],"relics":["Cracked Core","Art of War","MawBank"],"potions_floor_usage":[6,12,12],"damage_taken":[{"damage":1,"enemies":"Cultist","floor":1,"turns":3},{"damage":3,"enemies":"2 Louse","floor":2,"turns":2},{"damage":0,"enemies":"Small Slimes","floor":3,"turns":3},{"damage":2,"enemies":"Blue Slaver","floor":4,"turns":5},{"damage":0,"enemies":"Exordium Thugs","floor":5,"turns":5},{"damage":14,"enemies":"Gremlin Nob","floor":6,"turns":4},{"damage":3,"enemies":"Large Slime","floor":11,"turns":4},{"damage":1,"enemies":"3 Sentries","floor":12,"turns":4},{"damage":52,"enemies":"Hexaghost","floor":16,"turns":16}],"seed_played":"4180533220534922589","potions_obtained":[{"floor":1,"key":"AttackPotion"},{"floor":4,"key":"Explosive Potion"},{"floor":11,"key":"Block Potion"}],"is_trial":false,"path_per_floor":["M","M","M","M","M","E","$","?","T","R","M","E","?","?","R","B"],"character_chosen":"DEFECT","items_purchased":["Electrodynamics"],"campfire_rested":1,"item_purchase_floors":[7],"current_hp_per_floor":[74,71,71,69,69,55,55,55,55,55,52,51,44,29,51,0],"gold":165,"neow_bonus":"RANDOM_COLORLESS","is_prod":false,"is_daily":false,"chose_seed":false,"campfire_upgraded":0,"win_rate":0,"timestamp":1549217749,"path_taken":["M","M","M","M","?","E","$","?","T","R","M","E","?","?","R","BOSS"],"build_version":"2019-01-23","purchased_purges":0,"victory":false,"max_hp_per_floor":[75,75,75,75,75,75,75,75,75,75,75,75,75,75,75,75],"card_choices":[{"not_picked":["Gash","Lockon"],"picked":"Cold Snap","floor":1},{"not_picked":["Redo","Sweeping Beam","Hello World"],"picked":"SKIP","floor":2},{"not_picked":["Rebound","Heatsinks","Undo"],"picked":"SKIP","floor":3},{"not_picked":["Rip and Tear","Turbo","Compile Driver"],"picked":"SKIP","floor":4},{"not_picked":["Tempest","Hologram"],"picked":"Consume","floor":5},{"not_picked":["Barrage","Gash"],"picked":"Leap","floor":6},{"not_picked":["Rebound","Streamline","Hyperbeam"],"picked":"SKIP","floor":11},{"not_picked":["Steam Power","Heatsinks"],"picked":"Cold Snap","floor":12}],"player_experience":158051,"relics_obtained":[{"floor":6,"key":"Art of War"},{"floor":12,"key":"MawBank"}],"event_choices":[{"damage_healed":0,"gold_gain":0,"player_choice":"Ignored","damage_taken":0,"max_hp_gain":0,"max_hp_loss":0,"event_name":"Liars Game","floor":8,"gold_loss":0},{"cards_removed":["Strike_B"],"damage_healed":0,"gold_gain":0,"player_choice":"Card Removal","damage_taken":7,"max_hp_gain":0,"max_hp_loss":0,"event_name":"Golden Wing","floor":13,"gold_loss":0},{"damage_healed":0,"gold_gain":0,"player_choice":"Entered Light","damage_taken":15,"max_hp_gain":0,"max_hp_loss":0,"event_name":"Shining Light","floor":14,"gold_loss":0,"cards_upgraded":["Defend_B","Leap"]}],"is_beta":false,"boss_relics":[],"items_purged_floors":[],"is_endless":false,"potions_floor_spawned":[1,4,11],"killed_by":"Hexaghost","ascension_level":1}