{"gold_per_floor":[115,20,20,31,45,80,106,106,106,106,132,148,73,103,103,204,204,224,258,276,288,307,337,337,260,260,270,270,289,108,143,143,239,239,251,26,26,81,81,81,413,427,478,508,39,74,87,87,87,87],"floor_reached":51,"playtime":4426,"items_purged":["Dualcast","Zap","Defend_B","Strike_B"],"score":1021,"play_id":"05281177-c798-4290-9902-1365982fd786","local_time":"20180717232056","is_ascension_mode":true,"campfire_choices":[{"data":"Hyperbeam","floor":8,"key":"SMITH"},{"data":"Leap","floor":10,"key":"SMITH"},{"data":"Gash","floor":15,"key":"SMITH"},{"floor":24,"key":"REST"},{"data":"Genetic Algorithm","floor":32,"key":"SMITH"},{"floor":40,"key":"REST"},{"floor":49,"key":"REST"}],"neow_cost":"NONE","seed_source_timestamp":1072165501795,"circlet_count":0,"master_deck":["Strike_B","Strike_B","Strike_B","Defend_B","Defend_B","Defend_B","Reboot","Leap+1","Gash+1","Beam Cell","Hyperbeam+1","Rebound","Hologram","Beam Cell","Steam","Reboot","Streamline","Beam Cell","Streamline","Hologram","Genetic Algorithm+1","Self Repair","Beam Cell","J.A.X.","Go for the Eyes+1","Go for the Eyes","FTL","Hologram","Core Surge","Steam+1","Flash of Steel","Beam Cell","Finesse","Sadistic Nature","Apotheosis","Skim+1","Streamline+1","Secret Technique","Hologram+1","Go for the Eyes+1"],"relics":["Cracked Core","Ornamental Fan","Odd Mushroom","Pear","Strawberry","Centennial Puzzle","Orrery","Red Mask","Bag of Preparation","Bottled Flame","Torii","Oddly Smooth Stone","Fusion Hammer","Mango","Old Coin","Blood Vial","Juzu Bracelet","Boot","Shuriken","Calipers"],"potions_floor_usage":[16,16,21,22,23,27,50,50,50],"damage_taken":[{"damage":6,"enemies":"Cultist","floor":1,"turns":3},{"damage":1,"enemies":"Jaw Worm","floor":4,"turns":3},{"damage":0,"enemies":"Small Slimes","floor":5,"turns":1},{"damage":6,"enemies":"Gremlin Nob","floor":6,"turns":3},{"damage":12,"floor":7,"turns":2},{"damage":0,"enemies":"Looter","floor":12,"turns":1},{"damage":13,"enemies":"Lagavulin","floor":14,"turns":7},{"damage":32,"enemies":"Hexaghost","floor":16,"turns":6},{"damage":4,"enemies":"Shell Parasite","floor":18,"turns":5},{"damage":0,"floor":19,"turns":2},{"damage":6,"enemies":"Spheric Guardian","floor":20,"turns":4},{"damage":1,"enemies":"3 Cultists","floor":21,"turns":4},{"damage":12,"enemies":"Cultist and Chosen","floor":22,"turns":6},{"damage":46,"enemies":"Gremlin Leader","floor":23,"turns":7},{"damage":22,"enemies":"Slaver and Parasite","floor":27,"turns":5},{"damage":0,"enemies":"Centurion and Healer","floor":29,"turns":3},{"damage":1,"enemies":"Slavers","floor":31,"turns":2},{"damage":38,"enemies":"Collector","floor":33,"turns":8},{"damage":0,"enemies":"3 Darklings","floor":35,"turns":2},{"damage":0,"floor":38,"turns":2},{"damage":20,"enemies":"Nemesis","floor":41,"turns":5},{"damage":1,"enemies":"Flame Bruiser 1 Orb","floor":42,"turns":5},{"damage":3,"enemies":"Giant Head","floor":44,"turns":5},{"damage":0,"enemies":"Nemesis","floor":46,"turns":5},{"damage":0,"enemies":"Transient","floor":47,"turns":5},{"damage":3,"floor":48,"turns":3},{"damage":48,"enemies":"Time Eater","floor":50,"turns":9}],"seed_played":"4960295789377555163","potions_obtained":[{"floor":4,"key":"Regen Potion"},{"floor":14,"key":"Poison Potion"},{"floor":16,"key":"Weak Potion"},{"floor":19,"key":"Poison Potion"},{"floor":20,"key":"Explosive Potion"},{"floor":22,"key":"GamblersBrew"},{"floor":42,"key":"GamblersBrew"},{"floor":44,"key":"AttackPotion"},{"floor":48,"key":"FearPotion"}],"is_trial":false,"path_per_floor":["M","$","?","M","M","E","?","R","T","R","T","M","$","E","R","B",null,"M","?","M","M","M","E","R","?","T","M","T","M","$","E","R","B",null,"M","$","?","?","?","R","E","M","T","E","$","E","M","?","R","B"],"character_chosen":"DEFECT","items_purchased":["Gash","Beam Cell","FTL","Hologram","Flash of Steel","Boot","Secret Technique"],"campfire_rested":3,"item_purchase_floors":[2,2,30,30,36,45,45],"current_hp_per_floor":[69,69,69,68,68,62,50,50,60,60,67,67,67,54,54,36,92,88,88,82,81,76,37,64,64,64,49,49,56,56,62,62,24,92,92,92,92,106,96,106,93,99,99,105,105,106,106,106,106,58],"gold":87,"neow_bonus":"ONE_RANDOM_RARE_CARD","is_prod":false,"is_daily":false,"chose_seed":false,"campfire_upgraded":4,"win_rate":0,"timestamp":1531862456,"path_taken":["M","?","?","?","?","E","?","R","T","R","?","M","$","E","R","BOSS","M","?","M","M","M","E","R","?","T","?","?","?","$","E","R","BOSS","M","$","?","?","?","R","E","?","T","E","?","E","M","?","R","BOSS"],"build_version":"2018-07-12","purchased_purges":4,"victory":true,"max_hp_per_floor":[75,75,75,75,75,75,75,75,85,85,92,92,92,92,92,92,92,92,92,92,92,92,92,92,92,92,92,92,92,92,92,92,92,92,92,92,92,106,106,106,106,106,106,106,106,106,106,106,106,106],"card_choices":[{"not_picked":["Ball Lightning","Reinforced Body"],"picked":"Leap","floor":1},{"not_picked":["Ball Lightning","Sweeping Beam"],"picked":"Hyperbeam","floor":4},{"not_picked":["Cold Snap","Doom and Gloom"],"picked":"Rebound","floor":5},{"not_picked":["Leap","Chill"],"picked":"Hologram","floor":6},{"not_picked":["Rebound","Recycle"],"picked":"Beam Cell","floor":7},{"not_picked":["Turbo","Blizzard"],"picked":"Steam","floor":12},{"not_picked":["Undo","Cold Snap","Amplify"],"picked":"SKIP","floor":14},{"not_picked":["Thunder Strike","Buffer"],"picked":"Reboot","floor":16},{"not_picked":["Coolheaded","Rebound"],"picked":"Streamline","floor":17},{"not_picked":["Conserve Battery","Rip and Tear"],"picked":"Beam Cell","floor":17},{"not_picked":["Stack","Sweeping Beam"],"picked":"Streamline","floor":17},{"not_picked":["Force Field","Amplify"],"picked":"Rebound","floor":17},{"not_picked":["Loop+1","Go for the Eyes"],"picked":"Hologram","floor":18},{"not_picked":["Force Field+1","Sweeping Beam"],"picked":"Genetic Algorithm","floor":20},{"not_picked":["Darkness+1","Loop"],"picked":"Self Repair","floor":21},{"not_picked":["Rebound","Darkness"],"picked":"Beam Cell","floor":22},{"not_picked":["Capacitor+1","Hello World+1","Cold Snap"],"picked":"SKIP","floor":23},{"not_picked":["Double Energy","Beam Cell"],"picked":"Go for the Eyes+1","floor":27},{"not_picked":["Turbo+1","Barrage"],"picked":"Go for the Eyes","floor":29},{"not_picked":["Fission","Rip and Tear","Barrage"],"picked":"SKIP","floor":31},{"not_picked":["Thunder Strike","Buffer"],"picked":"Core Surge","floor":33},{"not_picked":["Conserve Battery","Turbo+1"],"picked":"Steam+1","floor":35},{"not_picked":["Stack+1","Turbo"],"picked":"Beam Cell","floor":38},{"not_picked":["Secret Technique","Purity"],"picked":"Finesse","floor":39},{"not_picked":["Magnetism","Blind"],"picked":"Sadistic Nature","floor":39},{"not_picked":["Good Instincts","Sadistic Nature"],"picked":"Apotheosis","floor":39},{"not_picked":["Coolheaded","Glacier+1"],"picked":"Skim+1","floor":41},{"not_picked":["Sunder+1","Ball Lightning+1","Sweeping Beam"],"picked":"SKIP","floor":42},{"not_picked":["Sweeping Beam","Double Energy"],"picked":"Streamline+1","floor":44},{"not_picked":["Loop+1","Streamline","Self Repair+1"],"picked":"SKIP","floor":46},{"not_picked":["Cold Snap","Compile Driver"],"picked":"Hologram+1","floor":47},{"not_picked":["Lockon","Doom and Gloom+1"],"picked":"Go for the Eyes+1","floor":48}],"player_experience":114234,"relics_obtained":[{"floor":6,"key":"Ornamental Fan"},{"floor":7,"key":"Odd Mushroom"},{"floor":9,"key":"Pear"},{"floor":11,"key":"Strawberry"},{"floor":14,"key":"Centennial Puzzle"},{"floor":19,"key":"Red Mask"},{"floor":23,"key":"Bag of Preparation"},{"floor":26,"key":"Bottled Flame"},{"floor":28,"key":"Torii"},{"floor":31,"key":"Oddly Smooth Stone"},{"floor":38,"key":"Mango"},{"floor":41,"key":"Old Coin"},{"floor":43,"key":"Blood Vial"},{"floor":44,"key":"Juzu Bracelet"},{"floor":46,"key":"Shuriken"},{"floor":48,"key":"Calipers"}],"event_choices":[{"event_name":"The Cleric","player_choice":"Leave","floor":3,"damage_taken":0},{"event_name":"Mushrooms","player_choice":"Fought Mushrooms","floor":7,"damage_taken":0},{"event_name":"Masked Bandits","player_choice":"Fought over 224 gold","floor":19,"damage_taken":0},{"event_name":"Drug Dealer","player_choice":"Got JAXXED","floor":25,"damage_taken":0},{"event_name":"Falling","player_choice":"Removed Attack","floor":37,"damage_taken":0},{"event_name":"Mysterious Sphere","player_choice":"Fight","floor":38,"damage_taken":0},{"event_name":"SensoryStone","player_choice":"Memory 3","floor":39,"damage_taken":0},{"event_name":"MindBloom","player_choice":"Fight","floor":48,"damage_taken":0}],"boss_relics":[{"not_picked":["Astrolabe","Inserter"],"picked":"Orrery"},{"not_picked":["Velvet Choker","Snecko Eye"],"picked":"Fusion Hammer"}],"items_purged_floors":[13,30,36,45],"is_endless":false,"potions_floor_spawned":[4,14,16,19,20,22,42,44,48],"ascension_level":1}