{"gold_per_floor":[111,111,36,49,65,65,97,109,109,142,142,154,154,154,154,259,259,269,280,294,304,304,304,329,347,347,262,282,282,282,293,293,395,395,406,235,235,235,251,264,264,276,303,322,322,332,367,384,384,384,384,384,154,181,181],"floor_reached":55,"playtime":2709,"items_purged":["Strike_B","Strike_B","Strike_B"],"score":868,"play_id":"f82651f2-c4c9-4d86-97af-3a85ee228353","local_time":"20190117014418","is_ascension_mode":true,"campfire_choices":[{"data":"Hologram","floor":6.0,"key":"SMITH"},{"data":"Go for the Eyes","floor":13.0,"key":"SMITH"},{"data":"Zap","floor":15.0,"key":"SMITH"},{"data":"Dualcast","floor":23.0,"key":"SMITH"},{"data":"All For One","floor":29.0,"key":"SMITH"},{"floor":32.0,"key":"REST"},{"floor":41.0,"key":"RECALL"},{"data":"FTL","floor":45.0,"key":"SMITH"},{"floor":49.0,"key":"REST"},{"data":"All For One","floor":52.0,"key":"SMITH"}],"neow_cost":"NONE","seed_source_timestamp":439771986961991,"circlet_count":0,"master_deck":["Defend_B","Defend_B","Defend_B","Defend_B","Zap+1","Dualcast+1","Gash","Hologram+1","Gash","Go for the Eyes+1","Gash","Leap+1","All For One+1","Coolheaded+1","Redo+1","Sunder+1","All For One+1","Hologram+1","Steam+1","Buffer+1","Hologram+1","FTL+1","Thinking Ahead+1","Gash","Coolheaded+1","Coolheaded+1","Echo Form+1","Fusion+1","Gash","Rebound"],"special_seed":0,"relics":["Cracked Core","NeowsBlessing","Ornamental Fan","Toxic Egg 2","Darkstone Periapt","Matryoshka","Lizard Tail","Bag of Marbles","DataDisk","Frozen Egg 2","Anchor","Blood Vial","Nuclear Battery","Omamori","Lantern","Bronze Scales"],"potions_floor_usage":[55],"damage_taken":[{"damage":0.0,"enemies":"2 Louse","floor":1.0,"turns":1.0},{"damage":0.0,"enemies":"Cultist","floor":4.0,"turns":1.0},{"damage":0.0,"enemies":"Jaw Worm","floor":5.0,"turns":1.0},{"damage":20.0,"enemies":"Lagavulin","floor":7.0,"turns":6.0},{"damage":2.0,"enemies":"Red Slaver","floor":8.0,"turns":3.0},{"damage":23.0,"enemies":"Gremlin Nob","floor":10.0,"turns":4.0},{"damage":5.0,"enemies":"2 Fungi Beasts","floor":12.0,"turns":3.0},{"damage":25.0,"enemies":"Hexaghost","floor":16.0,"turns":8.0},{"damage":10.0,"enemies":"2 Thieves","floor":18.0,"turns":3.0},{"damage":1.0,"enemies":"Shell Parasite","floor":19.0,"turns":4.0},{"damage":1.0,"enemies":"Snecko","floor":20.0,"turns":4.0},{"damage":22.0,"enemies":"Cultist and Chosen","floor":21.0,"turns":7.0},{"damage":6.0,"enemies":"Slavers","floor":24.0,"turns":6.0},{"damage":4.0,"enemies":"Snake Plant","floor":25.0,"turns":3.0},{"damage":0.0,"enemies":"3 Cultists","floor":28.0,"turns":4.0},{"damage":0.0,"enemies":"Colosseum Slavers","floor":30.0,"turns":3.0},{"damage":0.0,"enemies":"Cultist and Chosen","floor":31.0,"turns":3.0},{"damage":25.0,"enemies":"Champ","floor":33.0,"turns":9.0},{"damage":0.0,"enemies":"Orb Walker","floor":35.0,"turns":1.0},{"damage":0.0,"enemies":"3 Shapes","floor":39.0,"turns":2.0},{"damage":17.0,"enemies":"Writhing Mass","floor":40.0,"turns":4.0},{"damage":0.0,"enemies":"Transient","floor":42.0,"turns":5.0},{"damage":0.0,"enemies":"Jaw Worm Horde","floor":44.0,"turns":3.0},{"damage":9.0,"enemies":"3 Darklings","floor":46.0,"turns":3.0},{"damage":0.0,"enemies":"Giant Head","floor":47.0,"turns":6.0},{"damage":0.0,"enemies":"Transient","floor":48.0,"turns":5.0},{"damage":5.0,"enemies":"Awakened One","floor":50.0,"turns":10.0},{"damage":47.0,"enemies":"Shield and Spear","floor":54.0,"turns":5.0},{"damage":76,"enemies":"The Heart","floor":55,"turns":5}],"seed_played":"219213247114400776","potions_obtained":[{"floor":1.0,"key":"Swift Potion"},{"floor":7.0,"key":"FearPotion"},{"floor":8.0,"key":"SkillPotion"},{"floor":24.0,"key":"SteroidPotion"},{"floor":31.0,"key":"GamblersBrew"},{"floor":35.0,"key":"Explosive Potion"}],"is_trial":false,"path_per_floor":["M","?","$","M","M","R","E","M","T","E","?","M","R","T","R","B",null,"M","M","M","M","T","R","E","M","T","?","M","R","?","M","R","B",null,"M","$","?","?","M","M","R","M","T","M","R","M","E","M","R","B",null,"R","$","E","B"],"character_chosen":"DEFECT","items_purchased":["FTL","Strength Potion","Rebound"],"campfire_rested":2,"item_purchase_floors":[36,53,53],"current_hp_per_floor":[75,75,75,75,75,75,55,53,53,30,55,50,50,50,50,25,75,65,64,63,41,41,41,35,31,31,31,33,33,35,37,59,36,75,75,75,75,75,75,58,58,60,60,62,62,55,57,59,75,70,75,75,75,28,0],"gold":181,"neow_bonus":"THREE_ENEMY_KILL","is_prod":false,"is_daily":false,"chose_seed":false,"campfire_upgraded":7,"win_rate":0,"timestamp":1547711058,"path_taken":["M","?","?","?","M","R","E","M","T","E","?","M","R","?","R","BOSS","M","M","M","M","?","R","E","M","T","?","M","R","?","M","R","BOSS","M","$","?","?","M","M","R","M","T","M","R","M","E","?","R","BOSS","R","$","E","BOSS"],"build_version":"2019-01-10","purchased_purges":3,"victory":false,"max_hp_per_floor":[75,75,75,75,75,75,75,75,75,75,75,75,75,75,75,75,75,75,75,75,75,75,75,75,75,75,75,75,75,75,75,75,75,75,75,75,75,75,75,75,75,75,75,75,75,75,75,75,75,75,75,75,75,75,75],"card_choices":[{"not_picked":["Double Energy","Static Discharge"],"picked":"Gash","floor":1.0},{"not_picked":["Rip and Tear","Recycle"],"picked":"Hologram","floor":4.0},{"not_picked":["Streamline","Turbo"],"picked":"Gash","floor":5.0},{"not_picked":["Doom and Gloom","Turbo"],"picked":"Go for the Eyes","floor":7.0},{"not_picked":["Reprogram","Compile Driver","Self Repair"],"picked":"SKIP","floor":8.0},{"not_picked":["Undo+1","Go for the Eyes"],"picked":"Gash","floor":10.0},{"not_picked":["Heatsinks","Thunder Strike"],"picked":"Leap+1","floor":12.0},{"not_picked":["Multi-Cast+1","Meteor Strike"],"picked":"All For One","floor":16.0},{"not_picked":["Go for the Eyes","Loop+1"],"picked":"Coolheaded+1","floor":18.0},{"not_picked":["Sunder+1","Fusion+1","Stack+1"],"picked":"SKIP","floor":19.0},{"not_picked":["Capacitor","Stack+1"],"picked":"Redo+1","floor":20.0},{"not_picked":["Stack+1","Chaos+1"],"picked":"Sunder+1","floor":21.0},{"not_picked":["Blizzard","Hologram+1"],"picked":"All For One","floor":24.0},{"not_picked":["Reinforced Body+1","Streamline","Reprogram+1"],"picked":"SKIP","floor":25.0},{"not_picked":["Melter","Heatsinks+1"],"picked":"Hologram+1","floor":28.0},{"not_picked":["Streamline","Cold Snap"],"picked":"Steam+1","floor":31.0},{"not_picked":["Hyperbeam","Reboot+1"],"picked":"Buffer+1","floor":33.0},{"not_picked":["Undo+1","Auto Shields+1"],"picked":"Hologram+1","floor":35.0},{"not_picked":["Forethought+1","PanicButton+1"],"picked":"Thinking Ahead+1","floor":37.0},{"not_picked":["Auto Shields+1","Go for the Eyes"],"picked":"Gash","floor":39.0},{"not_picked":["Sunder","BootSequence+1"],"picked":"Coolheaded+1","floor":40.0},{"not_picked":["Sweeping Beam","Genetic Algorithm+1"],"picked":"Coolheaded+1","floor":42.0},{"not_picked":["Chill+1","Self Repair+1"],"picked":"Echo Form+1","floor":44.0},{"not_picked":["Beam Cell","BootSequence+1"],"picked":"Fusion+1","floor":46.0},{"not_picked":["Streamline","Steam+1","Aggregate+1"],"picked":"SKIP","floor":47.0},{"not_picked":["Stack+1","Coolheaded+1"],"picked":"Gash","floor":48.0},{"not_picked":["Compile Driver","Blizzard","Sweeping Beam"],"picked":"SKIP","floor":54.0}],"player_experience":104415,"relics_obtained":[{"floor":7.0,"key":"Ornamental Fan"},{"floor":9.0,"key":"Toxic Egg 2"},{"floor":10.0,"key":"Darkstone Periapt"},{"floor":14.0,"key":"Matryoshka"},{"floor":22.0,"key":"Bag of Marbles"},{"floor":24.0,"key":"DataDisk"},{"floor":26.0,"key":"Frozen Egg 2"},{"floor":26.0,"key":"Anchor"},{"floor":43.0,"key":"Omamori"},{"floor":47.0,"key":"Lantern"},{"floor":54.0,"key":"Bronze Scales"}],"event_choices":[{"cards_removed":["Strike_B"],"damage_healed":0.0,"max_hp_gain":0.0,"max_hp_loss":0.0,"gold_gain":0.0,"event_name":"Purifier","player_choice":"Purged","floor":2.0,"gold_loss":0.0,"damage_taken":0.0},{"damage_healed":25.0,"max_hp_gain":0.0,"max_hp_loss":0.0,"gold_gain":0.0,"event_name":"Big Fish","player_choice":"Banana","floor":11.0,"gold_loss":0.0,"damage_taken":0.0},{"damage_healed":0.0,"max_hp_gain":0.0,"max_hp_loss":0.0,"gold_gain":0.0,"event_name":"Addict","player_choice":"Obtained Relic","floor":27.0,"gold_loss":85.0,"damage_taken":0.0,"relics_obtained":["Blood Vial"]},{"damage_healed":0.0,"max_hp_gain":0.0,"max_hp_loss":0.0,"gold_gain":0.0,"event_name":"Colosseum","player_choice":"Fight","floor":30.0,"gold_loss":0.0,"damage_taken":0.0},{"damage_healed":0.0,"max_hp_gain":0.0,"max_hp_loss":0.0,"gold_gain":0.0,"event_name":"Colosseum","player_choice":"Fled From Nobs","floor":30.0,"gold_loss":0.0,"damage_taken":0.0},{"damage_healed":0.0,"max_hp_gain":0.0,"max_hp_loss":0.0,"gold_gain":0.0,"event_name":"SensoryStone","player_choice":"Memory 1","floor":37.0,"gold_loss":0.0,"damage_taken":0.0},{"damage_healed":0.0,"max_hp_gain":0.0,"max_hp_loss":0.0,"gold_gain":0.0,"event_name":"Lab","player_choice":"Got Potions","floor":38.0,"gold_loss":0.0,"damage_taken":0.0}],"is_beta":false,"boss_relics":[{"not_picked":["White Beast Statue","Snecko Eye"],"picked":"Lizard Tail"},{"not_picked":["Cursed Key","Sozu"],"picked":"Nuclear Battery"}],"items_purged_floors":[3,36,53],"is_endless":false,"potions_floor_spawned":[1,7,8,24,30,31,35,40,44,48],"killed_by":"The Heart","ascension_level":3}