{"gold_per_floor":[116,116,116,126,51,51,65,65,137,117,17,31,58,72,72,173,173,191,191,40,140,157,157,157,207,207,223,73,73,73,91,91,189,189,201,201,201,301,301,331,331,156,238,255,255],"floor_reached":45,"playtime":3646,"items_purged":["Strike_G","Strike_G","Strike_G+1","Expertise+1","Strike_G+1"],"score":462,"play_id":"70167451-bd8b-4e5c-8d1d-f839abfed03f","local_time":"20190118230042","is_ascension_mode":false,"campfire_choices":[{"data":"Bane","floor":6,"key":"SMITH"},{"data":"Deadly Poison","floor":8,"key":"SMITH"},{"data":"Defend_G","floor":15,"key":"SMITH"},{"data":"Bullet Time","floor":23,"key":"SMITH"},{"data":"Adrenaline","floor":30,"key":"SMITH"},{"data":"Backflip","floor":32,"key":"SMITH"},{"floor":41,"key":"REST"}],"neow_cost":"NONE","seed_source_timestamp":552183049383270,"circlet_count":0,"master_deck":["Defend_G+1","Defend_G+1","Defend_G+1","Defend_G+1","Defend_G+1","Strike_G+1","Neutralize","Bane+1","Deadly Poison+1","PiercingWail","Adrenaline+1","Bullet Time+1","Backflip+1","Distraction+1","Venomology","Venomology","Blur+1"],"relics":["Ring of the Snake","NeowsBlessing","Mercury Hourglass","WingedGreaves","Eternal Feather","Pantograph","Black Star","Molten Egg 2","Bird Faced Urn","Lantern","Darkstone Periapt","Paper Crane"],"potions_floor_usage":[13,22,33,33,35,38,40,40,44,45],"damage_taken":[{"damage":0,"enemies":"Small Slimes","floor":1,"turns":1},{"damage":0,"enemies":"2 Louse","floor":4,"turns":1},{"damage":0,"enemies":"Cultist","floor":7,"turns":1},{"damage":0,"enemies":"Looter","floor":12,"turns":3},{"damage":6,"enemies":"Lagavulin","floor":13,"turns":5},{"damage":0,"enemies":"Exordium Wildlife","floor":14,"turns":4},{"damage":5,"enemies":"The Guardian","floor":16,"turns":10},{"damage":1,"enemies":"3 Byrds","floor":18,"turns":6},{"damage":7,"enemies":"Spheric Guardian","floor":22,"turns":6},{"damage":23,"enemies":"Snecko","floor":27,"turns":5},{"damage":0,"enemies":"Centurion and Healer","floor":31,"turns":5},{"damage":70,"enemies":"Automaton","floor":33,"turns":9},{"damage":0,"enemies":"3 Shapes","floor":35,"turns":6},{"damage":10,"enemies":"Mind Bloom Boss Battle","floor":38,"turns":10},{"damage":76,"enemies":"Nemesis","floor":40,"turns":11},{"damage":1,"enemies":"Orb Walker","floor":44,"turns":4},{"damage":42,"enemies":"Reptomancer","floor":45,"turns":4}],"seed_played":"8734173942289610018","potions_obtained":[{"floor":1,"key":"Regen Potion"},{"floor":10,"key":"FairyPotion"},{"floor":12,"key":"SteroidPotion"},{"floor":13,"key":"SkillPotion"},{"floor":27,"key":"Strength Potion"},{"floor":31,"key":"Fire Potion"},{"floor":35,"key":"SpeedPotion"}],"is_trial":false,"path_per_floor":["M","?","?","M","$","R","M","R","T","?","$","M","E","M","R","B",null,"M","?","$","?","M","R","?","?","T","M","$","?","R","M","R","B",null,"M","?","T","?","?","E","R","$","T","M","E"],"character_chosen":"THE_SILENT","items_purchased":["Backflip"],"campfire_rested":1,"item_purchase_floors":[20],"current_hp_per_floor":[70,63,68,68,68,68,68,68,68,68,68,68,62,62,62,57,75,74,74,74,74,75,75,75,75,75,52,52,52,61,61,70,5,75,75,75,75,75,75,7,38,38,38,37,0],"gold":255,"neow_bonus":"THREE_ENEMY_KILL","is_prod":false,"is_daily":false,"chose_seed":false,"campfire_upgraded":6,"win_rate":0.0,"timestamp":1547848842,"path_taken":["M","?","?","M","$","R","M","R","T","?","$","M","E","?","R","BOSS","M","?","$","?","?","R","?","?","T","?","$","?","R","M","R","BOSS","M","?","?","?","?","E","R","?","T","M","E"],"build_version":"2019-01-17v2","purchased_purges":5,"victory":false,"max_hp_per_floor":[70,70,75,75,75,75,75,75,75,75,75,75,75,75,75,75,75,75,75,75,75,75,75,75,75,75,75,75,75,75,75,75,75,75,75,75,75,75,75,75,75,75,75,75,75],"card_choices":[{"not_picked":["All Out Attack","Flechettes","Backstab"],"picked":"SKIP","floor":1},{"not_picked":["Slice","Underhanded Strike"],"picked":"Bane","floor":4},{"not_picked":["Slice","Poisoned Stab"],"picked":"Deadly Poison","floor":7},{"not_picked":["Dagger Spray","Blade Dance"],"picked":"PiercingWail","floor":12},{"not_picked":["Prepared","Terror","Acrobatics"],"picked":"SKIP","floor":13},{"not_picked":["Backstab","Backflip"],"picked":"Adrenaline","floor":14},{"not_picked":["Tools of the Trade","Wraith Form v2"],"picked":"Bullet Time","floor":16},{"not_picked":["Dodge and Roll","Dagger Throw","Acrobatics"],"picked":"SKIP","floor":18},{"not_picked":["Underhanded Strike","Outmaneuver"],"picked":"Expertise+1","floor":22},{"not_picked":["All Out Attack","Slice"],"picked":"Bane+1","floor":27},{"not_picked":["Blade Dance+1","Tactician"],"picked":"Distraction+1","floor":31},{"not_picked":["Envenom","Wraith Form v2"],"picked":"Venomology","floor":33},{"not_picked":["Blade Dance+1","Prepared","Slice"],"picked":"SKIP","floor":35},{"not_picked":["Riddle With Holes+1","Outmaneuver+1"],"picked":"Venomology","floor":40},{"not_picked":["Poisoned Stab+1","Acrobatics+1"],"picked":"Blur+1","floor":44}],"player_experience":7224,"relics_obtained":[{"floor":9,"key":"Mercury Hourglass"},{"floor":13,"key":"WingedGreaves"},{"floor":26,"key":"Pantograph"},{"floor":37,"key":"Molten Egg 2"},{"floor":38,"key":"Bird Faced Urn"},{"floor":40,"key":"Lantern"},{"floor":40,"key":"Darkstone Periapt"},{"floor":43,"key":"Paper Crane"}],"event_choices":[{"cards_removed":["Survivor"],"damage_healed":0,"gold_gain":0,"player_choice":"Card Removal","damage_taken":7,"max_hp_gain":0,"max_hp_loss":0,"event_name":"Golden Wing","floor":2,"gold_loss":0},{"damage_healed":0,"gold_gain":0,"player_choice":"Donut","damage_taken":0,"max_hp_gain":5,"max_hp_loss":0,"event_name":"Big Fish","floor":3,"gold_loss":0},{"damage_healed":0,"gold_gain":0,"player_choice":"Bought 1 Potion","damage_taken":0,"max_hp_gain":0,"max_hp_loss":0,"event_name":"The Woman in Blue","floor":10,"gold_loss":0},{"damage_healed":0,"gold_gain":0,"player_choice":"Simplicity","damage_taken":0,"max_hp_gain":0,"max_hp_loss":0,"event_name":"Back to Basics","floor":19,"gold_loss":0,"cards_upgraded":["Defend_G","Defend_G","Defend_G","Defend_G","Strike_G","Strike_G","Strike_G"]},{"damage_healed":0,"gold_gain":100,"player_choice":"Pray","damage_taken":0,"max_hp_gain":0,"max_hp_loss":0,"event_name":"Golden Shrine","floor":21,"gold_loss":0},{"damage_healed":0,"gold_gain":0,"player_choice":"Ignored","damage_taken":0,"max_hp_gain":0,"max_hp_loss":0,"event_name":"Vampires","floor":24,"gold_loss":0},{"damage_healed":0,"gold_gain":100,"player_choice":"Bet on Murderer","damage_taken":0,"max_hp_gain":0,"max_hp_loss":0,"event_name":"The Joust","floor":25,"gold_loss":50},{"damage_healed":0,"gold_gain":0,"player_choice":"Ignored","damage_taken":0,"max_hp_gain":0,"max_hp_loss":0,"event_name":"Ghosts","floor":29,"gold_loss":0},{"damage_healed":0,"gold_gain":0,"player_choice":"Memory 1","damage_taken":0,"max_hp_gain":0,"max_hp_loss":0,"event_name":"SensoryStone","floor":36,"gold_loss":0},{"damage_healed":0,"gold_gain":0,"player_choice":"Fight","damage_taken":0,"max_hp_gain":0,"max_hp_loss":0,"event_name":"MindBloom","floor":38,"gold_loss":0},{"cards_removed":["Bane"],"damage_healed":0,"gold_gain":0,"player_choice":"Removed Attack","damage_taken":0,"max_hp_gain":0,"max_hp_loss":0,"event_name":"Falling","floor":39,"gold_loss":0}],"is_beta":false,"boss_relics":[{"not_picked":["Ectoplasm","Lizard Tail"],"picked":"Eternal Feather"},{"not_picked":["Cursed Key","Orrery"],"picked":"Black Star"}],"items_purged_floors":[5,11,20,28,42],"is_endless":false,"potions_floor_spawned":[1,12,13,14,27,31,35],"killed_by":"Reptomancer","ascension_level":0}