{"gold_per_floor":[111,61,236,247,267,267,285,285,285,130,145,145,164,178,178,283,283,300,300,42,42,42],"floor_reached":22,"playtime":859,"items_purged":["Doubt"],"score":220,"play_id":"a764670b-db0d-40fc-a607-3faab19c19ef","local_time":"20190201024910","is_ascension_mode":true,"campfire_choices":[{"data":"White Noise","floor":6,"key":"SMITH"},{"data":"Zap","floor":8,"key":"SMITH"},{"floor":12,"key":"DIG"},{"floor":15,"key":"DIG"}],"neow_cost":"CURSE","seed_source_timestamp":1318685593707424,"circlet_count":0,"master_deck":["Strike_B","Strike_B","Strike_B","Defend_B","Defend_B","Defend_B","Zap+1","Dualcast","Hello World","White Noise+1","Leap","BootSequence","Self Repair","Conserve Battery","Buffer","Gash","Barrage","Leap"],"relics":["Cracked Core","Torii","Shovel","Calipers","Potion Belt","Black Star","Pantograph"],"potions_floor_usage":[16,16,16,21],"damage_taken":[{"damage":7,"enemies":"Jaw Worm","floor":1,"turns":4},{"damage":0,"enemies":"2 Louse","floor":4,"turns":1},{"damage":1,"enemies":"Cultist","floor":5,"turns":4},{"damage":8,"enemies":"3 Louse","floor":7,"turns":5},{"damage":1,"enemies":"Looter","floor":11,"turns":3},{"damage":3,"enemies":"Lots of Slimes","floor":13,"turns":4},{"damage":0,"enemies":"Blue Slaver","floor":14,"turns":3},{"damage":1,"enemies":"Slime Boss","floor":16,"turns":13},{"damage":42,"enemies":"2 Thieves","floor":18,"turns":4},{"damage":4,"enemies":"Colosseum Slavers","floor":21,"turns":7},{"damage":43,"enemies":"3 Byrds","floor":22,"turns":5}],"seed_played":"6755531190110367142","potions_obtained":[{"floor":4,"key":"GamblersBrew"},{"floor":7,"key":"Energy Potion"},{"floor":14,"key":"SpeedPotion"},{"floor":18,"key":"Explosive Potion"}],"is_trial":false,"path_per_floor":["M","?","?","M","M","R","M","R","T","$","M","R","M","M","R","B",null,"M","?","$","?","M"],"character_chosen":"DEFECT","items_purchased":["Self Repair","Pantograph"],"campfire_rested":0,"item_purchase_floors":[10,20],"current_hp_per_floor":[68,68,68,68,67,67,59,59,59,59,65,65,69,75,75,75,75,40,40,40,43,0],"gold":42,"neow_bonus":"ONE_RARE_RELIC","is_prod":false,"is_daily":false,"chose_seed":false,"campfire_upgraded":2,"win_rate":0,"timestamp":1549007350,"path_taken":["M","?","?","M","M","R","M","R","T","?","M","R","M","M","R","BOSS","M","?","$","?","M"],"build_version":"2019-01-23","purchased_purges":1,"victory":false,"max_hp_per_floor":[75,75,75,75,75,75,75,75,75,75,75,75,75,75,75,75,75,75,75,75,75,75],"card_choices":[{"not_picked":["Turbo","Redo"],"picked":"Hello World","floor":1},{"not_picked":["Genetic Algorithm","Undo"],"picked":"White Noise","floor":4},{"not_picked":["Streamline","Scrape"],"picked":"Leap","floor":5},{"not_picked":["Rebound","Gash"],"picked":"BootSequence","floor":7},{"not_picked":["Leap","Ball Lightning"],"picked":"Conserve Battery","floor":11},{"not_picked":["Recycle","Steam Power"],"picked":"Buffer","floor":13},{"not_picked":["Compile Driver","Turbo","Consume"],"picked":"SKIP","floor":14},{"not_picked":["Sweeping Beam","Leap"],"picked":"Gash","floor":18}],"player_experience":304339,"relics_obtained":[{"floor":9,"key":"Shovel"},{"floor":12,"key":"Calipers"},{"floor":15,"key":"Potion Belt"}],"event_choices":[{"cards_removed":["Writhe"],"damage_healed":0,"gold_gain":0,"player_choice":"Card Removal","damage_taken":0,"max_hp_gain":0,"max_hp_loss":0,"event_name":"The Cleric","floor":2,"gold_loss":50},{"damage_healed":0,"gold_gain":175,"player_choice":"AGREE","damage_taken":0,"max_hp_gain":0,"max_hp_loss":0,"event_name":"Liars Game","floor":3,"gold_loss":0,"cards_obtained":["Doubt"]},{"damage_healed":0,"gold_gain":0,"cards_transformed":["Strike_B","Defend_B"],"player_choice":"Became Test Subject","damage_taken":0,"max_hp_gain":0,"max_hp_loss":0,"event_name":"Drug Dealer","floor":19,"gold_loss":0,"cards_obtained":["Barrage","Leap"]},{"damage_healed":0,"gold_gain":0,"player_choice":"Fight","damage_taken":0,"max_hp_gain":0,"max_hp_loss":0,"event_name":"Colosseum","floor":21,"gold_loss":0},{"damage_healed":0,"gold_gain":0,"player_choice":"Fled From Nobs","damage_taken":0,"max_hp_gain":0,"max_hp_loss":0,"event_name":"Colosseum","floor":21,"gold_loss":0}],"is_beta":false,"boss_relics":[{"not_picked":["Coffee Dripper","Pandora\u0027s Box"],"picked":"Black Star"}],"items_purged_floors":[10],"is_endless":false,"potions_floor_spawned":[4,7,14,18],"killed_by":"3 Byrds","ascension_level":5}