{"gold_per_floor":[117,117,137,154,168,168,178,178,232,267,267,283,283,298,298,419,419,444,460,19,19,19,19,31,47,47,61,61,61,61,79,79,176,176,194,211,211,61,111],"floor_reached":39,"playtime":1651,"items_purged":["Injury"],"score":410,"play_id":"70a5ae79-623a-47ac-882b-0f6f02be5ed1","local_time":"20190119040142","is_ascension_mode":false,"campfire_choices":[{"data":"Go for the Eyes","floor":6,"key":"SMITH"},{"data":"Tempest","floor":8,"key":"SMITH"},{"floor":15,"key":"REST"},{"data":"Double Energy","floor":23,"key":"SMITH"},{"data":"White Noise","floor":30,"key":"SMITH"},{"floor":32,"key":"REST"}],"neow_cost":"NONE","seed_source_timestamp":199003277676814,"circlet_count":0,"master_deck":["Strike_B+1","Strike_B","Defend_B","Defend_B","Defend_B","Defend_B","Zap","Dualcast","Echo Form","Tempest+1","Hello World","Loop","Go for the Eyes+1","Scrape","Turbo","Reinforced Body","Force Field","Electrodynamics","Go for the Eyes+1","Loop+1","White Noise+1","Trip","Double Energy+1","Consume","Melter","Hologram+1","Gash","Amplify","Go for the Eyes","Stack","Sunder","Beam Cell","Thunder Strike","Steam+1","Capacitor+1"],"relics":["Cracked Core","Orichalcum","Meat on the Bone","Bloody Idol","Inserter","Pen Nib","MutagenicStrength","Unceasing Top","Orrery","SsserpentHead","Whetstone"],"potions_floor_usage":[10,16,16,19,25,33],"damage_taken":[{"damage":1,"enemies":"Cultist","floor":1,"turns":4},{"damage":12,"enemies":"Small Slimes","floor":3,"turns":5},{"damage":1,"enemies":"Jaw Worm","floor":4,"turns":4},{"damage":10,"enemies":"3 Louse","floor":5,"turns":3},{"damage":7,"enemies":"2 Fungi Beasts","floor":7,"turns":3},{"damage":14,"enemies":"3 Sentries","floor":10,"turns":5},{"damage":0,"enemies":"Blue Slaver","floor":12,"turns":3},{"damage":3,"enemies":"Gremlin Gang","floor":14,"turns":3},{"damage":15,"enemies":"The Guardian","floor":16,"turns":10},{"damage":19,"enemies":"Spheric Guardian","floor":18,"turns":6},{"damage":5,"enemies":"Chosen","floor":19,"turns":6},{"damage":34,"enemies":"3 Cultists","floor":24,"turns":5},{"damage":11,"enemies":"Cultist and Chosen","floor":25,"turns":4},{"damage":4,"enemies":"Chosen and Byrds","floor":27,"turns":3},{"damage":11,"enemies":"Centurion and Healer","floor":31,"turns":5},{"damage":23,"enemies":"Collector","floor":33,"turns":9},{"damage":35,"enemies":"Orb Walker","floor":35,"turns":6},{"damage":10,"enemies":"3 Shapes","floor":36,"turns":5},{"damage":78,"enemies":"Transient","floor":39,"turns":5}],"seed_played":"1258617114167738719","potions_obtained":[{"floor":1,"key":"Swift Potion"},{"floor":7,"key":"SpeedPotion"},{"floor":10,"key":"Fire Potion"},{"floor":14,"key":"Regen Potion"},{"floor":16,"key":"SteroidPotion"},{"floor":18,"key":"Regen Potion"},{"floor":27,"key":"FearPotion"},{"floor":31,"key":"EssenceOfSteel"},{"floor":35,"key":"Dexterity Potion"}],"is_trial":false,"path_per_floor":["M","?","M","M","M","R","M","R","T","E","?","M","?","M","R","B",null,"M","M","$","?","?","R","M","M","T","M","?","?","R","M","R","B",null,"M","M","?","$","M"],"character_chosen":"DEFECT","items_purchased":["Pen Nib","White Noise","Trip","Double Energy","Whetstone"],"campfire_rested":2,"item_purchase_floors":[20,20,20,20,38],"current_hp_per_floor":[74,74,62,61,51,51,44,44,44,30,55,55,55,52,74,59,75,56,65,65,65,65,65,48,54,54,55,55,55,55,49,71,53,75,45,52,52,52,0],"gold":111,"neow_bonus":"TRANSFORM_CARD","is_prod":false,"is_daily":false,"chose_seed":false,"campfire_upgraded":4,"win_rate":0.0,"timestamp":1547888502,"path_taken":["M","?","M","?","M","R","M","R","T","E","?","M","?","M","R","BOSS","M","M","$","?","?","R","M","M","T","M","?","?","R","?","R","BOSS","M","M","?","$","?"],"build_version":"2019-01-17v2","purchased_purges":1,"victory":false,"max_hp_per_floor":[75,75,75,75,75,75,75,75,75,75,75,75,75,75,75,75,75,75,75,75,75,75,75,75,75,75,75,75,75,75,75,75,75,75,75,75,75,75,75],"card_choices":[{"not_picked":["Loop","Beam Cell"],"picked":"Tempest","floor":1},{"not_picked":["Barrage","Coolheaded"],"picked":"Hello World","floor":3},{"not_picked":["Scrape","Rebound"],"picked":"Loop","floor":4},{"not_picked":["Beam Cell","Capacitor"],"picked":"Go for the Eyes","floor":5},{"not_picked":["Rebound","Consume"],"picked":"Scrape","floor":7},{"not_picked":["Chaos","Streamline"],"picked":"Turbo","floor":10},{"not_picked":["Aggregate","Sweeping Beam"],"picked":"Reinforced Body","floor":12},{"not_picked":["Stack","Beam Cell"],"picked":"Force Field","floor":14},{"not_picked":["Creative AI","Amplify"],"picked":"Electrodynamics","floor":16},{"not_picked":["Sweeping Beam","Darkness"],"picked":"Go for the Eyes","floor":18},{"not_picked":["Cold Snap","Rebound"],"picked":"Loop+1","floor":19},{"not_picked":["Barrage","Reinforced Body+1"],"picked":"Consume","floor":24},{"not_picked":["Steam Power","Steam"],"picked":"Melter","floor":25},{"not_picked":["Ball Lightning","Sweeping Beam"],"picked":"Hologram+1","floor":27},{"not_picked":["Multi-Cast","Melter"],"picked":"Gash","floor":31},{"not_picked":["Reboot","Meteor Strike"],"picked":"Amplify","floor":33},{"not_picked":["Doom and Gloom","Stack"],"picked":"Go for the Eyes","floor":34},{"not_picked":["Barrage","Ball Lightning"],"picked":"Stack","floor":34},{"not_picked":["Steam","Loop"],"picked":"Sunder","floor":34},{"not_picked":["Streamline","Leap"],"picked":"Beam Cell","floor":34},{"not_picked":["Gash+1","Ball Lightning+1"],"picked":"Thunder Strike","floor":34},{"not_picked":["Ball Lightning+1","Turbo"],"picked":"Steam+1","floor":35},{"not_picked":["Redo","Coolheaded"],"picked":"Capacitor+1","floor":36}],"player_experience":118330,"relics_obtained":[{"floor":9,"key":"Orichalcum"},{"floor":10,"key":"Meat on the Bone"},{"floor":26,"key":"Unceasing Top"}],"event_choices":[{"cards_removed":["Strike_B"],"damage_healed":0,"gold_gain":0,"player_choice":"Offered Basic","damage_taken":0,"max_hp_gain":0,"max_hp_loss":0,"event_name":"Bonfire Elementals","floor":2,"gold_loss":0},{"damage_healed":25,"gold_gain":0,"player_choice":"Banana","damage_taken":0,"max_hp_gain":0,"max_hp_loss":0,"event_name":"Big Fish","floor":11,"gold_loss":0},{"damage_healed":0,"gold_gain":0,"player_choice":"Take Wound","damage_taken":0,"relics_obtained":["Golden Idol"],"max_hp_gain":0,"max_hp_loss":0,"event_name":"Golden Idol","floor":13,"gold_loss":0,"cards_obtained":["Injury"]},{"damage_healed":0,"gold_gain":0,"player_choice":"Inject Mutagens","damage_taken":0,"relics_obtained":["MutagenicStrength"],"max_hp_gain":0,"max_hp_loss":0,"event_name":"Drug Dealer","floor":21,"gold_loss":0},{"damage_healed":0,"gold_gain":0,"player_choice":"Gave Idol","damage_taken":0,"relics_obtained":["Bloody Idol"],"max_hp_gain":0,"max_hp_loss":0,"event_name":"Forgotten Altar","floor":22,"relics_lost":["Golden Idol"],"gold_loss":0},{"damage_healed":0,"gold_gain":0,"player_choice":"Ignored","damage_taken":0,"max_hp_gain":0,"max_hp_loss":0,"event_name":"Vampires","floor":28,"gold_loss":0},{"damage_healed":0,"gold_gain":0,"player_choice":"Ignored","damage_taken":0,"max_hp_gain":0,"max_hp_loss":0,"event_name":"Ghosts","floor":29,"gold_loss":0},{"damage_healed":0,"gold_gain":0,"player_choice":"Trade","damage_taken":0,"relics_obtained":["SsserpentHead"],"max_hp_gain":0,"max_hp_loss":0,"event_name":"FaceTrader","floor":37,"gold_loss":0}],"is_beta":false,"boss_relics":[{"not_picked":["FrozenCore","Ectoplasm"],"picked":"Inserter"},{"not_picked":["Velvet Choker","Fusion Hammer"],"picked":"Orrery"}],"items_purged_floors":[20],"is_endless":false,"potions_floor_spawned":[1,7,10,14,16,18,27,31,35],"killed_by":"Transient","ascension_level":0}