{"gold_per_floor":[117,134,134,152,165,198,198,198,198,227,237,270,39,50,50,149,149,163,163,29,43,58,58],"floor_reached":23,"playtime":860,"items_purged":["Strike_B","Strike_B"],"score":354,"play_id":"797ce358-9f06-4266-a7aa-244edd136e56","local_time":"20190127192934","is_ascension_mode":true,"campfire_choices":[{"data":"Genetic Algorithm","floor":7,"key":"SMITH"},{"data":"Zap","floor":15,"key":"SMITH"}],"neow_cost":"NONE","seed_source_timestamp":0,"circlet_count":0,"master_deck":["Strike_B","Defend_B+1","Defend_B+1","Defend_B","Defend_B","Zap+1","Dualcast","Cold Snap","Cold Snap","Streamline","Sweeping Beam","Genetic Algorithm+1","Ball Lightning","Loop","Hologram","Compile Driver","Electrodynamics","Loop","Go for the Eyes+1","Conserve Battery"],"special_seed":0,"relics":["Coffee Dripper","Juzu Bracelet","Vajra","Odd Mushroom","Sundial","War Paint","Black Star"],"potions_floor_usage":[12,12,23,23,23],"damage_taken":[{"damage":4,"enemies":"Jaw Worm","floor":1,"turns":3},{"damage":0,"enemies":"Cultist","floor":2,"turns":3},{"damage":3,"enemies":"2 Louse","floor":4,"turns":3},{"damage":19,"enemies":"Exordium Thugs","floor":5,"turns":5},{"damage":17,"enemies":"Lagavulin","floor":6,"turns":7},{"damage":21,"enemies":"The Mushroom Lair","floor":10,"turns":4},{"damage":0,"enemies":"2 Fungi Beasts","floor":11,"turns":3},{"damage":4,"enemies":"Gremlin Nob","floor":12,"turns":3},{"damage":5,"enemies":"Red Slaver","floor":14,"turns":2},{"damage":0,"enemies":"Hexaghost","floor":16,"turns":7},{"damage":1,"enemies":"Spheric Guardian","floor":18,"turns":4},{"damage":13,"enemies":"Shell Parasite","floor":21,"turns":4},{"damage":17,"enemies":"Snecko","floor":22,"turns":5},{"damage":30,"enemies":"Book of Stabbing","floor":23,"turns":5}],"seed_played":"916419201965598101","potions_obtained":[{"floor":2,"key":"AttackPotion"},{"floor":6,"key":"GamblersBrew"},{"floor":11,"key":"FearPotion"},{"floor":16,"key":"AttackPotion"},{"floor":18,"key":"PowerPotion"}],"is_trial":false,"path_per_floor":["M","M","?","M","M","E","R","?","T","?","M","E","$","M","R","B",null,"M","?","$","M","M","E"],"character_chosen":"DEFECT","items_purchased":["War Paint","Loop"],"campfire_rested":0,"item_purchase_floors":[13,20],"current_hp_per_floor":[64,64,75,72,53,36,36,36,36,15,15,11,11,6,6,6,58,57,57,57,44,27,0],"gold":58,"neow_bonus":"BOSS_RELIC","is_prod":false,"is_daily":false,"chose_seed":false,"campfire_upgraded":2,"win_rate":0,"timestamp":1548638974,"path_taken":["M","M","?","M","M","E","R","?","T","?","M","E","$","M","R","BOSS","M","?","$","M","M","E"],"build_version":"2019-01-23","purchased_purges":2,"victory":false,"max_hp_per_floor":[75,75,75,75,75,75,75,75,75,75,75,75,75,75,75,75,75,75,75,75,75,75,75],"card_choices":[{"not_picked":["Redo","Static Discharge"],"picked":"Cold Snap","floor":1},{"not_picked":["Fusion","Steam Power"],"picked":"Cold Snap","floor":2},{"not_picked":["Stack","Melter"],"picked":"Streamline","floor":4},{"not_picked":["Auto Shields","Hologram"],"picked":"Sweeping Beam","floor":5},{"not_picked":["Leap","Fission"],"picked":"Genetic Algorithm","floor":6},{"not_picked":["Sweeping Beam","Reinforced Body"],"picked":"Ball Lightning","floor":10},{"not_picked":["Self Repair","Gash"],"picked":"Loop","floor":11},{"not_picked":["Rip and Tear","Beam Cell"],"picked":"Hologram","floor":12},{"not_picked":["Stack","Storm"],"picked":"Compile Driver","floor":14},{"not_picked":["Biased Cognition","Creative AI"],"picked":"Electrodynamics","floor":16},{"not_picked":["Hologram","Scrape+1","Steam Power"],"picked":"SKIP","floor":18},{"not_picked":["Barrage+1","Streamline+1"],"picked":"Go for the Eyes+1","floor":21},{"not_picked":["Double Energy","Chill+1"],"picked":"Conserve Battery","floor":22}],"player_experience":139108,"relics_obtained":[{"floor":6,"key":"Juzu Bracelet"},{"floor":9,"key":"Vajra"},{"floor":10,"key":"Odd Mushroom"},{"floor":12,"key":"Sundial"}],"event_choices":[{"damage_healed":11,"gold_gain":0,"player_choice":"Full Heal","damage_taken":0,"max_hp_gain":0,"max_hp_loss":0,"event_name":"Wheel of Change","floor":3,"gold_loss":0},{"cards_removed":["Strike_B"],"damage_healed":0,"gold_gain":0,"player_choice":"Purged","damage_taken":0,"max_hp_gain":0,"max_hp_loss":0,"event_name":"Purifier","floor":8,"gold_loss":0},{"damage_healed":0,"gold_gain":0,"player_choice":"Fought Mushrooms","damage_taken":0,"max_hp_gain":0,"max_hp_loss":0,"event_name":"Mushrooms","floor":10,"gold_loss":0},{"damage_healed":0,"gold_gain":0,"player_choice":"Ignored","damage_taken":0,"max_hp_gain":0,"max_hp_loss":0,"event_name":"Ghosts","floor":19,"gold_loss":0}],"is_beta":false,"boss_relics":[{"not_picked":["Sozu","Runic Dome"],"picked":"Black Star"}],"items_purged_floors":[13,20],"is_endless":false,"potions_floor_spawned":[2,6,11,16,18],"killed_by":"Book of Stabbing","ascension_level":8}