{"gold_per_floor":[115,165,182,68,87,114,114,128,128,140,171,171,195,218,218,292,592,612,630,389,409,409,442,442],"floor_reached":24,"playtime":1529,"items_purged":["Defend_R"],"score":396,"play_id":"21737a75-578d-4bad-9516-e9d68a8ce0e7","local_time":"20181209102716","is_ascension_mode":true,"campfire_choices":[{"data":"Inflame","floor":7.0,"key":"SMITH"},{"data":"Heavy Blade","floor":15.0,"key":"SMITH"}],"neow_cost":"NONE","seed_source_timestamp":2796834385025,"circlet_count":0,"master_deck":["AscendersBane","Strike_R","Strike_R","Strike_R","Defend_R","Defend_R","Defend_R","Bash","Shrug It Off","Inflame+1","Heavy Blade+1","Reaper","Ghostly Armor","Feed","Brutality","Writhe","Regret","Doubt","Feed","Heavy Blade","Rupture"],"special_seed":0,"relics":["Burning Blood","NeowsBlessing","Tiny Chest","Blue Candle","Mummified Hand","Self Forming Clay","Pen Nib","Smiling Mask","Calling Bell","Matryoshka","Old Coin","Ancient Tea Set","Centennial Puzzle","Vajra"],"potions_floor_usage":[23],"damage_taken":[{"damage":0.0,"enemies":"Small Slimes","floor":1.0,"turns":1.0},{"damage":0.0,"enemies":"Cultist","floor":3.0,"turns":1.0},{"damage":0.0,"enemies":"2 Louse","floor":5.0,"turns":1.0},{"damage":30.0,"enemies":"Lagavulin","floor":6.0,"turns":7.0},{"damage":16.0,"enemies":"Blue Slaver","floor":8.0,"turns":4.0},{"damage":9.0,"enemies":"Looter","floor":10.0,"turns":3.0},{"damage":25.0,"enemies":"3 Sentries","floor":11.0,"turns":8.0},{"damage":30.0,"enemies":"The Guardian","floor":16.0,"turns":12.0},{"damage":19.0,"enemies":"Chosen","floor":18.0,"turns":6.0},{"damage":31.0,"enemies":"Spheric Guardian","floor":19.0,"turns":6.0},{"damage":12.0,"enemies":"Cultist and Chosen","floor":21.0,"turns":4.0},{"damage":58,"enemies":"Book of Stabbing","floor":23,"turns":6},{"damage":24,"enemies":"Centurion and Healer","floor":24,"turns":3}],"seed_played":"-1787007365809836628","potions_obtained":[{"floor":3.0,"key":"Ancient Potion"},{"floor":5.0,"key":"BloodPotion"},{"floor":6.0,"key":"Dexterity Potion"},{"floor":18.0,"key":"Fire Potion"},{"floor":19.0,"key":"FearPotion"},{"floor":21.0,"key":"Swift Potion"}],"is_trial":false,"path_per_floor":["M","?","M","$","M","E","R","M","T","M","E","?","T","T","R","B",null,"M","M","$","M","?","E","M"],"character_chosen":"IRONCLAD","items_purchased":["Tiny Chest","Rupture","Centennial Puzzle"],"campfire_rested":0,"item_purchase_floors":[4,20,20],"current_hp_per_floor":[74,67,73,73,75,51,51,48,48,52,47,40,40,40,40,26,65,59,34,34,59,59,23,0],"gold":442,"neow_bonus":"THREE_ENEMY_KILL","is_prod":false,"is_daily":false,"chose_seed":false,"campfire_upgraded":2,"win_rate":0,"timestamp":1544347636,"path_taken":["M","?","M","$","?","E","R","M","T","M","E","?","?","?","R","BOSS","M","M","$","M","?","E","M"],"build_version":"2018-12-06","purchased_purges":1,"victory":false,"max_hp_per_floor":[75,75,75,75,75,75,75,75,75,75,75,75,75,75,75,78,78,78,78,78,81,81,81,81],"card_choices":[{"not_picked":["Twin Strike","Hemokinesis"],"picked":"Shrug It Off","floor":1.0},{"not_picked":["Hemokinesis","Wild Strike"],"picked":"Inflame","floor":3.0},{"not_picked":["True Grit","Combust"],"picked":"Heavy Blade","floor":5.0},{"not_picked":["Perfected Strike","Havoc"],"picked":"Reaper","floor":6.0},{"not_picked":["Iron Wave","Blood for Blood","Power Through"],"picked":"SKIP","floor":8.0},{"not_picked":["Hemokinesis","Wild Strike"],"picked":"Ghostly Armor","floor":10.0},{"not_picked":["Cleave","Armaments"],"picked":"Feed","floor":11.0},{"not_picked":["Barricade","Fiend Fire"],"picked":"Brutality","floor":16.0},{"not_picked":["Wild Strike","Headbutt"],"picked":"Feed","floor":18.0},{"not_picked":["True Grit","Anger"],"picked":"Heavy Blade","floor":19.0},{"not_picked":["Twin Strike","Headbutt","Clash"],"picked":"SKIP","floor":21.0},{"not_picked":["Sword Boomerang","Thunderclap+1","Iron Wave"],"picked":"SKIP","floor":23}],"player_experience":600970,"relics_obtained":[{"floor":6.0,"key":"Blue Candle"},{"floor":9.0,"key":"Mummified Hand"},{"floor":11.0,"key":"Self Forming Clay"},{"floor":13.0,"key":"Pen Nib"},{"floor":14.0,"key":"Smiling Mask"},{"floor":17.0,"key":"Matryoshka"},{"floor":17.0,"key":"Old Coin"},{"floor":17.0,"key":"Ancient Tea Set"},{"floor":23,"key":"Vajra"}],"event_choices":[{"damage_healed":0.0,"max_hp_gain":0.0,"max_hp_loss":0.0,"gold_gain":50.0,"event_name":"FaceTrader","player_choice":"Touch","floor":2.0,"gold_loss":0.0,"damage_taken":7.0},{"cards_removed":["Strike_R"],"damage_healed":0.0,"max_hp_gain":0.0,"max_hp_loss":0.0,"gold_gain":0.0,"event_name":"Golden Wing","player_choice":"Card Removal","floor":12.0,"gold_loss":0.0,"damage_taken":7.0},{"cards_removed":["Strike_R"],"damage_healed":0.0,"max_hp_gain":0.0,"max_hp_loss":0.0,"gold_gain":0.0,"event_name":"Bonfire Elementals","player_choice":"Offered Basic","floor":22.0,"gold_loss":0.0,"damage_taken":0.0}],"is_beta":false,"boss_relics":[{"not_picked":["Eternal Feather","Runic Pyramid"],"picked":"Calling Bell"}],"items_purged_floors":[20],"is_endless":false,"potions_floor_spawned":[3,5,6,18,19,21],"killed_by":"Centurion and Healer","ascension_level":15}