{"gold_per_floor":[118,193,7,21,73,100,100,163,163,188,188,203,217,245,245,340,340,359,391,391],"floor_reached":20,"playtime":2999,"items_purged":[],"score":316,"play_id":"e4d90a1e-a8ff-4ddb-a6db-032ea262c716","local_time":"20190211225522","is_ascension_mode":true,"campfire_choices":[{"data":"Loop","floor":11,"key":"SMITH"},{"data":"Consume","floor":15,"key":"SMITH"}],"neow_cost":"TEN_PERCENT_HP_LOSS","seed_source_timestamp":340376895936662,"circlet_count":0,"master_deck":["Strike_B","Strike_B","Strike_B","Strike_B","Defend_B","Defend_B","Defend_B","Defend_B","Zap","Dualcast","Seek","Conserve Battery","Glacier","Loop+1","Consume+1","Self Repair","Capacitor","Double Energy","Coolheaded","Reinforced Body","Cold Snap","All For One","Echo Form","Compile Driver+1","Fusion+1"],"relics":["Cracked Core","Pocketwatch","Tiny Chest","Pantograph","Prayer Wheel","Bottled Lightning","Inserter","Red Mask"],"potions_floor_usage":[10,10,14,19,19,19],"damage_taken":[{"damage":0,"enemies":"Cultist","floor":1,"turns":2},{"damage":0,"enemies":"Jaw Worm","floor":4,"turns":5},{"damage":44,"enemies":"Gremlin Nob","floor":6,"turns":6},{"damage":0,"enemies":"Lagavulin","floor":8,"turns":9},{"damage":10,"enemies":"Gremlin Nob","floor":10,"turns":6},{"damage":0,"enemies":"2 Louse","floor":12,"turns":3},{"damage":0,"enemies":"Exordium Thugs","floor":13,"turns":9},{"damage":2,"enemies":"Lagavulin","floor":14,"turns":8},{"damage":0,"enemies":"The Guardian","floor":16,"turns":8},{"damage":0,"enemies":"Chosen","floor":18,"turns":7},{"damage":69,"enemies":"Masked Bandits","floor":19,"turns":9},{"damage":13,"enemies":"Colosseum Slavers","floor":20,"turns":9},{"damage":16,"enemies":"Colosseum Nobs","floor":20,"turns":2}],"seed_played":"-3223682795318898752","potions_obtained":[{"floor":6,"key":"Explosive Potion"},{"floor":7,"key":"Block Potion"},{"floor":7,"key":"Dexterity Potion"},{"floor":10,"key":"FocusPotion"},{"floor":12,"key":"Dexterity Potion"},{"floor":16,"key":"Regen Potion"}],"is_trial":false,"path_per_floor":["?","T","?","M","?","?"],"character_chosen":"DEFECT","items_purchased":["Glacier","Loop","Consume"],"campfire_rested":0,"item_purchase_floors":[3,3,3],"current_hp_per_floor":[68,57,57,57,57,20,20,27,27,17,17,24,31,36,36,68,68,68,21,0],"gold":391,"neow_bonus":"THREE_RARE_CARDS","is_prod":false,"is_daily":false,"chose_seed":false,"campfire_upgraded":2,"win_rate":0,"timestamp":1549922122,"path_taken":["M","?","$","M","?","E","?","E","T","E","R","M","?","E","R","BOSS","M","?","?"],"build_version":"2019-01-23","purchased_purges":0,"victory":false,"max_hp_per_floor":[68,68,68,68,68,68,68,68,68,68,68,68,68,68,68,68,68,68,68,68],"card_choices":[{"not_picked":["Buffer","Rainbow"],"picked":"Seek","floor":0},{"not_picked":["Gash","Undo"],"picked":"Conserve Battery","floor":1},{"not_picked":["Go for the Eyes","Conserve Battery"],"picked":"Self Repair","floor":4},{"not_picked":["Conserve Battery","Undo"],"picked":"Capacitor","floor":6},{"not_picked":["Melter","Turbo"],"picked":"Double Energy","floor":8},{"not_picked":["Rainbow","Tempest"],"picked":"Coolheaded","floor":10},{"not_picked":["Conserve Battery","Rebound"],"picked":"Reinforced Body","floor":12},{"not_picked":["Barrage","Chaos","Genetic Algorithm"],"picked":"SKIP","floor":12},{"not_picked":["Multi-Cast","Ball Lightning"],"picked":"Cold Snap","floor":13},{"not_picked":["Gash","Redo","Reprogram"],"picked":"SKIP","floor":13},{"not_picked":["Streamline","Leap"],"picked":"All For One","floor":14},{"not_picked":["All For One","Hyperbeam"],"picked":"Echo Form","floor":16},{"not_picked":["Hello World+1","Self Repair"],"picked":"Compile Driver+1","floor":18},{"not_picked":["Steam+1","Skim"],"picked":"Fusion+1","floor":18}],"player_experience":119730,"relics_obtained":[{"floor":6,"key":"Pocketwatch"},{"floor":8,"key":"Tiny Chest"},{"floor":9,"key":"Pantograph"},{"floor":10,"key":"Prayer Wheel"},{"floor":14,"key":"Bottled Lightning"},{"floor":19,"key":"Red Mask"}],"event_choices":[{"damage_healed":0,"gold_gain":75,"player_choice":"Gather Gold","damage_taken":11,"max_hp_gain":0,"max_hp_loss":0,"event_name":"World of Goop","floor":2,"gold_loss":0},{"damage_healed":0,"gold_gain":0,"player_choice":"Got Potions","damage_taken":0,"max_hp_gain":0,"max_hp_loss":0,"event_name":"Lab","floor":7,"gold_loss":0},{"damage_healed":0,"gold_gain":0,"player_choice":"Fought Bandits","damage_taken":0,"max_hp_gain":0,"max_hp_loss":0,"event_name":"Masked Bandits","floor":19,"gold_loss":0},{"damage_healed":0,"gold_gain":0,"player_choice":"Fight","damage_taken":0,"max_hp_gain":0,"max_hp_loss":0,"event_name":"Colosseum","floor":20,"gold_loss":0},{"damage_healed":0,"gold_gain":0,"player_choice":"Fought Nobs","damage_taken":0,"max_hp_gain":0,"max_hp_loss":0,"event_name":"Colosseum","floor":20,"gold_loss":0}],"is_beta":false,"boss_relics":[{"not_picked":["Black Star","Sozu"],"picked":"Inserter"}],"items_purged_floors":[],"is_endless":false,"potions_floor_spawned":[6,10,12,16],"killed_by":"Colosseum Nobs","ascension_level":3}