{"gold_per_floor":[110,122,122,46,60,60,60,78,78,78],"floor_reached":10,"playtime":550,"items_purged":[],"score":99,"play_id":"6e497ac1-c587-45c0-ac6b-d3faed5bfdd9","local_time":"20181119202411","is_ascension_mode":true,"campfire_choices":[{"data":"Ghostly Armor","floor":6,"key":"SMITH"}],"neow_cost":"PERCENT_DAMAGE","seed_source_timestamp":5770469233552,"circlet_count":0,"master_deck":["AscendersBane","Strike_R","Strike_R","Strike_R","Defend_R","Defend_R","Defend_R","Defend_R","Juggernaut","Warcry","Sentinel","Ghostly Armor+1","Bandage Up"],"relics":["Burning Blood","Girya"],"potions_floor_usage":[10],"damage_taken":[{"damage":9,"enemies":"2 Louse","floor":1,"turns":4},{"damage":1,"enemies":"Cultist","floor":2,"turns":4},{"damage":4,"enemies":"Small Slimes","floor":5,"turns":4},{"damage":3,"enemies":"Blue Slaver","floor":8,"turns":5},{"damage":62,"enemies":"Gremlin Nob","floor":10,"turns":6}],"seed_played":"6494651301984084887","potions_obtained":[{"floor":1,"key":"Block Potion"}],"is_trial":false,"path_per_floor":["M","M","?","$","M","R","?","M","T","E"],"character_chosen":"IRONCLAD","items_purchased":["Ghostly Armor"],"campfire_rested":0,"item_purchase_floors":[4],"current_hp_per_floor":[47,52,45,45,47,47,47,54,54,0],"gold":78,"neow_bonus":"TRANSFORM_TWO_CARDS","is_prod":false,"is_daily":false,"chose_seed":false,"campfire_upgraded":1,"win_rate":0,"timestamp":1542655451,"path_taken":["M","M","?","$","M","R","?","?","T","E"],"build_version":"2018-11-15","purchased_purges":0,"victory":false,"max_hp_per_floor":[75,75,75,75,75,75,75,75,75,75],"card_choices":[{"not_picked":["Dual Wield","Clothesline","Perfected Strike"],"picked":"SKIP","floor":1},{"not_picked":["Havoc","True Grit"],"picked":"Sentinel","floor":2},{"not_picked":["Cleave","Bloodletting","Disarm"],"picked":"SKIP","floor":5},{"not_picked":["Sentinel","Clash","Flex"],"picked":"SKIP","floor":8}],"player_experience":535252,"relics_obtained":[{"floor":9,"key":"Girya"}],"event_choices":[{"cards_removed":["Bash"],"damage_healed":0,"gold_gain":0,"player_choice":"Card Removal","damage_taken":7,"max_hp_gain":0,"max_hp_loss":0,"event_name":"Golden Wing","floor":3,"gold_loss":0},{"damage_healed":0,"gold_gain":0,"player_choice":"1 cards matched","damage_taken":0,"max_hp_gain":0,"max_hp_loss":0,"event_name":"Match and Keep!","floor":7,"gold_loss":0,"cards_obtained":["Bandage Up"]}],"is_beta":false,"boss_relics":[],"items_purged_floors":[],"is_endless":false,"potions_floor_spawned":[1],"killed_by":"Gremlin Nob","ascension_level":14}