{"gold_per_floor":[161,176,176,189,208,208,225,150,195,212,212,212,212,137,137,211,211,186,186,197,207,207,207,207],"floor_reached":24,"playtime":3791,"items_purged":["Strike_G"],"score":357,"play_id":"919f0fd0-9a6d-4151-9a71-c431b00c5b37","local_time":"20190209135441","is_ascension_mode":true,"campfire_choices":[{"data":"All Out Attack","floor":6.0,"key":"SMITH"},{"data":"Leg Sweep","floor":11.0,"key":"SMITH"},{"data":"Predator","floor":13.0,"key":"SMITH"},{"data":"Well Laid Plans","floor":15.0,"key":"SMITH"},{"floor":23.0,"key":"REST"}],"neow_cost":"NONE","seed_source_timestamp":0,"circlet_count":0,"master_deck":["AscendersBane","Defend_G","Defend_G","Defend_G","Defend_G","Defend_G","Strike_G+1","Survivor","Neutralize","All Out Attack+1","Well Laid Plans+1","Predator+1","Leg Sweep+1","Escape Plan","Deflect","Doppelganger","Crippling Poison"],"special_seed":0,"relics":["Tiny House","PreservedInsect","Snecko Eye","NlothsMask"],"potions_floor_usage":[24,24],"damage_taken":[{"damage":0.0,"enemies":"Cultist","floor":1.0,"turns":4.0},{"damage":0.0,"enemies":"Small Slimes","floor":2.0,"turns":2.0},{"damage":0.0,"enemies":"2 Louse","floor":4.0,"turns":3.0},{"damage":7.0,"enemies":"Exordium Wildlife","floor":5.0,"turns":4.0},{"damage":3.0,"enemies":"Blue Slaver","floor":7.0,"turns":5.0},{"damage":0.0,"enemies":"Gremlin Gang","floor":10.0,"turns":3.0},{"damage":42.0,"enemies":"Hexaghost","floor":16.0,"turns":16.0},{"damage":22.0,"enemies":"2 Thieves","floor":18.0,"turns":4.0},{"damage":0.0,"enemies":"Shell Parasite","floor":20.0,"turns":7.0},{"damage":0.0,"enemies":"Snake Plant","floor":21.0,"turns":4.0},{"damage":57,"enemies":"Book of Stabbing","floor":24,"turns":8}],"seed_played":"6763974979667107700","potions_obtained":[{"floor":0.0,"key":"EssenceOfSteel"},{"floor":1.0,"key":"EssenceOfSteel"},{"floor":7.0,"key":"Explosive Potion"},{"floor":18.0,"key":"Poison Potion"},{"floor":20.0,"key":"Swift Potion"}],"is_trial":false,"path_per_floor":["M","M","?","M","M","R","M","?","T","M","R","?","R","$","R","B",null,"M","?","M","M","$","R","E"],"character_chosen":"THE_SILENT","items_purchased":[],"campfire_rested":1,"item_purchase_floors":[],"current_hp_per_floor":[64,64,64,64,57,57,54,54,54,54,54,54,54,54,54,12,56,34,34,34,34,34,55,0],"gold":207,"neow_bonus":"BOSS_RELIC","is_prod":false,"is_daily":false,"chose_seed":false,"campfire_upgraded":4,"win_rate":0,"timestamp":1549716881,"path_taken":["M","?","?","M","?","R","M","?","T","M","R","?","R","?","R","BOSS","M","?","?","M","$","R","E"],"build_version":"2019-01-23","purchased_purges":1,"victory":false,"max_hp_per_floor":[71,71,71,71,71,71,71,71,71,71,71,71,71,71,71,71,71,71,71,71,71,71,71,71],"card_choices":[{"not_picked":["Terror","Deadly Poison"],"picked":"All Out Attack","floor":0.0},{"not_picked":["Acrobatics","Deadly Poison"],"picked":"Well Laid Plans","floor":1.0},{"not_picked":["Flechettes","Poisoned Stab","Bane"],"picked":"SKIP","floor":2.0},{"not_picked":["Prepared","Backflip"],"picked":"Predator","floor":4.0},{"not_picked":["Outmaneuver","Predator"],"picked":"Leg Sweep","floor":5.0},{"not_picked":["Prepared","Well Laid Plans"],"picked":"Escape Plan","floor":7.0},{"not_picked":["Dodge and Roll","Sucker Punch"],"picked":"Deflect","floor":10.0},{"not_picked":["Envenom","Night Terror"],"picked":"Doppelganger","floor":16.0},{"not_picked":["Flechettes","Setup","Deadly Poison"],"picked":"SKIP","floor":18.0},{"not_picked":["Quick Slash","Endless Agony","Dagger Spray"],"picked":"SKIP","floor":20.0},{"not_picked":["Cloak And Dagger","Deflect"],"picked":"Crippling Poison","floor":21.0}],"player_experience":757687,"relics_obtained":[{"floor":9.0,"key":"PreservedInsect"}],"event_choices":[{"cards_removed":["Strike_G"],"damage_healed":0.0,"max_hp_gain":0.0,"max_hp_loss":0.0,"gold_gain":0.0,"event_name":"Bonfire Elementals","player_choice":"Offered Basic","floor":3.0,"gold_loss":0.0,"damage_taken":0.0},{"cards_removed":["Strike_G"],"damage_healed":0.0,"max_hp_gain":0.0,"max_hp_loss":0.0,"gold_gain":0.0,"event_name":"The Cleric","player_choice":"Card Removal","floor":8.0,"gold_loss":75.0,"damage_taken":0.0},{"cards_removed":["Strike_G"],"damage_healed":0.0,"max_hp_gain":0.0,"max_hp_loss":0.0,"gold_gain":0.0,"event_name":"Living Wall","player_choice":"Forget","floor":12.0,"gold_loss":0.0,"damage_taken":0.0},{"damage_healed":0.0,"max_hp_gain":0.0,"max_hp_loss":0.0,"gold_gain":0.0,"event_name":"FaceTrader","player_choice":"Trade","floor":19.0,"gold_loss":0.0,"damage_taken":0.0,"relics_obtained":["NlothsMask"]}],"is_beta":false,"boss_relics":[{"not_picked":["Fusion Hammer","Busted Crown"],"picked":"Snecko Eye"}],"items_purged_floors":[14],"is_endless":false,"potions_floor_spawned":[1,7,18,20],"killed_by":"Book of Stabbing","ascension_level":18}