{"gold_per_floor":[115,115,131,149,149,181,181,243,243,243,258,258,270,286,286,381,381,396,321,321,321,194,221,221,239,262,312,330,349,362,372,372,467,467,480,480,504,517,345,360,376,376,457,474,474,492,492,504,504,504],"floor_reached":51,"playtime":10901,"items_purged":["Strike_R","Strike_R"],"score":733,"play_id":"d38435a7-37c7-46c7-8f67-993e9f92ecea","local_time":"20190223142240","is_ascension_mode":false,"campfire_choices":[{"floor":7.0,"key":"REST"},{"floor":10.0,"key":"REST"},{"floor":12.0,"key":"REST"},{"floor":15.0,"key":"REST"},{"data":"True Grit","floor":24.0,"key":"SMITH"},{"floor":32.0,"key":"REST"},{"floor":47,"key":"REST"},{"floor":49,"key":"REST"}],"neow_cost":"NONE","seed_source_timestamp":0,"circlet_count":0,"master_deck":["Defend_R","Defend_R","Defend_R","Defend_R","Bash","Shockwave","Battle Trance","Uppercut","Dropkick","Double Tap","Bloodletting","Iron Wave","Demon Form","True Grit+1","Sentinel","Whirlwind","Armaments","Flex","Dark Embrace","Flame Barrier","Burning Pact","Finesse","Impervious"],"special_seed":0,"relics":["Black Star","Self Forming Clay","Blue Candle","Mummified Hand","Tiny Chest","Shuriken","Busted Crown","Enchiridion","Prayer Wheel","Gremlin Horn","Red Skull","Fusion Hammer","Ancient Tea Set","Bottled Lightning"],"potions_floor_usage":[50,50],"damage_taken":[{"damage":5.0,"enemies":"2 Louse","floor":1.0,"turns":4.0},{"damage":2.0,"enemies":"Small Slimes","floor":3.0,"turns":6.0},{"damage":0.0,"enemies":"Cultist","floor":4.0,"turns":3.0},{"damage":35.0,"enemies":"3 Sentries","floor":6.0,"turns":8.0},{"damage":43.0,"enemies":"Gremlin Nob","floor":8.0,"turns":6.0},{"damage":9.0,"enemies":"Lots of Slimes","floor":11.0,"turns":5.0},{"damage":0.0,"enemies":"Exordium Wildlife","floor":13.0,"turns":3.0},{"damage":3.0,"enemies":"3 Louse","floor":14.0,"turns":4.0},{"damage":16.0,"enemies":"Slime Boss","floor":16.0,"turns":7.0},{"damage":13.0,"enemies":"2 Thieves","floor":18.0,"turns":3.0},{"damage":10.0,"enemies":"Gremlin Leader","floor":23.0,"turns":4.0},{"damage":11.0,"enemies":"Spheric Guardian","floor":25.0,"turns":4.0},{"damage":10.0,"enemies":"Shelled Parasite and Fungi","floor":28.0,"turns":7.0},{"damage":0.0,"enemies":"Centurion and Healer","floor":29.0,"turns":4.0},{"damage":3.0,"enemies":"Sentry and Sphere","floor":30.0,"turns":3.0},{"damage":2.0,"enemies":"Chosen and Byrds","floor":31.0,"turns":5.0},{"damage":36.0,"enemies":"Automaton","floor":33.0,"turns":7.0},{"damage":1.0,"enemies":"Orb Walker","floor":35.0,"turns":4.0},{"damage":6.0,"enemies":"3 Shapes","floor":38.0,"turns":3.0},{"damage":0.0,"enemies":"Transient","floor":40.0,"turns":5.0},{"damage":14.0,"enemies":"3 Darklings","floor":41.0,"turns":3.0},{"damage":0,"enemies":"4 Shapes","floor":44,"turns":7},{"damage":20,"enemies":"Sphere and 2 Shapes","floor":46,"turns":5},{"damage":10,"enemies":"Spire Growth","floor":48,"turns":8},{"damage":59,"enemies":"Awakened One","floor":50,"turns":13}],"seed_played":"5057583364751030285","potions_obtained":[{"floor":1.0,"key":"Swift Potion"},{"floor":11.0,"key":"SteroidPotion"},{"floor":16.0,"key":"FearPotion"},{"floor":23.0,"key":"SkillPotion"},{"floor":25.0,"key":"FairyPotion"},{"floor":30.0,"key":"Ancient Potion"},{"floor":33.0,"key":"FearPotion"},{"floor":40.0,"key":"Regen Potion"}],"is_trial":false,"path_per_floor":["M","?","M","M","?","E","R","E","T","R","M","R","M","M","R","B",null,"M","$","?","?","$","E","R","M","T","?","M","M","M","M","R","B",null,"M","$","T","M","$","M","M","$","T","M","?","M","R","M","R","B",null],"character_chosen":"IRONCLAD","items_purchased":["True Grit","Burning Pact","Finesse"],"campfire_rested":7,"item_purchase_floors":[22,39,39],"current_hp_per_floor":[75,75,73,73,66,31,55,12,12,36,27,51,51,48,72,56,80,67,67,51,51,51,41,41,30,30,30,20,20,17,15,39,3,80,79,79,79,73,73,73,59,59,59,59,59,39,63,53,77,33],"gold":504,"neow_bonus":"BOSS_RELIC","is_prod":false,"is_daily":false,"chose_seed":false,"campfire_upgraded":1,"win_rate":0,"timestamp":1550899360,"path_taken":["M","?","M","M","?","E","R","E","T","R","M","R","M","M","R","BOSS","M","$","?","?","$","E","R","M","T","?","M","?","M","M","R","BOSS","M","?","?","M","$","M","M","$","T","M","?","?","R","M","R","BOSS"],"build_version":"2019-01-23","purchased_purges":2,"victory":true,"max_hp_per_floor":[80,80,80,80,80,80,80,80,80,80,80,80,80,80,80,80,80,80,80,80,80,80,80,80,80,80,80,80,80,80,80,80,80,80,80,80,80,80,80,80,80,80,80,80,80,80,80,80,80,80],"card_choices":[{"not_picked":["Shrug It Off","Armaments"],"picked":"Shockwave","floor":1.0},{"not_picked":["Anger","Shrug It Off"],"picked":"Uppercut","floor":3.0},{"not_picked":["Clothesline","Searing Blow"],"picked":"Dropkick","floor":4.0},{"not_picked":["Shrug It Off","Twin Strike"],"picked":"Double Tap","floor":6.0},{"not_picked":["Perfected Strike","Havoc","Anger"],"picked":"SKIP","floor":8.0},{"not_picked":["Headbutt","Power Through","Combust"],"picked":"SKIP","floor":11.0},{"not_picked":["Cleave","Fire Breathing"],"picked":"Bloodletting","floor":13.0},{"not_picked":["Cleave","Uppercut"],"picked":"Iron Wave","floor":14.0},{"not_picked":["Juggernaut","Brutality"],"picked":"Demon Form","floor":16.0},{"not_picked":["Headbutt"],"picked":"SKIP","floor":18.0},{"not_picked":["Combust"],"picked":"SKIP","floor":23.0},{"not_picked":[],"picked":"Sentinel","floor":25.0},{"not_picked":[],"picked":"Whirlwind","floor":25.0},{"not_picked":[],"picked":"Armaments","floor":28.0},{"not_picked":["Pommel Strike"],"picked":"SKIP","floor":28.0},{"not_picked":[],"picked":"Flex","floor":29.0},{"not_picked":["Clash"],"picked":"SKIP","floor":29.0},{"not_picked":["Bloodletting"],"picked":"SKIP","floor":30.0},{"not_picked":["True Grit"],"picked":"SKIP","floor":30.0},{"not_picked":["Shockwave"],"picked":"SKIP","floor":31.0},{"not_picked":["Thunderclap"],"picked":"SKIP","floor":31.0},{"not_picked":[],"picked":"Dark Embrace","floor":33.0},{"not_picked":[],"picked":"Flame Barrier","floor":35.0},{"not_picked":["Entrench"],"picked":"SKIP","floor":35.0},{"not_picked":["Twin Strike+1"],"picked":"SKIP","floor":38.0},{"not_picked":["Havoc+1"],"picked":"SKIP","floor":38.0},{"not_picked":["Body Slam"],"picked":"SKIP","floor":40.0},{"not_picked":["Heavy Blade"],"picked":"SKIP","floor":40.0},{"not_picked":["Pommel Strike"],"picked":"SKIP","floor":41.0},{"not_picked":["Perfected Strike"],"picked":"SKIP","floor":41.0},{"not_picked":["Clash+1"],"picked":"SKIP","floor":44},{"not_picked":["Twin Strike+1"],"picked":"SKIP","floor":44},{"not_picked":["Flex"],"picked":"SKIP","floor":46},{"not_picked":["Perfected Strike"],"picked":"SKIP","floor":46},{"not_picked":[],"picked":"Impervious","floor":48},{"not_picked":["Wild Strike"],"picked":"SKIP","floor":48}],"player_experience":331759,"relics_obtained":[{"floor":6.0,"key":"Self Forming Clay"},{"floor":6.0,"key":"Blue Candle"},{"floor":8.0,"key":"Mummified Hand"},{"floor":8.0,"key":"Tiny Chest"},{"floor":9.0,"key":"Shuriken"},{"floor":20.0,"key":"Enchiridion"},{"floor":23.0,"key":"Prayer Wheel"},{"floor":23.0,"key":"Gremlin Horn"},{"floor":26.0,"key":"Red Skull"},{"floor":37.0,"key":"Ancient Tea Set"},{"floor":43,"key":"Bottled Lightning"}],"event_choices":[{"damage_healed":0.0,"max_hp_gain":0.0,"max_hp_loss":0.0,"gold_gain":0.0,"cards_transformed":["Strike_R"],"event_name":"Living Wall","player_choice":"Change","floor":2.0,"gold_loss":0.0,"damage_taken":0.0,"cards_obtained":["Battle Trance"]},{"cards_removed":["Strike_R"],"damage_healed":0.0,"max_hp_gain":0.0,"max_hp_loss":0.0,"gold_gain":0.0,"event_name":"Golden Wing","player_choice":"Card Removal","floor":5.0,"gold_loss":0.0,"damage_taken":7.0},{"damage_healed":0.0,"max_hp_gain":0.0,"max_hp_loss":0.0,"gold_gain":0.0,"event_name":"Cursed Tome","player_choice":"Obtained Book","floor":20.0,"gold_loss":0.0,"damage_taken":16.0},{"cards_removed":["Strike_R"],"damage_healed":0.0,"max_hp_gain":0.0,"max_hp_loss":0.0,"gold_gain":0.0,"event_name":"Back to Basics","player_choice":"Elegance","floor":21.0,"gold_loss":0.0,"damage_taken":0.0},{"damage_healed":0.0,"max_hp_gain":0.0,"max_hp_loss":0.0,"gold_gain":100.0,"event_name":"The Joust","player_choice":"Bet on Murderer","floor":27.0,"gold_loss":50.0,"damage_taken":0.0},{"damage_healed":0,"gold_gain":0,"player_choice":"Ignored","damage_taken":0,"max_hp_gain":0,"max_hp_loss":0,"event_name":"NoteForYourself","floor":45,"gold_loss":0}],"is_beta":false,"boss_relics":[{"not_picked":["Lizard Tail","Snecko Eye"],"picked":"Busted Crown"},{"not_picked":["Pandora\u0027s Box","Coffee Dripper"],"picked":"Fusion Hammer"}],"items_purged_floors":[19,22],"is_endless":false,"potions_floor_spawned":[1,11,16,23,25,29,30,33,40,46,48],"ascension_level":0}