{"gold_per_floor":[117,217,217,231,231,231,248,258,258,285,303,303,478,428,428,428],"floor_reached":16,"playtime":801,"items_purged":[],"score":131,"play_id":"a3fb4cff-944b-490d-ba1b-9554fc7fb0b6","local_time":"20180826225229","is_ascension_mode":true,"campfire_choices":[{"data":"Outmaneuver","floor":6,"key":"SMITH"},{"data":"Neutralize","floor":15,"key":"SMITH"}],"neow_cost":"NONE","seed_source_timestamp":0,"circlet_count":0,"master_deck":["Defend_G","Defend_G","Defend_G","Defend_G","Defend_G","Strike_G","Strike_G","Strike_G","Survivor","Neutralize+1","Outmaneuver","Calculated Gamble","Outmaneuver+1","Doppelganger"],"special_seed":0,"relics":["Ring of the Snake","Boot","Blue Candle","Paper Crane","Juzu Bracelet"],"potions_floor_usage":[16],"damage_taken":[{"damage":1,"enemies":"Jaw Worm","floor":1,"turns":4},{"damage":1,"enemies":"Cultist","floor":4,"turns":4},{"damage":0,"enemies":"Small Slimes","floor":7,"turns":6},{"damage":9,"enemies":"3 Louse","floor":8,"turns":6},{"damage":0,"enemies":"Red Slaver","floor":11,"turns":7},{"damage":38,"enemies":"Slime Boss","floor":16,"turns":11}],"seed_played":"5763771715223222633","potions_obtained":[{"floor":1,"key":"Ancient Potion"},{"floor":8,"key":"Weak Potion"}],"is_trial":false,"path_per_floor":["M","?","?","M","?","R","M","M","T","T","M","?","?","?","R"],"character_chosen":"THE_SILENT","items_purchased":[],"campfire_rested":0,"item_purchase_floors":[],"current_hp_per_floor":[62,62,62,61,54,54,54,45,45,45,45,38,38,38,38,0],"gold":428,"neow_bonus":"RANDOM_COMMON_RELIC","is_prod":false,"is_daily":false,"chose_seed":false,"campfire_upgraded":2,"win_rate":0,"timestamp":1535316749,"path_taken":["M","?","?","M","?","R","M","?","T","?","M","?","?","?","R","BOSS"],"build_version":"2018-08-23v2","purchased_purges":0,"victory":false,"max_hp_per_floor":[70,70,70,70,70,70,70,70,70,70,70,70,70,70,70,70],"card_choices":[{"not_picked":["Flechettes","Dagger Spray"],"picked":"Outmaneuver","floor":1},{"not_picked":["Deadly Poison","Blade Dance"],"picked":"Outmaneuver","floor":4},{"not_picked":["Dodge and Roll","Dagger Throw","Bane"],"picked":"SKIP","floor":7},{"not_picked":["Noxious Fumes","Slice","Calculated Gamble"],"picked":"SKIP","floor":8},{"not_picked":["Underhanded Strike","Infinite Blades"],"picked":"Doppelganger","floor":11}],"player_experience":346568,"relics_obtained":[{"floor":9,"key":"Paper Crane"},{"floor":10,"key":"Juzu Bracelet"}],"event_choices":[{"event_name":"Wheel of Change","player_choice":"Gold","floor":2,"damage_taken":0},{"event_name":"Transmorgrifier","player_choice":"Transform","floor":3,"damage_taken":0},{"event_name":"Scrap Ooze","player_choice":"success","floor":5,"damage_taken":7},{"event_name":"Golden Wing","player_choice":"Card Removal","floor":12,"damage_taken":0},{"event_name":"Liars Game","player_choice":"agreed","floor":13,"damage_taken":0},{"event_name":"The Cleric","player_choice":"Card Removal","floor":14,"damage_taken":0}],"is_beta":false,"boss_relics":[],"items_purged_floors":[],"is_endless":false,"potions_floor_spawned":[1,8],"killed_by":"Slime Boss","ascension_level":9}