{"gold_per_floor":[112,187,187,200,19,19,84,102,125,156,156,166,177,227,227,299,349,369,419,434,503,503],"floor_reached":22,"playtime":766,"items_purged":["Strike_B"],"score":376,"play_id":"5ad4ae84-cf3f-48ec-9e33-72e335354b06","local_time":"20190214175045","is_ascension_mode":true,"campfire_choices":[{"data":"Hologram","floor":6,"key":"SMITH"},{"floor":11,"key":"REST"},{"floor":15,"key":"REST"}],"neow_cost":"NONE","seed_source_timestamp":134834571563940,"circlet_count":0,"master_deck":["AscendersBane","Strike_B","Strike_B","Strike_B","Defend_B","Defend_B","Defend_B","Defend_B","Zap","Dualcast+1","Seek","Gash","Beam Cell+1","Gash+1","Hologram+1","Cold Snap","Glacier","Hologram","Seek","Hologram","Coolheaded","Coolheaded","Cold Snap"],"relics":["Cracked Core","SsserpentHead","Whetstone","Bag of Marbles","Tiny House"],"potions_floor_usage":[18,22],"damage_taken":[{"damage":8,"enemies":"2 Louse","floor":1,"turns":3},{"damage":7,"enemies":"Jaw Worm","floor":4,"turns":4},{"damage":0,"enemies":"Cultist","floor":7,"turns":3},{"damage":6,"enemies":"2 Fungi Beasts","floor":8,"turns":3},{"damage":21,"enemies":"Lagavulin","floor":10,"turns":5},{"damage":12,"enemies":"Red Slaver","floor":12,"turns":2},{"damage":5,"enemies":"Lots of Slimes","floor":13,"turns":5},{"damage":32,"enemies":"The Guardian","floor":16,"turns":9},{"damage":0,"enemies":"Chosen","floor":18,"turns":4},{"damage":18,"enemies":"Shell Parasite","floor":20,"turns":3},{"damage":13,"enemies":"Sentry and Sphere","floor":21,"turns":7},{"damage":31,"enemies":"Snecko","floor":22,"turns":9}],"seed_played":"7217920898634276530","potions_obtained":[{"floor":1,"key":"SteroidPotion"},{"floor":4,"key":"Fire Potion"},{"floor":18,"key":"PowerPotion"}],"is_trial":false,"path_per_floor":["M","?","?","M","$","R","M","M","T","E","R","M","M","?","R","B",null,"M","?","M","M","M"],"character_chosen":"DEFECT","items_purchased":["Gash","Hologram"],"campfire_rested":2,"item_purchase_floors":[5,5],"current_hp_per_floor":[56,45,45,38,38,38,38,32,32,11,32,20,15,20,42,10,65,65,60,42,29,0],"gold":503,"neow_bonus":"ONE_RANDOM_RARE_CARD","is_prod":false,"is_daily":false,"chose_seed":false,"campfire_upgraded":1,"win_rate":0,"timestamp":1550127045,"path_taken":["M","?","?","M","$","R","?","M","T","E","R","M","M","?","R","BOSS","M","?","M","?","M"],"build_version":"2019-01-23","purchased_purges":1,"victory":false,"max_hp_per_floor":[71,71,71,71,71,71,71,71,71,71,71,71,71,76,76,76,81,81,81,81,81,81],"card_choices":[{"not_picked":["Melter","Redo"],"picked":"Gash","floor":1},{"not_picked":["Lockon","Undo"],"picked":"Beam Cell","floor":4},{"not_picked":["Loop","Reprogram","Steam"],"picked":"SKIP","floor":7},{"not_picked":["Steam","Sweeping Beam"],"picked":"Cold Snap","floor":8},{"not_picked":["Double Energy","Steam","Hyperbeam"],"picked":"SKIP","floor":10},{"not_picked":["Skim","Coolheaded"],"picked":"Glacier","floor":12},{"not_picked":["Double Energy","Leap"],"picked":"Hologram","floor":13},{"not_picked":["Thunder Strike","Hyperbeam"],"picked":"Seek","floor":16},{"not_picked":["Beam Cell","Self Repair"],"picked":"Hologram","floor":17},{"not_picked":["Steam","Turbo"],"picked":"Coolheaded","floor":18},{"not_picked":["Turbo","Ball Lightning"],"picked":"Coolheaded","floor":20},{"not_picked":["Meteor Strike","Sweeping Beam+1"],"picked":"Cold Snap","floor":21}],"player_experience":346610,"relics_obtained":[{"floor":9,"key":"Whetstone"},{"floor":10,"key":"Bag of Marbles"}],"event_choices":[{"damage_healed":0,"gold_gain":75,"player_choice":"Gather Gold","damage_taken":11,"max_hp_gain":0,"max_hp_loss":0,"event_name":"World of Goop","floor":2,"gold_loss":0},{"damage_healed":0,"gold_gain":0,"player_choice":"Trade","damage_taken":0,"relics_obtained":["SsserpentHead"],"max_hp_gain":0,"max_hp_loss":0,"event_name":"FaceTrader","floor":3,"gold_loss":0},{"damage_healed":0,"gold_gain":0,"player_choice":"Donut","damage_taken":0,"max_hp_gain":5,"max_hp_loss":0,"event_name":"Big Fish","floor":14,"gold_loss":0},{"damage_healed":0,"gold_gain":0,"player_choice":"Bought 0 Potions","damage_taken":0,"max_hp_gain":0,"max_hp_loss":0,"event_name":"The Woman in Blue","floor":19,"gold_loss":0}],"is_beta":false,"boss_relics":[{"not_picked":["Runic Dome","Pandora\u0027s Box"],"picked":"Tiny House"}],"items_purged_floors":[5],"is_endless":false,"potions_floor_spawned":[1,4,7,8,18],"killed_by":"Snecko","ascension_level":20}