{"gold_per_floor":[219,189,205,221,181,181,65,91,91,125,137,157,176,176,176,273,273,293,118,118,98,46,46,71,87,138,138,154,180,197,197,197,293,293,311,329,329,341,353,353,353],"floor_reached":41,"playtime":4177,"items_purged":["Strike_G"],"score":727,"play_id":"b2173d96-5d10-4dbc-b9df-0616fdc3fd95","local_time":"20190209144111","is_ascension_mode":true,"campfire_choices":[{"data":"Neutralize","floor":6,"key":"SMITH"},{"floor":15,"key":"REST"},{"floor":23,"key":"REST"},{"floor":27,"key":"REST"},{"floor":32,"key":"REST"},{"floor":40,"key":"REST"}],"neow_cost":"NONE","seed_source_timestamp":1644319245500,"circlet_count":0,"master_deck":["Defend_G","Defend_G","Defend_G","Defend_G","Defend_G","Strike_G","Strike_G","Survivor","Neutralize+1","Backstab","PiercingWail","Bouncing Flask","Well Laid Plans","Flying Knee","Caltrops","Noxious Fumes","Dodge and Roll+1","Burst+1","Blur+1","Footwork","Wraith Form v2","Footwork","Dodge and Roll+1","Dash","PiercingWail+1","Footwork","Acrobatics+1","Caltrops+1","Catalyst+1","Crippling Poison+1","Night Terror+1","Crippling Poison+1","Madness+1","Madness+1","Cloak And Dagger+1"],"relics":["Ring of the Snake","Toxic Egg 2","Blood Vial","Ornamental Fan","Fusion Hammer","Snake Skull","Boot","Nloth\u0027s Gift","Empty Cage"],"potions_floor_usage":[10,16,21,21,24,29,33,38,39,41],"damage_taken":[{"damage":6,"enemies":"Cultist","floor":1,"turns":4},{"damage":0,"enemies":"2 Louse","floor":3,"turns":2},{"damage":0,"enemies":"Small Slimes","floor":4,"turns":4},{"damage":25,"enemies":"Gremlin Nob","floor":8,"turns":4},{"damage":19,"enemies":"3 Sentries","floor":10,"turns":6},{"damage":0,"enemies":"Exordium Thugs","floor":11,"turns":5},{"damage":1,"enemies":"2 Fungi Beasts","floor":12,"turns":4},{"damage":0,"enemies":"3 Louse","floor":13,"turns":4},{"damage":0,"enemies":"The Guardian","floor":16,"turns":8},{"damage":0,"enemies":"3 Byrds","floor":18,"turns":3},{"damage":0,"enemies":"2 Thieves","floor":21,"turns":4},{"damage":17,"enemies":"Gremlin Leader","floor":24,"turns":6},{"damage":7,"enemies":"Chosen and Byrds","floor":25,"turns":10},{"damage":0,"enemies":"Cultist and Chosen","floor":28,"turns":6},{"damage":22,"enemies":"Slavers","floor":29,"turns":5},{"damage":0,"enemies":"Centurion and Healer","floor":30,"turns":9},{"damage":5,"enemies":"Champ","floor":33,"turns":11},{"damage":12,"enemies":"3 Darklings","floor":35,"turns":5},{"damage":10,"enemies":"Orb Walker","floor":36,"turns":6},{"damage":29,"enemies":"Spire Growth","floor":38,"turns":7},{"damage":12,"enemies":"Writhing Mass","floor":39,"turns":7},{"damage":42,"enemies":"Reptomancer","floor":41,"turns":3}],"seed_played":"-2143721194718095882","potions_obtained":[{"floor":2,"key":"Energy Potion"},{"floor":2,"key":"SkillPotion"},{"floor":4,"key":"PowerPotion"},{"floor":12,"key":"FearPotion"},{"floor":16,"key":"FearPotion"},{"floor":21,"key":"Poison Potion"},{"floor":24,"key":"Poison Potion"},{"floor":28,"key":"Swift Potion"},{"floor":29,"key":"AttackPotion"},{"floor":36,"key":"Dexterity Potion"},{"floor":39,"key":"Block Potion"}],"is_trial":false,"path_per_floor":["M","?","M","M","$","R","$","E","T","E","M","M","M","?","R","B",null,"M","$","?","M","$","R","E","M","T","R","M","E","M","?","R","B",null,"M","M","?","M","M","R","E"],"character_chosen":"THE_SILENT","items_purchased":["Well Laid Plans","Flying Knee","Caltrops","Footwork","Dodge and Roll+1","PiercingWail+1"],"campfire_rested":5,"item_purchase_floors":[5,7,7,19,19,22],"current_hp_per_floor":[57,57,57,57,57,57,57,32,32,15,17,18,20,20,41,43,63,65,65,65,67,67,70,53,48,48,70,70,48,50,50,70,65,69,58,50,41,14,4,25,0],"gold":353,"neow_bonus":"HUNDRED_GOLD","is_prod":false,"is_daily":false,"chose_seed":false,"campfire_upgraded":1,"win_rate":0,"timestamp":1549694471,"path_taken":["M","?","M","M","$","R","$","E","T","E","M","M","?","?","R","BOSS","M","$","?","M","$","R","E","M","T","R","M","E","M","?","R","BOSS","M","M","?","M","M","R","E"],"build_version":"2019-01-23","purchased_purges":1,"victory":false,"max_hp_per_floor":[70,70,70,70,70,70,70,70,70,70,70,70,70,70,70,70,70,70,70,70,70,70,70,70,70,70,70,70,70,70,70,70,70,70,70,70,70,70,70,70,70],"card_choices":[{"not_picked":["Dagger Throw","Catalyst"],"picked":"Backstab","floor":1},{"not_picked":["Riddle With Holes","Deflect"],"picked":"PiercingWail","floor":3},{"not_picked":["Poisoned Stab","Dodge and Roll"],"picked":"Bouncing Flask","floor":4},{"not_picked":["PiercingWail","Dash"],"picked":"Noxious Fumes","floor":8},{"not_picked":["Cloak And Dagger+1","Dagger Spray"],"picked":"Dodge and Roll+1","floor":10},{"not_picked":["Flechettes","Calculated Gamble+1"],"picked":"Burst+1","floor":11},{"not_picked":["Outmaneuver+1","Backflip+1"],"picked":"Blur+1","floor":12},{"not_picked":["Deadly Poison+1","Flying Knee"],"picked":"Footwork","floor":13},{"not_picked":["Doppelganger+1","After Image"],"picked":"Wraith Form v2","floor":16},{"not_picked":["Outmaneuver+1","Underhanded Strike","Bane"],"picked":"SKIP","floor":18},{"not_picked":["Finisher","Sucker Punch"],"picked":"Dash","floor":21},{"not_picked":["Slice","Tactician+1"],"picked":"Footwork","floor":24},{"not_picked":["Outmaneuver+1","Dagger Spray"],"picked":"Acrobatics+1","floor":25},{"not_picked":["Bane","Quick Slash"],"picked":"Caltrops+1","floor":28},{"not_picked":["Dodge and Roll+1","Doppelganger+1"],"picked":"Catalyst+1","floor":29},{"not_picked":["Bane","Slice"],"picked":"Crippling Poison+1","floor":30},{"not_picked":["Unload","Die Die Die"],"picked":"Night Terror+1","floor":33},{"not_picked":["Outmaneuver+1","Quick Slash","Concentrate+1"],"picked":"SKIP","floor":35},{"not_picked":["Bane","Bouncing Flask+1"],"picked":"Crippling Poison+1","floor":36},{"not_picked":["Dagger Throw+1","Setup+1","Heel Hook"],"picked":"SKIP","floor":38},{"not_picked":["Reflex+1","Slice"],"picked":"Cloak And Dagger+1","floor":39}],"player_experience":359638,"relics_obtained":[{"floor":8,"key":"Toxic Egg 2"},{"floor":9,"key":"Blood Vial"},{"floor":10,"key":"Ornamental Fan"},{"floor":24,"key":"Regal Pillow"},{"floor":26,"key":"Snake Skull"},{"floor":29,"key":"Boot"}],"event_choices":[{"damage_healed":0,"gold_gain":0,"player_choice":"Bought 2 Potions","damage_taken":0,"max_hp_gain":0,"max_hp_loss":0,"event_name":"The Woman in Blue","floor":2,"gold_loss":0},{"damage_healed":0,"gold_gain":0,"player_choice":"Ignored","damage_taken":0,"max_hp_gain":0,"max_hp_loss":0,"event_name":"Shining Light","floor":14,"gold_loss":0},{"damage_healed":0,"gold_gain":0,"player_choice":"Ignored","damage_taken":0,"max_hp_gain":0,"max_hp_loss":0,"event_name":"Ghosts","floor":20,"gold_loss":0},{"damage_healed":0,"gold_gain":0,"player_choice":"Traded Relic","damage_taken":0,"relics_obtained":["Nloth\u0027s Gift"],"max_hp_gain":0,"max_hp_loss":0,"event_name":"N\u0027loth","floor":31,"relics_lost":["Regal Pillow"],"gold_loss":0},{"damage_healed":0,"gold_gain":0,"player_choice":"Embrace Madness","damage_taken":9,"max_hp_gain":0,"max_hp_loss":0,"event_name":"Winding Halls","floor":37,"gold_loss":0,"cards_obtained":["Madness","Madness"]}],"is_beta":false,"boss_relics":[{"not_picked":["Ring of the Serpent","Coffee Dripper"],"picked":"Fusion Hammer"},{"not_picked":["Calling Bell","Sozu"],"picked":"Empty Cage"}],"items_purged_floors":[19],"is_endless":false,"potions_floor_spawned":[4,8,12,16,21,24,28,29,36,39],"killed_by":"Reptomancer","ascension_level":7}