{"gold_per_floor":[114,189,69,69,84,84,114,86,111,126,141,156,171,246,246,346,346,361,331,331],"floor_reached":20,"playtime":1089,"items_purged":[],"score":201,"play_id":"1ea9fd5c-1101-4acf-a205-ca04dc8bab09","local_time":"20190123152124","daily_mods":["Cursed Run","ControlledChaos","Night Terrors"],"is_ascension_mode":false,"campfire_choices":[{"data":"Zap","floor":6,"key":"SMITH"},{"floor":15,"key":"REST"}],"neow_cost":"","seed_source_timestamp":0,"circlet_count":0,"master_deck":["Strike_B","Strike_B","Strike_B","Strike_B","Defend_B","Defend_B","Defend_B","Defend_B","Zap+1","Dualcast","Gash","Go for the Eyes","Force Field","Defragment","Pain","Self Repair","Aggregate","Leap","Core Surge","Shame","Writhe","Buffer","Genetic Algorithm+1","Hologram"],"special_seed":17919,"relics":["Cursed Key","Darkstone Periapt","Du-Vu Doll","Frozen Eye","Tiny Chest","PreservedInsect","MawBank","Strawberry","Dodecahedron","Eternal Feather"],"potions_floor_usage":[12,13,16],"damage_taken":[{"damage":0,"enemies":"2 Louse","floor":1,"turns":3},{"damage":6,"enemies":"Jaw Worm","floor":5,"turns":2},{"damage":18,"enemies":"3 Sentries","floor":7,"turns":5},{"damage":4,"enemies":"Cultist","floor":10,"turns":4},{"damage":23,"enemies":"Exordium Thugs","floor":11,"turns":6},{"damage":24,"enemies":"Gremlin Gang","floor":12,"turns":5},{"damage":5,"enemies":"Lots of Slimes","floor":13,"turns":6},{"damage":67,"enemies":"The Guardian","floor":16,"turns":9},{"damage":32,"enemies":"Spheric Guardian","floor":18,"turns":6},{"damage":53,"enemies":"2 Thieves","floor":19,"turns":5},{"damage":35,"enemies":"Shelled Parasite and Fungi","floor":20,"turns":5}],"seed_played":"-8779709241295091905","potions_obtained":[{"floor":1,"key":"Poison Potion"},{"floor":7,"key":"EssenceOfSteel"},{"floor":12,"key":"GamblersBrew"},{"floor":19,"key":"SteroidPotion"}],"is_trial":false,"path_per_floor":["M","?","$","?","M","R","E","$","T","M","M","M","M","T","R","B",null,"M","M","M"],"character_chosen":"DEFECT","items_purchased":["Tiny Chest","Defragment"],"campfire_rested":1,"item_purchase_floors":[3,8],"current_hp_per_floor":[75,64,64,57,51,51,33,33,46,42,26,9,11,17,89,35,95,70,24,0],"gold":331,"neow_bonus":"","is_prod":false,"is_daily":true,"chose_seed":false,"campfire_upgraded":1,"win_rate":0,"timestamp":1548274884,"path_taken":["M","?","$","?","?","R","E","$","T","M","?","M","M","?","R","BOSS","M","?","?"],"build_version":"2019-01-23","purchased_purges":0,"victory":false,"max_hp_per_floor":[75,75,75,75,75,75,75,75,88,88,88,88,88,94,89,95,95,95,95,95],"card_choices":[{"not_picked":["Aggregate","Go for the Eyes"],"picked":"Gash","floor":1},{"not_picked":["Steam","Turbo"],"picked":"Go for the Eyes","floor":5},{"not_picked":["Redo","Scrape"],"picked":"Force Field","floor":7},{"not_picked":["Hello World","Leap"],"picked":"Self Repair","floor":10},{"not_picked":["Redo","Reprogram"],"picked":"Aggregate","floor":11},{"not_picked":["Barrage","Rebound"],"picked":"Leap","floor":12},{"not_picked":["Redo","Beam Cell"],"picked":"Core Surge","floor":13},{"not_picked":["Reboot","Rainbow"],"picked":"Buffer","floor":16},{"not_picked":["Steam","Gash+1"],"picked":"Genetic Algorithm+1","floor":18},{"not_picked":["Sunder","Streamline"],"picked":"Hologram","floor":19}],"player_experience":198107,"relics_obtained":[{"floor":7,"key":"MawBank"},{"floor":9,"key":"Strawberry"},{"floor":14,"key":"Dodecahedron"}],"event_choices":[{"damage_healed":0,"gold_gain":75,"player_choice":"Gather Gold","damage_taken":11,"max_hp_gain":0,"max_hp_loss":0,"event_name":"World of Goop","floor":2,"gold_loss":0},{"damage_healed":0,"gold_gain":0,"player_choice":"Success","damage_taken":7,"relics_obtained":["PreservedInsect"],"max_hp_gain":0,"max_hp_loss":0,"event_name":"Scrap Ooze","floor":4,"gold_loss":0}],"is_beta":false,"boss_relics":[{"not_picked":["Busted Crown","Lizard Tail"],"picked":"Eternal Feather"}],"items_purged_floors":[],"is_endless":false,"potions_floor_spawned":[1,7,12,19],"killed_by":"Shelled Parasite and Fungi","ascension_level":0}