{"gold_per_floor":[11,11,11,30,44,69,69,87,114,149,169,169,179,209,209,313,313,323,248,259,277,137,137],"floor_reached":23,"playtime":1936,"items_purged":[],"score":305,"play_id":"13ba274f-4194-4e55-9e8a-ff8c68070bdd","local_time":"20180915180708","is_ascension_mode":true,"campfire_choices":[{"data":"Bash","floor":7,"key":"SMITH"},{"data":"Fiend Fire","floor":12,"key":"SMITH"},{"data":"Warcry","floor":15,"key":"SMITH"}],"neow_cost":"NO_GOLD","seed_source_timestamp":22052475015719,"circlet_count":0,"master_deck":["Strike_R","Strike_R+1","Strike_R","Strike_R+1","Defend_R","Defend_R","Defend_R","Defend_R","Bash+1","AscendersBane","Clash","Iron Wave","Fiend Fire+1","Warcry+1","Feel No Pain","Ghostly Armor","Dark Embrace","Shrug It Off","Havoc","Discovery"],"relics":["Burning Blood","Champion Belt","Omamori","Whetstone","Oddly Smooth Stone","Gremlin Horn","Fusion Hammer"],"potions_floor_usage":[8,16,16,21,23,23],"damage_taken":[{"damage":4,"enemies":"2 Louse","floor":1,"turns":4},{"damage":0,"enemies":"Small Slimes","floor":4,"turns":4},{"damage":2,"enemies":"Jaw Worm","floor":5,"turns":3},{"damage":31,"enemies":"Gremlin Nob","floor":6,"turns":5},{"damage":18,"enemies":"Large Slime","floor":8,"turns":5},{"damage":12,"enemies":"Lagavulin","floor":10,"turns":6},{"damage":4,"enemies":"Red Slaver","floor":11,"turns":2},{"damage":1,"enemies":"Exordium Thugs","floor":13,"turns":4},{"damage":44,"enemies":"The Guardian","floor":16,"turns":13},{"damage":1,"enemies":"Chosen","floor":18,"turns":4},{"damage":3,"enemies":"Shell Parasite","floor":20,"turns":6},{"damage":4,"enemies":"Centurion and Healer","floor":21,"turns":10},{"damage":78,"enemies":"Book of Stabbing","floor":23,"turns":10}],"seed_played":"4626326369620287726","potions_obtained":[{"floor":3,"key":"Ancient Potion"},{"floor":3,"key":"BloodPotion"},{"floor":5,"key":"Fire Potion"},{"floor":11,"key":"Poison Potion"},{"floor":16,"key":"EssenceOfSteel"},{"floor":20,"key":"EssenceOfSteel"},{"floor":21,"key":"GamblersBrew"}],"is_trial":false,"path_per_floor":["M","?","?","M","M","E","R","M","T","E","M","R","M","?","R","B",null,"M","?","M","M","$"],"character_chosen":"IRONCLAD","items_purchased":["Havoc","Discovery"],"campfire_rested":0,"item_purchase_floors":[22,22],"current_hp_per_floor":[74,74,74,80,80,55,55,43,43,37,39,39,44,44,44,14,64,69,69,72,74,74,0],"gold":137,"neow_bonus":"ONE_RARE_RELIC","is_prod":false,"is_daily":false,"chose_seed":false,"campfire_upgraded":3,"win_rate":0,"timestamp":1537027628,"path_taken":["M","?","?","M","M","E","R","M","T","E","?","R","M","?","R","BOSS","M","?","?","M","?","E"],"build_version":"2018-09-06","purchased_purges":0,"victory":false,"max_hp_per_floor":[80,80,80,80,80,80,80,80,80,80,80,80,80,80,80,80,80,80,80,80,80,80,80],"card_choices":[{"not_picked":["Headbutt","Wild Strike"],"picked":"Clash","floor":1},{"not_picked":["Twin Strike","Rupture"],"picked":"Iron Wave","floor":4},{"not_picked":["Reckless Charge","Second Wind"],"picked":"Fiend Fire","floor":5},{"not_picked":["Havoc","Immolate"],"picked":"Warcry","floor":6},{"not_picked":["Whirlwind","Sword Boomerang"],"picked":"Feel No Pain","floor":8},{"not_picked":["Heavy Blade","Demon Form","Flex"],"picked":"SKIP","floor":10},{"not_picked":["Anger","Flex"],"picked":"Ghostly Armor","floor":11},{"not_picked":["Whirlwind","Anger","Body Slam"],"picked":"SKIP","floor":13},{"not_picked":["Double Tap","Impervious"],"picked":"Dark Embrace","floor":16},{"not_picked":["Pommel Strike","Wild Strike"],"picked":"Shrug It Off","floor":18},{"not_picked":["Headbutt+1","Flex","Anger+1"],"picked":"SKIP","floor":20},{"not_picked":["Bloodletting","Wild Strike","Twin Strike+1"],"picked":"SKIP","floor":21}],"player_experience":404827,"relics_obtained":[{"floor":6,"key":"Omamori"},{"floor":9,"key":"Whetstone"},{"floor":10,"key":"Oddly Smooth Stone"}],"event_choices":[{"event_name":"Liars Game","player_choice":"disagreed","floor":2,"damage_taken":0},{"event_name":"The Lab","player_choice":"Got Potions","floor":3,"damage_taken":0},{"event_name":"Dead Adventurer","player_choice":"Searched \u00272\u0027 times","floor":14,"damage_taken":0},{"event_name":"Beggar","player_choice":"Gave Gold","floor":19,"damage_taken":0}],"is_beta":false,"boss_relics":[{"not_picked":["Orrery","Snecko Eye"],"picked":"Fusion Hammer"}],"items_purged_floors":[],"is_endless":false,"potions_floor_spawned":[5,11,16,20,21],"killed_by":"Book of Stabbing","ascension_level":10}