{"gold_per_floor":[19,37,187,58,58,58,81,81,81,102,133,133,149,49,49,49],"floor_reached":16,"playtime":372,"items_purged":["Doubt","Strike_B"],"score":200,"play_id":"533e53c7-156a-4ce4-b0b9-9b5a8c125b71","local_time":"20190223000617","is_ascension_mode":true,"campfire_choices":[{"data":"Zap","floor":6,"key":"SMITH"},{"data":"Go for the Eyes","floor":8,"key":"SMITH"},{"floor":12,"key":"REST"},{"floor":15,"key":"DIG"}],"neow_cost":"NO_GOLD","seed_source_timestamp":35627930073500,"circlet_count":0,"master_deck":["AscendersBane","Strike_B","Strike_B","Strike_B","Defend_B","Defend_B","Defend_B","Defend_B","Zap+1","Dualcast","Core Surge","Go for the Eyes+1","Cold Snap","Conserve Battery","Ball Lightning"],"relics":["Cracked Core","Golden Idol","Happy Flower","Shovel","Boot"],"potions_floor_usage":[16,16],"damage_taken":[{"damage":9,"enemies":"Jaw Worm","floor":1,"turns":4},{"damage":7,"enemies":"Small Slimes","floor":2,"turns":3},{"damage":0,"enemies":"Cultist","floor":7,"turns":3},{"damage":11,"enemies":"Large Slime","floor":10,"turns":5},{"damage":29,"enemies":"3 Sentries","floor":11,"turns":6},{"damage":10,"enemies":"3 Louse","floor":13,"turns":3},{"damage":17,"enemies":"Hexaghost","floor":16,"turns":9}],"seed_played":"-8272802105556746943","potions_obtained":[{"floor":1,"key":"PowerPotion"},{"floor":2,"key":"Energy Potion"},{"floor":11,"key":"Explosive Potion"},{"floor":13,"key":"PowerPotion"}],"is_trial":false,"path_per_floor":["M","M","?","$","?","R","M","R","T","M","E","R","M","$","R","B"],"character_chosen":"DEFECT","items_purchased":["Cold Snap"],"campfire_rested":1,"item_purchase_floors":[4],"current_hp_per_floor":[55,48,48,48,48,48,48,48,48,37,8,27,17,17,17,0],"gold":49,"neow_bonus":"THREE_RARE_CARDS","is_prod":false,"is_daily":false,"chose_seed":false,"campfire_upgraded":2,"win_rate":0,"timestamp":1550873177,"path_taken":["M","M","?","$","?","R","?","R","T","M","E","R","M","?","R","BOSS"],"build_version":"2019-01-23","purchased_purges":2,"victory":false,"max_hp_per_floor":[71,71,71,71,64,64,64,64,64,64,64,64,64,64,64,64],"card_choices":[{"not_picked":["Rainbow","Reboot"],"picked":"Core Surge","floor":0},{"not_picked":["Loop","Gash","Rebound"],"picked":"SKIP","floor":1},{"not_picked":["Beam Cell","Double Energy"],"picked":"Go for the Eyes","floor":2},{"not_picked":["Redo","Coolheaded"],"picked":"Conserve Battery","floor":7},{"not_picked":["Redo","Cold Snap"],"picked":"Ball Lightning","floor":10},{"not_picked":["Hologram","All For One","Redo"],"picked":"SKIP","floor":11},{"not_picked":["Redo","Hologram","Darkness"],"picked":"SKIP","floor":13}],"player_experience":891925,"relics_obtained":[{"floor":9,"key":"Happy Flower"},{"floor":11,"key":"Shovel"},{"floor":15,"key":"Boot"}],"event_choices":[{"damage_healed":0,"gold_gain":150,"player_choice":"AGREE","damage_taken":0,"max_hp_gain":0,"max_hp_loss":0,"event_name":"Liars Game","floor":3,"gold_loss":0,"cards_obtained":["Doubt"]},{"damage_healed":0,"gold_gain":0,"player_choice":"Lose Max HP","damage_taken":0,"relics_obtained":["Golden Idol"],"max_hp_gain":0,"max_hp_loss":7,"event_name":"Golden Idol","floor":5,"gold_loss":0}],"is_beta":false,"boss_relics":[],"items_purged_floors":[4,14],"is_endless":false,"potions_floor_spawned":[1,2,11,13],"killed_by":"Hexaghost","ascension_level":20}