{"gold_per_floor":[112,112,125,30,41,41,69,69,69,69,94,94,42,54,54,153,153,167,177,10,30,40,40,14,14,14,27,44,61,61,75,75,75],"floor_reached":33,"playtime":1533,"items_purged":["Normality"],"score":311,"play_id":"0d1426a9-68aa-42f5-84ab-67494b197c83","local_time":"20190131130631","is_ascension_mode":true,"campfire_choices":[{"data":"FTL","floor":6,"key":"SMITH"},{"data":"Beam Cell","floor":8,"key":"SMITH"},{"floor":10,"key":"REST"},{"floor":15,"key":"REST"},{"floor":23,"key":"REST"},{"floor":25,"key":"REST"},{"floor":32,"key":"REST"}],"neow_cost":"NONE","seed_source_timestamp":1268654758597753,"circlet_count":0,"master_deck":["Strike_B","Strike_B","Strike_B","Strike_B","Defend_B","Defend_B","Defend_B","Defend_B","Zap+1","Dualcast","Beam Cell+1","Self Repair","Finesse","FTL+1","Scrape","Conserve Battery","Compile Driver","Clumsy","Clumsy","Coolheaded+1","Coolheaded","Blind","Ball Lightning","Hologram","Conserve Battery","FTL","Cold Snap","Conserve Battery"],"relics":["Cracked Core","Bottled Lightning","Lantern","Odd Mushroom","Calling Bell","Bag of Preparation","Letter Opener","Incense Burner","Ornamental Fan"],"potions_floor_usage":[19,27,33,33],"damage_taken":[{"damage":0,"enemies":"Cultist","floor":1,"turns":3},{"damage":2,"enemies":"Jaw Worm","floor":3,"turns":3},{"damage":2,"enemies":"2 Louse","floor":5,"turns":2},{"damage":30,"enemies":"3 Sentries","floor":7,"turns":8},{"damage":20,"enemies":"The Mushroom Lair","floor":11,"turns":4},{"damage":10,"enemies":"Lots of Slimes","floor":14,"turns":3},{"damage":54,"enemies":"Hexaghost","floor":16,"turns":9},{"damage":25,"enemies":"Spheric Guardian","floor":18,"turns":4},{"damage":17,"enemies":"Chosen","floor":19,"turns":6},{"damage":28,"enemies":"Snecko","floor":21,"turns":7},{"damage":14,"enemies":"Snake Plant","floor":22,"turns":4},{"damage":0,"enemies":"Centurion and Healer","floor":27,"turns":4},{"damage":17,"enemies":"3 Cultists","floor":28,"turns":5},{"damage":8,"enemies":"Snake Plant","floor":29,"turns":3},{"damage":26,"enemies":"Centurion and Healer","floor":31,"turns":7},{"damage":85,"enemies":"Champ","floor":33,"turns":16}],"seed_played":"2901978836981091816","potions_obtained":[{"floor":5,"key":"Energy Potion"},{"floor":11,"key":"EssenceOfSteel"},{"floor":16,"key":"Regen Potion"},{"floor":19,"key":"EssenceOfSteel"},{"floor":27,"key":"SteroidPotion"}],"is_trial":false,"path_per_floor":["M","?","M","$","M","R","E","R","T","R","?","?","$","M","R","B",null,"M","M","$","M","M","R","$","R","T","M","M","M","$","M","R","B"],"character_chosen":"DEFECT","items_purchased":["Finesse","Conserve Battery","Blind","Hologram"],"campfire_rested":5,"item_purchase_floors":[4,13,20,24],"current_hp_per_floor":[82,82,80,80,82,82,59,59,59,82,69,69,69,59,82,35,70,52,57,57,36,29,53,53,77,77,82,72,71,71,52,76,0],"gold":75,"neow_bonus":"TEN_PERCENT_HP_BONUS","is_prod":false,"is_daily":false,"chose_seed":false,"campfire_upgraded":2,"win_rate":0,"timestamp":1548957991,"path_taken":["M","?","?","$","M","R","E","R","T","R","?","?","$","M","R","BOSS","M","M","$","M","M","R","$","R","T","M","M","M","$","M","R","BOSS"],"build_version":"2019-01-23","purchased_purges":1,"victory":false,"max_hp_per_floor":[82,82,82,82,82,82,82,82,82,82,82,82,82,82,82,82,82,82,82,82,82,82,82,82,82,82,82,82,82,82,82,82,82],"card_choices":[{"not_picked":["Turbo","Stack"],"picked":"Beam Cell","floor":1},{"not_picked":["Rebound","Consume"],"picked":"Self Repair","floor":3},{"not_picked":["Rebound","Leap"],"picked":"FTL","floor":5},{"not_picked":["Stack","Hologram","Rip and Tear"],"picked":"SKIP","floor":7},{"not_picked":["Chill","Steam"],"picked":"Scrape","floor":11},{"not_picked":["Multi-Cast","Doom and Gloom"],"picked":"Compile Driver","floor":14},{"not_picked":["Aggregate","Steam"],"picked":"Coolheaded+1","floor":18},{"not_picked":["Streamline+1","Leap"],"picked":"Coolheaded","floor":19},{"not_picked":["Go for the Eyes","Blizzard"],"picked":"Ball Lightning","floor":21},{"not_picked":["Hello World","Hologram","Genetic Algorithm"],"picked":"SKIP","floor":22},{"not_picked":["Barrage","Streamline"],"picked":"Conserve Battery","floor":27},{"not_picked":["Scrape","Capacitor"],"picked":"FTL","floor":28},{"not_picked":["Barrage","Reprogram"],"picked":"Cold Snap","floor":29},{"not_picked":["Reinforced Body","Coolheaded+1"],"picked":"Conserve Battery","floor":31}],"player_experience":288658,"relics_obtained":[{"floor":7,"key":"Bottled Lightning"},{"floor":9,"key":"Lantern"},{"floor":11,"key":"Odd Mushroom"},{"floor":17,"key":"Bag of Preparation"},{"floor":17,"key":"Letter Opener"},{"floor":17,"key":"Incense Burner"},{"floor":26,"key":"Ornamental Fan"}],"event_choices":[{"damage_healed":0,"gold_gain":0,"player_choice":"Upgraded","damage_taken":0,"max_hp_gain":0,"max_hp_loss":0,"event_name":"Upgrade Shrine","floor":2,"gold_loss":0,"cards_upgraded":["Zap"]},{"damage_healed":0,"gold_gain":0,"player_choice":"Fought Mushrooms","damage_taken":0,"max_hp_gain":0,"max_hp_loss":0,"event_name":"Mushrooms","floor":11,"gold_loss":0},{"damage_healed":0,"gold_gain":0,"player_choice":"Bought 0 Potions","damage_taken":0,"max_hp_gain":0,"max_hp_loss":0,"event_name":"The Woman in Blue","floor":12,"gold_loss":0}],"is_beta":false,"boss_relics":[{"not_picked":["Philosopher\u0027s Stone","Cursed Key"],"picked":"Calling Bell"}],"items_purged_floors":[20],"is_endless":false,"potions_floor_spawned":[5,11,16,19,22,27],"killed_by":"Champ","ascension_level":5}