{"gold_per_floor":[118,118,138,150,167,167,185,185,208,224,238,238,35,46,46,151,151,170,170,170,189,189,189,204,204,204,204,229,243,253,278,278,377,377,411,437,497,422,522,522],"floor_reached":40,"playtime":2444,"items_purged":["Doubt"],"score":723,"play_id":"10144c22-b5f0-44d9-a408-d65d854dfefa","local_time":"20180922161711","is_ascension_mode":true,"campfire_choices":[{"data":"Sunder","floor":6,"key":"SMITH"},{"floor":8,"key":"REST"},{"data":"Hyperbeam","floor":12,"key":"SMITH"},{"data":"Conserve Battery","floor":15,"key":"SMITH"},{"data":"Magnetism","floor":23,"key":"SMITH"},{"data":"Flame Barrier","floor":25,"key":"SMITH"},{"data":"Machine Learning","floor":27,"key":"SMITH"},{"floor":32,"key":"REST"}],"neow_cost":"PERCENT_DAMAGE","seed_source_timestamp":25244179126422,"circlet_count":0,"master_deck":["Strike_B","Strike_B","Defend_B","Defend_B+1","Defend_B","Defend_B","Zap+1","AscendersBane","Hyperbeam+1","Fission","Sunder+1","Steam","Conserve Battery+1","Hologram","Steam","Machine Learning+1","Flying Knee","Magnetism+1","Terror","Flash of Steel","Flame Barrier+1","Decay","Steam","Hologram","Fusion","HandOfGreed","Echo Form"],"relics":["Cracked Core","PrismaticShard","Cursed Key","Nloth\u0027s Gift","MutagenicStrength","Pantograph","Juzu Bracelet","Happy Flower","Nuclear Battery"],"potions_floor_usage":[11,16,30,33,36,37],"damage_taken":[{"damage":4,"enemies":"2 Louse","floor":1,"turns":2},{"damage":0,"enemies":"Jaw Worm","floor":3,"turns":2},{"damage":0,"enemies":"Small Slimes","floor":4,"turns":1},{"damage":3,"enemies":"Exordium Thugs","floor":5,"turns":2},{"damage":9,"enemies":"3 Louse","floor":7,"turns":2},{"damage":0,"enemies":"2 Fungi Beasts","floor":10,"turns":2},{"damage":6,"enemies":"Lots of Slimes","floor":11,"turns":3},{"damage":0,"enemies":"Large Slime","floor":14,"turns":5},{"damage":0,"enemies":"The Guardian","floor":16,"turns":14},{"damage":5,"enemies":"3 Byrds","floor":18,"turns":3},{"damage":14,"enemies":"Shell Parasite","floor":21,"turns":3},{"damage":7,"enemies":"Cultist and Chosen","floor":24,"turns":3},{"damage":30,"enemies":"Book of Stabbing","floor":28,"turns":5},{"damage":3,"enemies":"Snecko","floor":29,"turns":5},{"damage":0,"enemies":"3 Cultists","floor":30,"turns":2},{"damage":30,"enemies":"Champ","floor":33,"turns":11},{"damage":2,"enemies":"Orb Walker","floor":35,"turns":4},{"damage":1,"enemies":"3 Darklings","floor":36,"turns":5},{"damage":41,"enemies":"4 Shapes","floor":37,"turns":6},{"damage":18,"enemies":"2 Orb Walkers","floor":40,"turns":1}],"seed_played":"3962182672415879193","potions_obtained":[{"floor":1,"key":"LiquidBronze"},{"floor":4,"key":"SpeedPotion"},{"floor":5,"key":"Block Potion"},{"floor":18,"key":"Energy Potion"},{"floor":30,"key":"Swift Potion"},{"floor":33,"key":"FearPotion"},{"floor":35,"key":"SpeedPotion"}],"is_trial":false,"path_per_floor":["M","?","M","M","M","R","M","R","T","M","M","R","$","M","R","B",null,"M","?","?","M","?","R","M","R","T","R","E","M","M","T","R","B",null,"M","M","M","$","?"],"character_chosen":"DEFECT","items_purchased":["PrismaticShard"],"campfire_rested":2,"item_purchase_floors":[13],"current_hp_per_floor":[46,31,31,31,28,28,19,41,41,41,35,35,35,35,35,35,65,60,60,60,46,46,46,39,39,39,39,9,6,6,6,28,23,62,60,59,18,18,18,0],"gold":522,"neow_bonus":"TRANSFORM_TWO_CARDS","is_prod":false,"is_daily":false,"chose_seed":false,"campfire_upgraded":6,"win_rate":0,"timestamp":1537625831,"path_taken":["M","?","M","M","M","R","M","R","T","M","M","R","$","M","R","BOSS","M","?","?","M","?","R","M","R","T","R","E","M","M","?","R","BOSS","M","M","M","$","?","E"],"build_version":"2018-09-20","purchased_purges":1,"victory":false,"max_hp_per_floor":[75,75,75,75,75,75,75,75,75,75,75,75,75,75,75,75,75,75,75,75,75,75,75,75,75,75,75,75,75,75,75,75,75,75,75,75,75,75,75,75],"card_choices":[{"not_picked":["Go for the Eyes","Cold Snap","Doom and Gloom"],"picked":"SKIP","floor":1},{"not_picked":["Beam Cell","BootSequence"],"picked":"Sunder","floor":3},{"not_picked":["Force Field","Compile Driver"],"picked":"Steam","floor":4},{"not_picked":["Rip and Tear","Steam"],"picked":"Conserve Battery","floor":5},{"not_picked":["Coolheaded","Defragment"],"picked":"Hologram","floor":7},{"not_picked":["Redo","Compile Driver"],"picked":"Steam","floor":10},{"not_picked":["Undo","Chill"],"picked":"Machine Learning","floor":11},{"not_picked":["Crippling Poison","Compile Driver"],"picked":"Flying Knee","floor":14},{"not_picked":["The Bomb","Malaise"],"picked":"Magnetism","floor":16},{"not_picked":["Searing Blow","Sword Boomerang"],"picked":"Terror","floor":18},{"not_picked":["Thunderclap","Go for the Eyes"],"picked":"Flash of Steel","floor":21},{"not_picked":["Barrage","True Grit"],"picked":"Flame Barrier","floor":24},{"not_picked":["Streamline","Sword Boomerang"],"picked":"Steam","floor":28},{"not_picked":["Limit Break","Prepared"],"picked":"Hologram","floor":29},{"not_picked":["Cold Snap+1","Quick Slash"],"picked":"Fusion","floor":30},{"not_picked":["All For One","Rainbow"],"picked":"HandOfGreed","floor":33},{"not_picked":["Slice","Body Slam","Headbutt"],"picked":"SKIP","floor":35},{"not_picked":["Underhanded Strike","Redo+1"],"picked":"Echo Form","floor":36},{"not_picked":["Sucker Punch","Trip","Streamline"],"picked":"SKIP","floor":37}],"player_experience":444850,"relics_obtained":[{"floor":9,"key":"Art of War"},{"floor":26,"key":"Pantograph"},{"floor":28,"key":"Juzu Bracelet"},{"floor":31,"key":"Happy Flower"}],"event_choices":[{"event_name":"Shining Light","player_choice":"Entered Light","floor":2,"damage_taken":0},{"event_name":"Bonfire Elementals","player_choice":"BASIC","floor":19,"damage_taken":0},{"event_name":"N\u0027loth","player_choice":"Traded a Art of War","floor":20,"damage_taken":0},{"event_name":"Drug Dealer","player_choice":"Inject Mutagens","floor":22,"damage_taken":0},{"event_name":"Golden Shrine","player_choice":"Pray","floor":39,"damage_taken":0}],"is_beta":false,"boss_relics":[{"not_picked":["Black Star","Coffee Dripper"],"picked":"Cursed Key"},{"not_picked":["Fusion Hammer","Pandora\u0027s Box"],"picked":"Nuclear Battery"}],"items_purged_floors":[38],"is_endless":false,"potions_floor_spawned":[1,4,5,10,18,30,33,35],"killed_by":"2 Orb Walkers","ascension_level":12}