{"gold_per_floor":[111,111,168,185,200,200,233,233,257,270,287,287,287,301,301,301],"floor_reached":16,"playtime":379,"items_purged":[],"score":204,"play_id":"9052efbf-c755-47ac-b754-26686174602a","local_time":"20190214173747","is_ascension_mode":true,"campfire_choices":[{"data":"Sunder","floor":6,"key":"SMITH"},{"data":"Zap","floor":8,"key":"SMITH"},{"floor":13,"key":"REST"},{"data":"Buffer","floor":15,"key":"SMITH"}],"neow_cost":"NONE","seed_source_timestamp":134445060151834,"circlet_count":0,"master_deck":["AscendersBane","Strike_B","Strike_B","Strike_B","Defend_B","Defend_B","Defend_B","Defend_B","Zap+1","Dualcast","Capacitor","Ball Lightning","Sunder+1","Buffer+1","Capacitor","Ball Lightning"],"relics":["Cracked Core","Tiny Chest","Cables","Ancient Tea Set","Golden Idol"],"potions_floor_usage":[4,16,16],"damage_taken":[{"damage":0,"enemies":"2 Louse","floor":1,"turns":2},{"damage":2,"enemies":"Jaw Worm","floor":4,"turns":3},{"damage":1,"enemies":"Cultist","floor":5,"turns":3},{"damage":25,"enemies":"Lagavulin","floor":7,"turns":7},{"damage":1,"enemies":"2 Fungi Beasts","floor":10,"turns":2},{"damage":0,"enemies":"Blue Slaver","floor":11,"turns":2},{"damage":9,"enemies":"Red Slaver","floor":14,"turns":3},{"damage":29,"enemies":"The Guardian","floor":16,"turns":8}],"seed_played":"-5950674947060828926","potions_obtained":[{"floor":1,"key":"SteroidPotion"},{"floor":7,"key":"PowerPotion"},{"floor":11,"key":"Block Potion"}],"is_trial":false,"path_per_floor":["M","?","T","M","M","R","E","R","T","M","M","?","R","M","R","B"],"character_chosen":"DEFECT","items_purchased":[],"campfire_rested":1,"item_purchase_floors":[],"current_hp_per_floor":[64,69,69,67,66,66,41,41,41,40,40,14,36,27,27,0],"gold":301,"neow_bonus":"REMOVE_CARD","is_prod":false,"is_daily":false,"chose_seed":false,"campfire_upgraded":3,"win_rate":0,"timestamp":1550126267,"path_taken":["M","?","?","?","M","R","E","R","T","M","M","?","R","M","R","BOSS"],"build_version":"2019-01-23","purchased_purges":0,"victory":false,"max_hp_per_floor":[71,76,76,76,76,76,76,76,76,76,76,76,76,76,76,76],"card_choices":[{"not_picked":["Conserve Battery","Stack"],"picked":"Capacitor","floor":1},{"not_picked":["Stack","Darkness"],"picked":"Ball Lightning","floor":4},{"not_picked":["Sweeping Beam","Leap"],"picked":"Sunder","floor":5},{"not_picked":["Double Energy","Compile Driver","Turbo"],"picked":"SKIP","floor":7},{"not_picked":["Aggregate","Sweeping Beam"],"picked":"Buffer","floor":10},{"not_picked":["Compile Driver","Stack"],"picked":"Capacitor","floor":11},{"not_picked":["Aggregate","Chaos"],"picked":"Ball Lightning","floor":14}],"player_experience":346231,"relics_obtained":[{"floor":3,"key":"Tiny Chest"},{"floor":7,"key":"Cables"},{"floor":9,"key":"Ancient Tea Set"}],"event_choices":[{"damage_healed":0,"gold_gain":0,"player_choice":"Donut","damage_taken":0,"max_hp_gain":5,"max_hp_loss":0,"event_name":"Big Fish","floor":2,"gold_loss":0},{"damage_healed":0,"gold_gain":0,"player_choice":"Take Damage","damage_taken":26,"relics_obtained":["Golden Idol"],"max_hp_gain":0,"max_hp_loss":0,"event_name":"Golden Idol","floor":12,"gold_loss":0}],"is_beta":false,"boss_relics":[],"items_purged_floors":[],"is_endless":false,"potions_floor_spawned":[1,7,11,14],"killed_by":"The Guardian","ascension_level":20}