{"gold_per_floor":[109,127,127,138,158,158,173,184,184,111,111,122,46,46,46,46],"floor_reached":16,"playtime":1407,"items_purged":[],"score":179,"play_id":"cba1b317-0f9c-459b-8510-095a2ef106fe","local_time":"20190203191137","is_ascension_mode":true,"campfire_choices":[{"data":"Dodge and Roll","floor":6,"key":"SMITH"},{"floor":11,"key":"REST"},{"data":"Enlightenment","floor":15,"key":"SMITH"}],"neow_cost":"TEN_PERCENT_HP_LOSS","seed_source_timestamp":0,"circlet_count":0,"master_deck":["AscendersBane","Defend_G","Defend_G","Defend_G","Defend_G","Defend_G","Strike_G","Strike_G","Strike_G","Strike_G","Strike_G","Survivor+1","Neutralize","Enlightenment+1","Blind","PiercingWail","Underhanded Strike","Dodge and Roll+1","Predator","Underhanded Strike","Heel Hook"],"special_seed":0,"relics":["Ring of the Snake","Ninja Scroll"],"potions_floor_usage":[5],"damage_taken":[{"damage":4.0,"enemies":"Small Slimes","floor":1.0,"turns":5.0},{"damage":0.0,"enemies":"Cultist","floor":2.0,"turns":4.0},{"damage":0,"enemies":"Jaw Worm","floor":4,"turns":5},{"damage":29,"enemies":"Exordium Wildlife","floor":5,"turns":9},{"damage":6,"enemies":"3 Louse","floor":7,"turns":7},{"damage":1,"enemies":"2 Fungi Beasts","floor":8,"turns":4},{"damage":3,"enemies":"Blue Slaver","floor":12,"turns":3},{"damage":35,"enemies":"Hexaghost","floor":16,"turns":14}],"seed_played":"3721267951143486811","potions_obtained":[{"floor":1.0,"key":"SteroidPotion"}],"is_trial":false,"path_per_floor":["M","M","?","M","M","R","M","M","T","?","R","M","$","$","R","B"],"character_chosen":"THE_SILENT","items_purchased":["Heel Hook"],"campfire_rested":1,"item_purchase_floors":[13],"current_hp_per_floor":[55,55,55,55,26,26,20,19,19,19,37,34,34,34,34,0],"gold":46,"neow_bonus":"RANDOM_COLORLESS_2","is_prod":false,"is_daily":false,"chose_seed":false,"campfire_upgraded":2,"win_rate":0,"timestamp":1549217497,"path_taken":["M","M","?","M","M","R","?","M","T","?","R","M","?","$","R","BOSS"],"build_version":"2019-01-23","purchased_purges":0,"victory":false,"max_hp_per_floor":[60,60,60,60,60,60,60,60,60,60,60,60,60,60,60,60],"card_choices":[{"not_picked":["Deadly Poison","Backflip"],"picked":"PiercingWail","floor":1.0},{"not_picked":["Backflip","Prepared"],"picked":"Underhanded Strike","floor":2.0},{"not_picked":["Dagger Throw","Setup","Backflip"],"picked":"SKIP","floor":4},{"not_picked":["Slice","Dagger Spray"],"picked":"Dodge and Roll","floor":5},{"not_picked":["Adrenaline","Bouncing Flask"],"picked":"Predator","floor":7},{"not_picked":["Bane","Catalyst"],"picked":"Underhanded Strike","floor":8},{"not_picked":["Dagger Throw","Deadly Poison","Flying Knee"],"picked":"SKIP","floor":12}],"player_experience":747496,"relics_obtained":[{"floor":9,"key":"Ninja Scroll"}],"event_choices":[{"damage_healed":0.0,"max_hp_gain":0.0,"max_hp_loss":0.0,"gold_gain":0.0,"event_name":"Upgrade Shrine","player_choice":"Upgraded","floor":3.0,"gold_loss":0.0,"damage_taken":0.0,"cards_upgraded":["Survivor"]},{"damage_healed":0,"gold_gain":0,"player_choice":"Left Gold","damage_taken":0,"max_hp_gain":0,"max_hp_loss":0,"event_name":"World of Goop","floor":10,"gold_loss":73}],"is_beta":false,"boss_relics":[],"items_purged_floors":[],"is_endless":false,"potions_floor_spawned":[1],"killed_by":"Hexaghost","ascension_level":18}