{"gold_per_floor":[109,129,8,21,70,100,31,60,60,80,100,100,100,114,114,211,211,226,151,61,61,61],"floor_reached":22,"playtime":923,"items_purged":["Strike_G"],"score":243,"play_id":"99f23eda-2036-4550-8f3b-073c89bab74c","local_time":"20190223010728","is_ascension_mode":true,"campfire_choices":[{"data":"Footwork","floor":12.0,"key":"SMITH"},{"data":"Dodge and Roll","floor":15.0,"key":"SMITH"}],"neow_cost":"NONE","seed_source_timestamp":881214500090596,"circlet_count":0,"master_deck":["Defend_G","Defend_G","Defend_G","Defend_G","Defend_G","Strike_G","Survivor","Neutralize","Terror","Poisoned Stab","Dagger Spray","Dodge and Roll+1","Quick Slash","Footwork+1","Acrobatics","Sucker Punch","Phantasmal Killer","Leg Sweep","PiercingWail","Noxious Fumes","Blade Dance","Bouncing Flask","Finisher"],"special_seed":0,"relics":["Ring of the Snake","Meat on the Bone","Ancient Tea Set","Blue Candle","Eternal Feather"],"potions_floor_usage":[22],"damage_taken":[{"damage":5.0,"enemies":"Cultist","floor":1.0,"turns":5.0},{"damage":0.0,"enemies":"2 Louse","floor":2.0,"turns":2.0},{"damage":1.0,"enemies":"Small Slimes","floor":4.0,"turns":3.0},{"damage":21.0,"enemies":"Gremlin Nob","floor":6.0,"turns":4.0},{"damage":14.0,"enemies":"3 Sentries","floor":8.0,"turns":8.0},{"damage":0.0,"enemies":"Blue Slaver","floor":10.0,"turns":7.0},{"damage":9.0,"enemies":"3 Louse","floor":11.0,"turns":4.0},{"damage":0.0,"enemies":"Looter","floor":14.0,"turns":3.0},{"damage":18.0,"enemies":"Hexaghost","floor":16.0,"turns":12.0},{"damage":18,"enemies":"Shell Parasite","floor":18,"turns":7},{"damage":21,"enemies":"2 Thieves","floor":19,"turns":5},{"damage":44,"enemies":"3 Cultists","floor":22,"turns":5}],"seed_played":"8843821089598856354","potions_obtained":[{"floor":1.0,"key":"Fire Potion"},{"floor":4.0,"key":"LiquidBronze"},{"floor":10.0,"key":"Fruit Juice"},{"floor":16.0,"key":"Energy Potion"}],"is_trial":false,"path_per_floor":["M","M","$","M","T","E","$","E","T","M","M","R","?","M","R","B",null,"M","M","$","?","M"],"character_chosen":"THE_SILENT","items_purchased":["Dagger Spray","Footwork","Noxious Fumes","Blade Dance"],"campfire_rested":0,"item_purchase_floors":[3,7,20,20],"current_hp_per_floor":[72,72,72,71,71,50,50,48,48,53,44,44,44,44,44,38,71,53,44,44,44,0],"gold":61,"neow_bonus":"TEN_PERCENT_HP_BONUS","is_prod":false,"is_daily":false,"chose_seed":false,"campfire_upgraded":2,"win_rate":0,"timestamp":1550905648,"path_taken":["M","M","$","M","?","E","$","E","T","M","M","R","?","?","R","BOSS","M","M","$","?","M"],"build_version":"2019-01-23","purchased_purges":1,"victory":false,"max_hp_per_floor":[77,77,77,77,77,77,77,77,77,82,82,82,82,82,82,82,82,82,82,82,82,82],"card_choices":[{"not_picked":["Deflect","Eviscerate"],"picked":"Terror","floor":1.0},{"not_picked":["Expertise","Underhanded Strike"],"picked":"Poisoned Stab","floor":2.0},{"not_picked":["Masterful Stab","Deadly Poison"],"picked":"Dodge and Roll","floor":4.0},{"not_picked":["Bane","Outmaneuver"],"picked":"Quick Slash","floor":6.0},{"not_picked":["Flying Knee","Prepared"],"picked":"Acrobatics","floor":8.0},{"not_picked":["Bouncing Flask","Flying Knee"],"picked":"Sucker Punch","floor":10.0},{"not_picked":["Catalyst","Finisher","Underhanded Strike"],"picked":"SKIP","floor":11.0},{"not_picked":["Underhanded Strike","Masterful Stab","Doppelganger"],"picked":"SKIP","floor":14.0},{"not_picked":["Burst","Doppelganger"],"picked":"Phantasmal Killer","floor":16.0},{"not_picked":["Deflect","Flechettes"],"picked":"Leg Sweep","floor":18},{"not_picked":["Dash+1","Flying Knee"],"picked":"PiercingWail","floor":19}],"player_experience":207301,"relics_obtained":[{"floor":6.0,"key":"Meat on the Bone"},{"floor":8.0,"key":"Ancient Tea Set"},{"floor":9.0,"key":"Blue Candle"}],"event_choices":[{"cards_removed":["Strike_G"],"damage_healed":0.0,"max_hp_gain":0.0,"max_hp_loss":0.0,"gold_gain":0.0,"event_name":"Purifier","player_choice":"Purged","floor":13.0,"gold_loss":0.0,"damage_taken":0.0},{"damage_healed":0,"gold_gain":0,"cards_transformed":["Strike_G","Strike_G"],"player_choice":"Became Test Subject","damage_taken":0,"max_hp_gain":0,"max_hp_loss":0,"event_name":"Drug Dealer","floor":21,"gold_loss":0,"cards_obtained":["Bouncing Flask","Finisher"]}],"is_beta":false,"boss_relics":[{"not_picked":["Coffee Dripper","Ectoplasm"],"picked":"Eternal Feather"}],"items_purged_floors":[3],"is_endless":false,"potions_floor_spawned":[1,4,10,16],"killed_by":"3 Cultists","ascension_level":5}