{"gold_per_floor":[119,137,152,252,264,294,265,299,299,299,316,491,260,292,292,292],"floor_reached":16,"playtime":832,"items_purged":["Doubt"],"score":165,"play_id":"ab38f269-5ee8-4281-a15e-3390e11e7754","local_time":"20190217233958","is_ascension_mode":true,"campfire_choices":[{"data":"Shockwave","floor":10.0,"key":"SMITH"},{"data":"Metallicize","floor":15.0,"key":"SMITH"}],"neow_cost":"NONE","seed_source_timestamp":443924871436573,"circlet_count":0,"master_deck":["Strike_R","Strike_R","Strike_R","Strike_R","Strike_R","Defend_R","Defend_R","Defend_R","Defend_R","Bash","Shockwave+1","True Grit","Shrug It Off","Flex","Reaper","Dropkick","Double Tap","Seeing Red","Metallicize+1","Dark Shackles","Disarm"],"special_seed":0,"relics":["Burning Blood","Bottled Lightning","Letter Opener","Bottled Flame","Ornamental Fan"],"potions_floor_usage":[16],"damage_taken":[{"damage":6.0,"enemies":"Cultist","floor":1.0,"turns":3.0},{"damage":5.0,"enemies":"Small Slimes","floor":2.0,"turns":5.0},{"damage":3.0,"enemies":"2 Louse","floor":3.0,"turns":4.0},{"damage":11.0,"enemies":"Exordium Wildlife","floor":5.0,"turns":5.0},{"damage":35.0,"enemies":"Gremlin Nob","floor":6.0,"turns":5.0},{"damage":15.0,"enemies":"Exordium Thugs","floor":7.0,"turns":5.0},{"damage":37.0,"enemies":"3 Sentries","floor":8.0,"turns":10.0},{"damage":4.0,"enemies":"Blue Slaver","floor":11.0,"turns":4.0},{"damage":27.0,"enemies":"Lagavulin","floor":14.0,"turns":11.0},{"damage":48,"enemies":"Slime Boss","floor":16,"turns":13}],"seed_played":"-2099999063314007785","potions_obtained":[{"floor":3.0,"key":"Poison Potion"},{"floor":6.0,"key":"SpeedPotion"},{"floor":14.0,"key":"Regen Potion"}],"is_trial":false,"path_per_floor":["M","M","M","?","M","E","M","E","T","R","M","?","$","E","R","B"],"character_chosen":"IRONCLAD","items_purchased":["Metallicize","Dark Shackles"],"campfire_rested":0,"item_purchase_floors":[13,13],"current_hp_per_floor":[80,81,84,84,79,50,59,41,41,41,47,47,47,30,30,9],"gold":292,"neow_bonus":"TEN_PERCENT_HP_BONUS","is_prod":false,"is_daily":false,"chose_seed":false,"campfire_upgraded":2,"win_rate":0,"timestamp":1550468398,"path_taken":["M","?","M","?","M","E","M","E","T","R","?","?","$","E","R","BOSS"],"build_version":"2019-01-23","purchased_purges":1,"victory":false,"max_hp_per_floor":[88,88,88,88,88,88,88,88,88,88,88,88,88,88,88,88],"card_choices":[{"not_picked":["Sword Boomerang","Perfected Strike"],"picked":"Shockwave","floor":1.0},{"not_picked":["Armaments","Flex"],"picked":"True Grit","floor":2.0},{"not_picked":["Sword Boomerang","Anger"],"picked":"Shrug It Off","floor":3.0},{"not_picked":["Heavy Blade","Seeing Red"],"picked":"Flex","floor":5.0},{"not_picked":["Cleave","Searing Blow"],"picked":"Reaper","floor":6.0},{"not_picked":["Entrench","Rupture"],"picked":"Dropkick","floor":7.0},{"not_picked":["Armaments","Warcry"],"picked":"Double Tap","floor":8.0},{"not_picked":["Twin Strike","Wild Strike"],"picked":"Seeing Red","floor":11.0},{"not_picked":["Pommel Strike","Body Slam"],"picked":"Disarm","floor":14.0}],"player_experience":189942,"relics_obtained":[{"floor":6.0,"key":"Bottled Lightning"},{"floor":8.0,"key":"Letter Opener"},{"floor":9.0,"key":"Bottled Flame"},{"floor":14.0,"key":"Ornamental Fan"}],"event_choices":[{"damage_healed":0.0,"max_hp_gain":0.0,"max_hp_loss":0.0,"gold_gain":100.0,"event_name":"Golden Shrine","player_choice":"Pray","floor":4.0,"gold_loss":0.0,"damage_taken":0.0},{"damage_healed":0.0,"max_hp_gain":0.0,"max_hp_loss":0.0,"gold_gain":175.0,"event_name":"Liars Game","player_choice":"AGREE","floor":12.0,"gold_loss":0.0,"damage_taken":0.0,"cards_obtained":["Doubt"]}],"is_beta":false,"boss_relics":[],"items_purged_floors":[13],"is_endless":false,"potions_floor_spawned":[3,6,14],"killed_by":"Slime Boss","ascension_level":7}