{"gold_per_floor":[17,117,137,137,212,238,238,267,297,297,297,327,343,370,370,444,444,455,94,106,116,129,129,148,148,219,245,261,275,308,320,320,394,394,409,460,460,460,460,460,460],"floor_reached":41,"playtime":4720,"items_purged":["Defend_R"],"score":813,"play_id":"7e5a2d41-9843-4c17-afc3-6c5f5d359c35","local_time":"20181023193233","is_ascension_mode":true,"campfire_choices":[{"floor":7.0,"key":"REST"},{"data":"1","floor":10.0,"key":"LIFT"},{"data":"Demon Form","floor":15.0,"key":"SMITH"},{"floor":23,"key":"REST"},{"floor":25,"key":"REST"},{"data":"2","floor":32,"key":"LIFT"},{"data":"3","floor":40,"key":"LIFT"}],"neow_cost":"NO_GOLD","seed_source_timestamp":0,"circlet_count":0,"master_deck":["Strike_R","Strike_R+1","Strike_R","Defend_R","AscendersBane","Demon Form+1","Whirlwind","Battle Trance+1","Shrug It Off+1","Feed+1","Berserk","Twin Strike","Feed","Ghostly Armor","Evolve","Blood for Blood","Reaper","Rage","Bandage Up","Forethought","Dramatic Entrance"],"special_seed":0,"relics":["Burning Blood","Matryoshka","Ginger","Tiny Chest","Girya","War Paint","Whetstone","Orichalcum","Sozu","Thread and Needle","Self Forming Clay","Unceasing Top","Omamori","Cursed Key","Peace Pipe","Letter Opener"],"potions_floor_usage":[],"damage_taken":[{"damage":6.0,"enemies":"Cultist","floor":1.0,"turns":4.0},{"damage":8.0,"enemies":"Small Slimes","floor":3.0,"turns":3.0},{"damage":23.0,"enemies":"3 Sentries","floor":6.0,"turns":6.0},{"damage":9.0,"enemies":"Lagavulin","floor":8.0,"turns":7.0},{"damage":22.0,"enemies":"3 Sentries","floor":12.0,"turns":5.0},{"damage":0.0,"enemies":"2 Louse","floor":13.0,"turns":3.0},{"damage":31.0,"enemies":"Hexaghost","floor":16.0,"turns":11.0},{"damage":13.0,"enemies":"2 Thieves","floor":18.0,"turns":5.0},{"damage":13,"enemies":"Shell Parasite","floor":20,"turns":4},{"damage":7,"enemies":"Centurion and Healer","floor":21,"turns":5},{"damage":53,"enemies":"Snake Plant","floor":22,"turns":4},{"damage":13,"enemies":"Chosen and Byrds","floor":24,"turns":5},{"damage":35,"enemies":"Gremlin Leader","floor":27,"turns":6},{"damage":8,"enemies":"Centurion and Healer","floor":28,"turns":6},{"damage":0,"enemies":"Cultist and Chosen","floor":29,"turns":4},{"damage":10,"enemies":"Book of Stabbing","floor":30,"turns":6},{"damage":9,"enemies":"Snecko","floor":31,"turns":5},{"damage":53,"enemies":"Automaton","floor":33,"turns":7},{"damage":11,"enemies":"Orb Walker","floor":35,"turns":4},{"damage":72,"enemies":"2 Orb Walkers","floor":36,"turns":6},{"damage":64,"enemies":"Nemesis","floor":41,"turns":6}],"seed_played":"3125105346611305446","potions_obtained":[{"floor":1.0,"key":"Block Potion"},{"floor":16.0,"key":"Poison Potion"}],"is_trial":false,"path_per_floor":["M","?","M","?","?","E","R","E","T","R","?","E","M","T","R","B",null,"M","$","M","M","M","R","M","R","T","E","M","M","E","M","R","B",null,"M","?","?","?","T","R"],"character_chosen":"IRONCLAD","items_purchased":["Thread and Needle"],"campfire_rested":3,"item_purchase_floors":[19],"current_hp_per_floor":[68,68,66,59,48,31,53,50,50,50,50,34,43,43,43,18,63,60,60,57,60,17,45,45,75,75,50,55,68,68,69,69,22,101,106,68,58,58,58,58,0],"gold":460,"neow_bonus":"TRANSFORM_TWO_CARDS","is_prod":false,"is_daily":false,"chose_seed":false,"campfire_upgraded":1,"win_rate":0,"timestamp":1540315953,"path_taken":["M","?","M","?","?","E","R","E","T","R","?","E","?","?","R","BOSS","M","$","M","M","M","R","?","R","T","E","?","M","E","M","R","BOSS","M","?","?","?","?","R","E"],"build_version":"2018-10-18","purchased_purges":1,"victory":false,"max_hp_per_floor":[75,75,75,75,75,75,75,75,75,75,75,75,78,78,78,78,78,82,82,86,90,94,94,101,101,101,105,112,119,123,127,127,127,127,131,135,135,135,135,135,135],"card_choices":[{"not_picked":["Whirlwind","Heavy Blade"],"picked":"Battle Trance","floor":1.0},{"not_picked":["Spot Weakness","Infernal Blade","Body Slam"],"picked":"SKIP","floor":3.0},{"not_picked":["Clothesline","Armaments"],"picked":"Shrug It Off","floor":6.0},{"not_picked":["Immolate","Infernal Blade","Corruption"],"picked":"SKIP","floor":8.0},{"not_picked":["Anger","True Grit"],"picked":"Feed","floor":12.0},{"not_picked":["Iron Wave","Perfected Strike","Wild Strike"],"picked":"SKIP","floor":13.0},{"not_picked":["Dark Embrace","Brutality"],"picked":"Berserk","floor":16.0},{"not_picked":["Rampage","True Grit"],"picked":"Twin Strike","floor":18.0},{"not_picked":["Twin Strike","Iron Wave","Flex"],"picked":"SKIP","floor":20},{"not_picked":["Whirlwind","Evolve"],"picked":"Feed","floor":21},{"not_picked":["Fire Breathing+1","Pommel Strike"],"picked":"Ghostly Armor","floor":22},{"not_picked":["Dual Wield","Spot Weakness","Armaments"],"picked":"SKIP","floor":24},{"not_picked":["Corruption","Entrench"],"picked":"Evolve","floor":27},{"not_picked":["Headbutt","Inflame","Dual Wield"],"picked":"SKIP","floor":28},{"not_picked":["Dropkick","Wild Strike","Pommel Strike"],"picked":"SKIP","floor":29},{"not_picked":["Armaments","Immolate","Corruption"],"picked":"SKIP","floor":30},{"not_picked":["Power Through","Cleave"],"picked":"Blood for Blood","floor":31},{"not_picked":["Double Tap","Brutality"],"picked":"Reaper","floor":33},{"not_picked":["Havoc","Thunderclap"],"picked":"Rage","floor":35},{"not_picked":["The Bomb","Sadistic Nature"],"picked":"Bandage Up","floor":37},{"not_picked":["Panache","Panacea"],"picked":"Forethought","floor":37},{"not_picked":["Finesse","PanicButton"],"picked":"Dramatic Entrance","floor":37}],"player_experience":483294,"relics_obtained":[{"floor":6.0,"key":"Matryoshka"},{"floor":8.0,"key":"Ginger"},{"floor":9.0,"key":"Tiny Chest"},{"floor":9.0,"key":"Girya"},{"floor":12.0,"key":"War Paint"},{"floor":14.0,"key":"Whetstone"},{"floor":14.0,"key":"Orichalcum"},{"floor":26,"key":"Self Forming Clay"},{"floor":27,"key":"Unceasing Top"},{"floor":30,"key":"Omamori"},{"floor":36,"key":"Peace Pipe"},{"floor":39,"key":"Letter Opener"}],"event_choices":[{"event_name":"Golden Shrine","player_choice":"Pray","floor":2.0,"damage_taken":0.0},{"event_name":"Golden Wing","player_choice":"Card Removal","floor":4.0,"damage_taken":0.0},{"event_name":"World of Goop","player_choice":"Gather Gold","floor":5.0,"damage_taken":0.0},{"event_name":"Purifier","player_choice":"One Purge","floor":11.0,"damage_taken":0.0},{"damage_healed":0,"gold_gain":0,"player_choice":"Fight","damage_taken":0,"max_hp_gain":0,"max_hp_loss":0,"event_name":"Mysterious Sphere","floor":36,"gold_loss":0},{"damage_healed":0,"gold_gain":0,"player_choice":"Memory 3","damage_taken":10,"max_hp_gain":0,"max_hp_loss":0,"event_name":"SensoryStone","floor":37,"gold_loss":0},{"cards_removed":["Defend_R"],"damage_healed":0,"gold_gain":0,"player_choice":"Removed Skill","damage_taken":0,"max_hp_gain":0,"max_hp_loss":0,"event_name":"Falling","floor":38,"gold_loss":0}],"is_beta":false,"boss_relics":[{"not_picked":["Runic Cube","Pandora\u0027s Box"],"picked":"Sozu"},{"not_picked":["Tiny House","Astrolabe"],"picked":"Cursed Key"}],"items_purged_floors":[19],"is_endless":false,"potions_floor_spawned":[1,16,18,24,27,28,29,33],"killed_by":"Nemesis","ascension_level":14}