{"gold_per_floor":[117,129,22,35,52,52,62,62,141,158,188,201,201,276,276,404,404,423,444,24,49,174,174,174,190,213,236,236,236,13,31,31,31],"floor_reached":33,"playtime":2103,"items_purged":["Writhe","Injury"],"score":251,"play_id":"d4cb2cb2-3fb3-4907-928f-7813fea8fdfd","local_time":"20190117125141","is_ascension_mode":false,"campfire_choices":[{"data":"Jack Of All Trades","floor":6,"key":"SMITH"},{"data":"Mind Blast","floor":8,"key":"SMITH"},{"floor":15,"key":"REST"},{"floor":23,"key":"REST"},{"data":"Infinite Blades","floor":24,"key":"SMITH"},{"floor":32,"key":"REST"}],"neow_cost":"CURSE","seed_source_timestamp":57544783899431,"circlet_count":0,"master_deck":["Defend_G","Defend_G","Defend_G","Defend_G","Defend_G","Strike_G","Strike_G","Strike_G","Strike_G","Strike_G","Survivor","Neutralize","Jack Of All Trades+1","Mind Blast+1","PiercingWail","Accuracy","Trip","Poisoned Stab","Backstab","Noxious Fumes","Slice","Deflect","Poisoned Stab","Infinite Blades+1","Corpse Explosion","Tactician","Backstab","Terror","Cloak And Dagger","Distraction","Escape Plan","Blur+1"],"relics":["Ring of the Snake","Bottled Tornado","Dead Branch","Golden Idol","Black Star","Pen Nib","OrangePellets","WingedGreaves","Mummified Hand","Potion Belt"],"potions_floor_usage":[16,16,18,19,21,22,31,33,33],"damage_taken":[{"damage":1,"enemies":"2 Louse","floor":1,"turns":6},{"damage":0,"enemies":"Small Slimes","floor":2,"turns":4},{"damage":1,"enemies":"Jaw Worm","floor":4,"turns":3},{"damage":0,"enemies":"Looter","floor":5,"turns":4},{"damage":3,"enemies":"Gremlin Gang","floor":7,"turns":5},{"damage":6,"enemies":"Blue Slaver","floor":10,"turns":3},{"damage":9,"enemies":"Lagavulin","floor":11,"turns":6},{"damage":0,"enemies":"3 Louse","floor":12,"turns":3},{"damage":6,"enemies":"Hexaghost","floor":16,"turns":9},{"damage":14,"enemies":"Spheric Guardian","floor":18,"turns":4},{"damage":0,"enemies":"Shell Parasite","floor":19,"turns":1},{"damage":26,"enemies":"Shelled Parasite and Fungi","floor":21,"turns":4},{"damage":9,"enemies":"Colosseum Slavers","floor":22,"turns":3},{"damage":0,"enemies":"Colosseum Nobs","floor":22,"turns":2},{"damage":0,"enemies":"Sentry and Sphere","floor":25,"turns":3},{"damage":8,"enemies":"Cultist and Chosen","floor":27,"turns":5},{"damage":9,"enemies":"Snake Plant","floor":31,"turns":2},{"damage":87,"enemies":"Collector","floor":33,"turns":6}],"seed_played":"3808806934291044483","potions_obtained":[{"floor":4,"key":"Explosive Potion"},{"floor":5,"key":"AttackPotion"},{"floor":7,"key":"Block Potion"},{"floor":16,"key":"Explosive Potion"},{"floor":19,"key":"AttackPotion"},{"floor":21,"key":"LiquidBronze"},{"floor":31,"key":"Poison Potion"}],"is_trial":false,"path_per_floor":["M","M","$","M","M","R","M","R","T","M","E","M","?","?","R","B",null,"M","M","$","M","?","R","R","M","T","M","?","?","$","M","R","B"],"character_chosen":"THE_SILENT","items_purchased":["Trip","Poisoned Stab","Pen Nib","OrangePellets","SkillPotion","EssenceOfSteel"],"campfire_rested":3,"item_purchase_floors":[3,3,20,20,30,30],"current_hp_per_floor":[69,69,69,68,68,68,65,65,65,59,50,50,50,39,60,54,70,56,56,56,30,21,42,42,42,42,34,57,57,57,48,69,0],"gold":31,"neow_bonus":"RANDOM_COLORLESS_2","is_prod":false,"is_daily":false,"chose_seed":false,"campfire_upgraded":3,"win_rate":0,"timestamp":1547747501,"path_taken":["M","M","$","M","M","R","M","R","T","M","E","M","?","?","R","BOSS","M","M","$","M","?","R","R","M","T","M","?","?","$","M","R","BOSS"],"build_version":"2019-01-10","purchased_purges":2,"victory":false,"max_hp_per_floor":[70,70,70,70,70,70,70,70,70,70,70,70,70,70,70,70,70,70,70,70,70,70,70,70,70,70,70,70,70,70,70,70,70],"card_choices":[{"not_picked":["Poisoned Stab","Reflex"],"picked":"PiercingWail","floor":1},{"not_picked":["Choke","Dagger Spray"],"picked":"Accuracy","floor":2},{"not_picked":["Tactician","Outmaneuver"],"picked":"Backstab","floor":4},{"not_picked":["Escape Plan","Skewer"],"picked":"Noxious Fumes","floor":5},{"not_picked":["Poisoned Stab","Flying Knee"],"picked":"Slice","floor":7},{"not_picked":["Catalyst","Flying Knee"],"picked":"Deflect","floor":10},{"not_picked":["Deflect","Quick Slash"],"picked":"Poisoned Stab","floor":11},{"not_picked":["Flying Knee","Dagger Spray"],"picked":"Infinite Blades","floor":12},{"not_picked":["Tools of the Trade","Glass Knife"],"picked":"Corpse Explosion","floor":16},{"not_picked":["Quick Slash","Underhanded Strike"],"picked":"Tactician","floor":18},{"not_picked":["Eviscerate","Slice"],"picked":"Backstab","floor":19},{"not_picked":["Bane","Flying Knee"],"picked":"Terror","floor":21},{"not_picked":["Deadly Poison+1","Deflect"],"picked":"Cloak And Dagger","floor":22},{"not_picked":["Flying Knee","Dodge and Roll"],"picked":"Distraction","floor":25},{"not_picked":["Caltrops","Reflex"],"picked":"Escape Plan","floor":27},{"not_picked":["Quick Slash","Acrobatics"],"picked":"Blur+1","floor":31}],"player_experience":92856,"relics_obtained":[{"floor":9,"key":"Bottled Tornado"},{"floor":11,"key":"Dead Branch"},{"floor":22,"key":"WingedGreaves"},{"floor":22,"key":"Mummified Hand"},{"floor":26,"key":"Potion Belt"}],"event_choices":[{"damage_healed":0,"gold_gain":0,"player_choice":"Take Wound","damage_taken":0,"relics_obtained":["Golden Idol"],"max_hp_gain":0,"max_hp_loss":0,"event_name":"Golden Idol","floor":13,"gold_loss":0,"cards_obtained":["Injury"]},{"damage_healed":0,"gold_gain":75,"player_choice":"Gather Gold","damage_taken":11,"max_hp_gain":0,"max_hp_loss":0,"event_name":"World of Goop","floor":14,"gold_loss":0},{"damage_healed":0,"gold_gain":0,"player_choice":"Fight","damage_taken":0,"max_hp_gain":0,"max_hp_loss":0,"event_name":"Colosseum","floor":22,"gold_loss":0},{"damage_healed":0,"gold_gain":0,"player_choice":"Fought Nobs","damage_taken":0,"max_hp_gain":0,"max_hp_loss":0,"event_name":"Colosseum","floor":22,"gold_loss":0},{"damage_healed":23,"gold_gain":0,"player_choice":"Heal","damage_taken":0,"max_hp_gain":0,"max_hp_loss":0,"event_name":"The Library","floor":28,"gold_loss":0},{"damage_healed":0,"gold_gain":0,"player_choice":"Ignored","damage_taken":0,"max_hp_gain":0,"max_hp_loss":0,"event_name":"NoteForYourself","floor":29,"gold_loss":0}],"is_beta":false,"boss_relics":[{"not_picked":["Pandora\u0027s Box","Philosopher\u0027s Stone"],"picked":"Black Star"}],"items_purged_floors":[20,30],"is_endless":false,"potions_floor_spawned":[4,5,7,11,16,19,21,31],"killed_by":"Collector","ascension_level":0}