{"gold_per_floor":[117,67,67,67,79,111,124,159,159,159,159,169,46,58,58,156,156,169,169,179,191,191],"floor_reached":22,"playtime":1421,"items_purged":["Strike_R"],"score":245,"play_id":"e619a216-acd3-4bba-922a-338135646758","local_time":"20180725161903","is_ascension_mode":true,"campfire_choices":[{"floor":11,"key":"REST"},{"data":"Searing Blow","floor":15,"key":"SMITH"}],"neow_cost":"NONE","seed_source_timestamp":99211867471556,"circlet_count":0,"master_deck":["Strike_R+1","Defend_R","Defend_R","Defend_R","Defend_R","Bash+1","Pommel Strike","Rage","Rage","Searing Blow+1","Shrug It Off","Dropkick","Double Tap","Rage+1"],"relics":["Black Blood","Bottled Lightning","Singing Bowl","Shuriken"],"potions_floor_usage":[8,14],"damage_taken":[{"damage":7,"enemies":"Jaw Worm","floor":1,"turns":3},{"damage":0,"enemies":"2 Louse","floor":5,"turns":3},{"damage":53,"enemies":"Lagavulin","floor":6,"turns":7},{"damage":5,"enemies":"Small Slimes","floor":7,"turns":5},{"damage":20,"enemies":"Gremlin Nob","floor":8,"turns":4},{"damage":0,"enemies":"2 Fungi Beasts","floor":12,"turns":4},{"damage":0,"enemies":"Large Slime","floor":14,"turns":6},{"damage":28,"enemies":"The Guardian","floor":16,"turns":15},{"damage":18,"enemies":"Spheric Guardian","floor":18,"turns":5},{"damage":3,"enemies":"Chosen","floor":20,"turns":5},{"damage":49,"enemies":"Snake Plant","floor":21,"turns":6},{"damage":48,"enemies":"Snecko","floor":22,"turns":5}],"seed_played":"-6850232324565983603","potions_obtained":[{"floor":1,"key":"AttackPotion"},{"floor":6,"key":"SkillPotion"},{"floor":18,"key":"SpeedPotion"}],"is_trial":false,"path_per_floor":["M","?","?","$","M","E","M","E","T","?","R","M","$","M","R","B",null,"M","?","M","M"],"character_chosen":"IRONCLAD","items_purchased":["Shrug It Off"],"campfire_rested":1,"item_purchase_floors":[13],"current_hp_per_floor":[79,79,79,79,80,33,34,22,22,6,30,38,38,44,44,22,69,63,63,72,33,0],"gold":191,"neow_bonus":"TRANSFORM_CARD","is_prod":false,"is_daily":false,"chose_seed":false,"campfire_upgraded":1,"win_rate":0,"timestamp":1532528343,"path_taken":["M","?","?","?","M","E","M","E","T","?","R","M","$","M","R","BOSS","M","?","M","M","M"],"build_version":"2018-07-19v2","purchased_purges":1,"victory":false,"max_hp_per_floor":[80,80,80,80,80,80,80,82,82,82,82,84,84,84,84,84,84,86,86,88,88,88],"card_choices":[{"not_picked":["Blood for Blood","Infernal Blade"],"picked":"Rage","floor":1},{"not_picked":["Clothesline","Spot Weakness"],"picked":"Rage","floor":5},{"not_picked":["Clothesline","Whirlwind"],"picked":"Searing Blow","floor":6},{"not_picked":["Twin Strike","Combust","Heavy Blade"],"picked":"SKIP","floor":7},{"not_picked":["Heavy Blade","Body Slam","Twin Strike"],"picked":"Singing Bowl","floor":8},{"not_picked":["Rampage","Thunderclap","Iron Wave"],"picked":"Singing Bowl","floor":12},{"not_picked":["Sword Boomerang","Havoc"],"picked":"Dropkick","floor":14},{"not_picked":["Reaper","Feed"],"picked":"Double Tap","floor":16},{"not_picked":["Sword Boomerang+1","Blood for Blood","Clothesline"],"picked":"Singing Bowl","floor":18},{"not_picked":["Flex+1","Clothesline","Clash"],"picked":"Singing Bowl","floor":20},{"not_picked":["Carnage","Sentinel"],"picked":"Rage+1","floor":21}],"player_experience":212793,"relics_obtained":[{"floor":6,"key":"Bottled Lightning"},{"floor":8,"key":"Singing Bowl"},{"floor":9,"key":"Shuriken"}],"event_choices":[{"event_name":"The Cleric","player_choice":"Card Removal","floor":2,"damage_taken":0},{"event_name":"Liars Game","player_choice":"disagreed","floor":3,"damage_taken":0},{"event_name":"Shining Light","player_choice":"Entered Light","floor":10,"damage_taken":0},{"event_name":"Back to Basics","player_choice":"Elegance","floor":19,"damage_taken":0}],"is_beta":false,"boss_relics":[{"not_picked":["Pandora\u0027s Box","Coffee Dripper"],"picked":"Black Blood"}],"items_purged_floors":[13],"is_endless":false,"potions_floor_spawned":[1,6,18],"killed_by":"Snecko","ascension_level":5}