{"gold_per_floor":[114,131,131,141,91,123,123,142,142,158,158,174,174,184,184,288,288,276,289,59,71],"floor_reached":21,"playtime":1226,"items_purged":[],"score":284,"play_id":"e44a8462-23da-4785-9f10-2573af591bce","local_time":"20180905233244","is_ascension_mode":true,"campfire_choices":[{"floor":7,"key":"REST"},{"data":"Scrape","floor":11,"key":"SMITH"},{"data":"Zap","floor":13,"key":"SMITH"},{"data":"Dualcast","floor":15,"key":"SMITH"}],"neow_cost":"","seed_source_timestamp":0,"circlet_count":0,"master_deck":["Strike_B","Defend_B","Defend_B","Defend_B","Defend_B","Zap+1","Dualcast+1","AscendersBane","Scrape+1","Gash","Reprogram","Gash","Reprogram","Leap","Core Surge","Self Repair","Conserve Battery+1","Scrape"],"special_seed":0,"relics":["Cracked Core","Pantograph","Pear","Empty Cage","MawBank"],"potions_floor_usage":[12,14,16,18],"damage_taken":[{"damage":1,"enemies":"Cultist","floor":1,"turns":3},{"damage":5,"enemies":"Small Slimes","floor":2,"turns":3},{"damage":0,"enemies":"2 Louse","floor":4,"turns":2},{"damage":26,"enemies":"Gremlin Nob","floor":6,"turns":4},{"damage":0,"enemies":"Large Slime","floor":8,"turns":5},{"damage":17,"enemies":"Looter","floor":10,"turns":3},{"damage":7,"enemies":"3 Louse","floor":12,"turns":3},{"damage":11,"enemies":"Lots of Slimes","floor":14,"turns":3},{"damage":32,"enemies":"The Guardian","floor":16,"turns":10},{"damage":13,"enemies":"2 Thieves","floor":18,"turns":4},{"damage":25,"enemies":"Shell Parasite","floor":19,"turns":5},{"damage":41,"enemies":"3 Cultists","floor":21,"turns":4}],"seed_played":"-1391976890132593186","potions_obtained":[{"floor":2,"key":"Swift Potion"},{"floor":10,"key":"Dexterity Potion"},{"floor":12,"key":"LiquidBronze"},{"floor":14,"key":"GamblersBrew"},{"floor":16,"key":"Block Potion"},{"floor":19,"key":"FearPotion"}],"is_trial":false,"path_per_floor":["M","M","?","M","?","E","R","M","T","M","R","M","R","M","R","B",null,"M","M","$"],"character_chosen":"DEFECT","items_purchased":["Scrape","MawBank"],"campfire_rested":1,"item_purchase_floors":[20,20],"current_hp_per_floor":[67,62,55,55,55,29,51,51,61,44,44,37,37,26,26,19,69,56,38,38,0],"gold":71,"neow_bonus":"","is_prod":false,"is_daily":false,"chose_seed":false,"campfire_upgraded":3,"win_rate":0,"timestamp":1536183164,"path_taken":["M","?","?","M","?","E","R","M","T","M","R","?","R","M","R","BOSS","M","M","$","M"],"build_version":"2018-08-30","purchased_purges":0,"victory":false,"max_hp_per_floor":[75,75,75,75,75,75,75,75,85,85,85,85,85,85,85,85,85,85,85,85,85],"card_choices":[{"not_picked":["Hologram","Compile Driver"],"picked":"Scrape","floor":1},{"not_picked":["Hello World","Conserve Battery","Aggregate"],"picked":"SKIP","floor":2},{"not_picked":["Cold Snap","Redo"],"picked":"Gash","floor":4},{"not_picked":["Stack","Heatsinks","Rainbow"],"picked":"SKIP","floor":6},{"not_picked":["Leap","Hologram"],"picked":"Reprogram","floor":8},{"not_picked":["Steam","Sweeping Beam"],"picked":"Gash","floor":10},{"not_picked":["Amplify","Ball Lightning"],"picked":"Reprogram","floor":12},{"not_picked":["Darkness","Conserve Battery"],"picked":"Leap","floor":14},{"not_picked":["Creative AI","Biased Cognition"],"picked":"Core Surge","floor":16},{"not_picked":["Compile Driver","Doom and Gloom+1"],"picked":"Self Repair","floor":18},{"not_picked":["Rebound+1","Barrage"],"picked":"Conserve Battery+1","floor":19}],"player_experience":376471,"relics_obtained":[{"floor":6,"key":"Pantograph"},{"floor":9,"key":"Pear"}],"event_choices":[{"event_name":"Wheel of Change","player_choice":"Damage","floor":3,"damage_taken":0},{"event_name":"The Cleric","player_choice":"Card Removal","floor":5,"damage_taken":0}],"is_beta":false,"boss_relics":[{"not_picked":["Eternal Feather","Fusion Hammer"],"picked":"Empty Cage"}],"items_purged_floors":[],"is_endless":false,"potions_floor_spawned":[2,10,12,14,16,19],"killed_by":"3 Cultists","ascension_level":11}