{"gold_per_floor":[110,80,94,112,112,112,112,124,124,140,140,171,190,219,219,315,315,326,199,199,199,212,244,244,274,304,316,349,19,45,57,57,154,154,171,171,188,198,217,246,256,281,281,293,336,348,360,36,36,36,36,36,36,66,66],"floor_reached":56,"playtime":3899,"items_purged":["Beam Cell","Undo"],"score":1378,"play_id":"f452c8fc-c0ec-434c-ac1c-673e9375dd59","local_time":"20190107013630","is_ascension_mode":true,"campfire_choices":[{"data":"Defragment","floor":6,"key":"SMITH"},{"data":"Coolheaded","floor":11,"key":"SMITH"},{"data":"Conserve Battery","floor":15,"key":"SMITH"},{"data":"Echo Form","floor":24,"key":"SMITH"},{"data":"Go for the Eyes","floor":32,"key":"SMITH"},{"data":"Fission","floor":44,"key":"SMITH"},{"data":"Amplify","floor":47,"key":"SMITH"},{"floor":49,"key":"RECALL"},{"data":"Glacier","floor":52,"key":"SMITH"}],"neow_cost":"NONE","seed_source_timestamp":651079538330874,"circlet_count":0,"master_deck":["Strike_B+1","Strike_B+1","Defend_B+1","Zap","Dualcast","Defragment+1","Coolheaded+1","Stack","Conserve Battery+1","Genetic Algorithm","Echo Form+1","Self Repair","Electrodynamics","Gash+1","Storm+1","Machine Learning+1","Gash","Leap","Compile Driver+1","FTL+1","Fission+1","Gash+1","Fusion","Go for the Eyes+1","Loop+1","Turbo","Amplify+1","Reinforced Body+1","Defragment+1","Turbo+1","Cold Snap+1","Rebound+1","Redo+1","Conserve Battery+1","Buffer+1","Defragment+1","Finesse","Glacier+1","Compile Driver+1"],"relics":["Cracked Core","Matryoshka","Mummified Hand","Ornamental Fan","Astrolabe","MutagenicStrength","Bottled Tornado","Regal Pillow","Tiny Chest","Frozen Egg 2","Lee\u0027s Waffle","Strawberry","Runic Pyramid","Happy Flower","StoneCalendar","Whetstone","MawBank","Bird Faced Urn","NlothsMask","Ice Cream"],"potions_floor_usage":[14,16,16,50,55],"damage_taken":[{"damage":3,"enemies":"Jaw Worm","floor":1,"turns":3},{"damage":0,"enemies":"Cultist","floor":3,"turns":3},{"damage":0,"enemies":"2 Louse","floor":4,"turns":3},{"damage":5,"enemies":"Looter","floor":8,"turns":4},{"damage":5,"enemies":"Lots of Slimes","floor":10,"turns":7},{"damage":4,"enemies":"Lagavulin","floor":12,"turns":8},{"damage":6,"enemies":"Exordium Thugs","floor":13,"turns":5},{"damage":25,"enemies":"3 Sentries","floor":14,"turns":6},{"damage":30,"enemies":"Slime Boss","floor":16,"turns":15},{"damage":0,"enemies":"3 Byrds","floor":18,"turns":2},{"damage":0,"enemies":"Chosen","floor":22,"turns":4},{"damage":3,"enemies":"Book of Stabbing","floor":23,"turns":7},{"damage":18,"enemies":"Slavers","floor":25,"turns":3},{"damage":8,"enemies":"Centurion and Healer","floor":27,"turns":2},{"damage":9,"enemies":"Gremlin Leader","floor":28,"turns":4},{"damage":16,"enemies":"Book of Stabbing","floor":30,"turns":4},{"damage":14,"enemies":"3 Cultists","floor":31,"turns":4},{"damage":38,"enemies":"Champ","floor":33,"turns":10},{"damage":31,"enemies":"3 Darklings","floor":35,"turns":3},{"damage":1,"enemies":"Orb Walker","floor":37,"turns":3},{"damage":12,"enemies":"Maw","floor":38,"turns":6},{"damage":17,"enemies":"Jaw Worm Horde","floor":39,"turns":5},{"damage":26,"enemies":"Reptomancer","floor":40,"turns":5},{"damage":8,"enemies":"Writhing Mass","floor":41,"turns":5},{"damage":0,"enemies":"Giant Head","floor":42,"turns":7},{"damage":0,"enemies":"Nemesis","floor":45,"turns":5},{"damage":50,"enemies":"Time Eater","floor":50,"turns":7},{"damage":28,"enemies":"Shield and Spear","floor":54,"turns":5},{"damage":55,"enemies":"The Heart","floor":55,"turns":13}],"seed_played":"2606734728557058277","potions_obtained":[{"floor":2,"key":"PowerPotion"},{"floor":2,"key":"Block Potion"},{"floor":3,"key":"LiquidBronze"},{"floor":10,"key":"Weak Potion"},{"floor":16,"key":"GamblersBrew"},{"floor":22,"key":"Fire Potion"},{"floor":27,"key":"Strength Potion"},{"floor":39,"key":"GamblersBrew"},{"floor":40,"key":"Weak Potion"},{"floor":41,"key":"FocusPotion"}],"is_trial":false,"path_per_floor":["M","?","M","M","?","R","?","M","T","M","R","E","M","E","R","B",null,"M","$","?","?","M","E","R","E","T","M","E","$","E","M","R","B",null,"M","?","M","M","M","E","M","E","T","R","E","?","R","$","R","B",null,"R","$","E","B",null],"character_chosen":"DEFECT","items_purchased":["Leap","Go for the Eyes","Loop+1","Lee\u0027s Waffle","Defragment+1","Finesse","Glacier"],"campfire_rested":0,"item_purchase_floors":[19,29,29,29,48,48,48],"current_hp_per_floor":[72,72,72,72,65,65,65,60,60,55,55,51,45,34,34,11,75,75,75,75,75,75,72,72,54,54,46,44,82,80,73,73,42,89,65,65,71,73,63,44,36,50,50,50,64,64,64,64,64,43,89,89,89,86,61],"gold":66,"neow_bonus":"THREE_CARDS","is_prod":false,"is_daily":false,"chose_seed":false,"campfire_upgraded":8,"win_rate":0,"timestamp":1546846590,"path_taken":["M","?","?","M","?","R","?","M","T","M","R","E","?","E","R","BOSS","M","$","?","?","M","E","R","E","T","M","E","$","E","M","R","BOSS","M","?","M","M","?","E","M","E","T","R","E","?","R","$","R","BOSS","R","$","E","BOSS"],"build_version":"2019-01-03v4","purchased_purges":2,"victory":true,"max_hp_per_floor":[75,75,75,75,75,75,75,75,75,75,75,75,75,75,75,75,75,75,75,75,75,75,75,75,75,75,75,75,82,89,89,89,89,89,89,89,89,89,89,89,89,89,89,89,89,89,89,89,89,89,89,89,89,89,89],"card_choices":[{"not_picked":["Ball Lightning","Steam"],"picked":"Defragment","floor":0},{"not_picked":["Rebound","Streamline"],"picked":"Coolheaded","floor":1},{"not_picked":["Heatsinks","Turbo"],"picked":"Stack","floor":3},{"not_picked":["Compile Driver","Reprogram"],"picked":"Conserve Battery","floor":4},{"not_picked":["Rebound","Barrage"],"picked":"Echo Form","floor":8},{"not_picked":["Hologram","Leap"],"picked":"Beam Cell","floor":10},{"not_picked":["Beam Cell","Hello World","Hyperbeam"],"picked":"SKIP","floor":12},{"not_picked":["Steam","Barrage"],"picked":"Self Repair","floor":13},{"not_picked":["Barrage","Coolheaded"],"picked":"Undo","floor":14},{"not_picked":["Thunder Strike","Meteor Strike"],"picked":"Electrodynamics","floor":16},{"not_picked":["Streamline","Chill"],"picked":"Gash","floor":18},{"not_picked":["Cold Snap","Barrage"],"picked":"Compile Driver","floor":22},{"not_picked":["Sweeping Beam","Chill"],"picked":"FTL+1","floor":23},{"not_picked":["All For One","Cold Snap"],"picked":"Fission","floor":25},{"not_picked":["Stack","Compile Driver"],"picked":"Gash","floor":27},{"not_picked":["Coolheaded+1","Steam"],"picked":"Fusion","floor":28},{"not_picked":["Cold Snap","Hyperbeam"],"picked":"Turbo","floor":30},{"not_picked":["Gash","Streamline","Hologram"],"picked":"SKIP","floor":31},{"not_picked":["Electrodynamics+1","Fission"],"picked":"Amplify","floor":33},{"not_picked":["Barrage+1","Streamline"],"picked":"Reinforced Body+1","floor":35},{"not_picked":["Go for the Eyes","Redo"],"picked":"Turbo+1","floor":37},{"not_picked":["Beam Cell+1","Steam Power+1"],"picked":"Cold Snap+1","floor":38},{"not_picked":["Melter+1","Hologram"],"picked":"Rebound+1","floor":39},{"not_picked":["Leap","Streamline+1"],"picked":"Redo+1","floor":40},{"not_picked":["Gash+1","Tempest","Rip and Tear+1"],"picked":"SKIP","floor":41},{"not_picked":["Leap","Beam Cell"],"picked":"Conserve Battery+1","floor":42},{"not_picked":["Genetic Algorithm+1","Tempest+1"],"picked":"Buffer+1","floor":45},{"not_picked":["Rebound","Turbo+1"],"picked":"Compile Driver+1","floor":54}],"player_experience":50920,"relics_obtained":[{"floor":9,"key":"Matryoshka"},{"floor":12,"key":"Mummified Hand"},{"floor":14,"key":"Ornamental Fan"},{"floor":23,"key":"Bottled Tornado"},{"floor":25,"key":"Regal Pillow"},{"floor":26,"key":"Tiny Chest"},{"floor":28,"key":"Frozen Egg 2"},{"floor":30,"key":"Strawberry"},{"floor":40,"key":"Happy Flower"},{"floor":42,"key":"StoneCalendar"},{"floor":43,"key":"Whetstone"},{"floor":43,"key":"MawBank"},{"floor":45,"key":"Bird Faced Urn"},{"floor":54,"key":"Ice Cream"}],"event_choices":[{"damage_healed":0,"gold_gain":0,"player_choice":"Bought 2 Potions","damage_taken":0,"max_hp_gain":0,"max_hp_loss":0,"event_name":"The Woman in Blue","floor":2,"gold_loss":0},{"cards_removed":["Strike_B"],"damage_healed":0,"gold_gain":0,"player_choice":"Card Removal","damage_taken":7,"max_hp_gain":0,"max_hp_loss":0,"event_name":"Golden Wing","floor":5,"gold_loss":0},{"damage_healed":0,"gold_gain":0,"cards_transformed":["Defend_B"],"player_choice":"Transformed","damage_taken":0,"max_hp_gain":0,"max_hp_loss":0,"event_name":"Transmorgrifier","floor":7,"gold_loss":0,"cards_obtained":["Genetic Algorithm"]},{"damage_healed":0,"gold_gain":0,"player_choice":"Inject Mutagens","damage_taken":0,"relics_obtained":["MutagenicStrength"],"max_hp_gain":0,"max_hp_loss":0,"event_name":"Drug Dealer","floor":20,"gold_loss":0},{"damage_healed":0,"gold_gain":0,"player_choice":"Simplicity","damage_taken":0,"max_hp_gain":0,"max_hp_loss":0,"event_name":"Back to Basics","floor":21,"gold_loss":0,"cards_upgraded":["Strike_B","Strike_B","Defend_B"]},{"damage_healed":0,"gold_gain":0,"player_choice":"Copied","damage_taken":0,"max_hp_gain":0,"max_hp_loss":0,"event_name":"Duplicator","floor":36,"gold_loss":0,"cards_obtained":["Defragment"]},{"damage_healed":0,"gold_gain":0,"player_choice":"Trade","damage_taken":0,"relics_obtained":["NlothsMask"],"max_hp_gain":0,"max_hp_loss":0,"event_name":"FaceTrader","floor":46,"gold_loss":0}],"is_beta":false,"boss_relics":[{"not_picked":["Orrery","Coffee Dripper"],"picked":"Astrolabe"},{"not_picked":["Empty Cage","Philosopher\u0027s Stone"],"picked":"Runic Pyramid"}],"items_purged_floors":[19,48],"is_endless":false,"potions_floor_spawned":[3,10,12,16,22,27,30,31,33,39,40,41,42],"ascension_level":1}