{"gold_per_floor":[11,11,11,23,35,35,60,60,60,60,79,32,58,10,10,84,84,24,24,43,43,43,76,76,107,180,198,198,215,226,254,254,331,331,342,352,363,27,27,27,44,72,72,72,100,100,100,133,133,133],"floor_reached":51,"playtime":6290,"items_purged":[],"score":1380,"play_id":"88b4fad9-698f-4680-b515-d7a7ac9129b1","local_time":"20190219001813","is_ascension_mode":true,"campfire_choices":[{"data":"Skewer","floor":6,"key":"SMITH"},{"floor":8,"key":"REST"},{"data":"Caltrops","floor":10,"key":"SMITH"},{"floor":15,"key":"REST"},{"data":"Cloak And Dagger","floor":24,"key":"SMITH"},{"floor":28,"key":"REST"},{"data":"Malaise","floor":32,"key":"SMITH"},{"floor":40,"key":"REST"},{"floor":47,"key":"REST"},{"floor":49,"key":"REST"}],"neow_cost":"NO_GOLD","seed_source_timestamp":505890670919777,"circlet_count":0,"master_deck":["AscendersBane","Survivor+1","Neutralize+1","Skewer+1","Caltrops+1","Dash","Escape Plan","Noxious Fumes","Cloak And Dagger+1","PiercingWail","Malaise+1","Expertise","Cloak And Dagger","Setup","Envenom","Wraith Form v2","Envenom","Underhanded Strike","PiercingWail","Cloak And Dagger","RitualDagger","Dagger Spray","Accuracy","Wraith Form v2","Backflip","Masterful Stab+1","Blur+1","Noxious Fumes","Adrenaline","Leg Sweep+1","Dodge and Roll+1","Caltrops","Backflip","Panacea","Well Laid Plans"],"relics":["Ring of the Snake","Ginger","Dead Branch","Bronze Scales","Pandora\u0027s Box","StoneCalendar","Centennial Puzzle","Mummified Hand","Lantern","Sozu","TwistedFunnel","War Paint","Juzu Bracelet","Tingsha","Oddly Smooth Stone"],"potions_floor_usage":[13,16,16,20,20,23,25,25,27,29,30,33,33,33],"damage_taken":[{"damage":7,"enemies":"Small Slimes","floor":1,"turns":4},{"damage":4,"enemies":"Jaw Worm","floor":4,"turns":5},{"damage":0,"enemies":"2 Louse","floor":5,"turns":3},{"damage":30,"enemies":"3 Sentries","floor":7,"turns":9},{"damage":0,"enemies":"2 Fungi Beasts","floor":11,"turns":4},{"damage":14,"enemies":"Gremlin Nob","floor":13,"turns":3},{"damage":10,"enemies":"Hexaghost","floor":16,"turns":8},{"damage":10,"enemies":"2 Thieves","floor":18,"turns":4},{"damage":0,"enemies":"Spheric Guardian","floor":20,"turns":6},{"damage":28,"enemies":"Slavers","floor":23,"turns":6},{"damage":6,"enemies":"Book of Stabbing","floor":25,"turns":5},{"damage":1,"enemies":"Snecko","floor":27,"turns":3},{"damage":1,"enemies":"Shelled Parasite and Fungi","floor":29,"turns":5},{"damage":12,"enemies":"Sentry and Sphere","floor":30,"turns":6},{"damage":3,"enemies":"Slavers","floor":31,"turns":5},{"damage":7,"enemies":"Automaton","floor":33,"turns":10},{"damage":12,"enemies":"3 Darklings","floor":35,"turns":5},{"damage":4,"enemies":"3 Shapes","floor":36,"turns":5},{"damage":8,"enemies":"Writhing Mass","floor":37,"turns":6},{"damage":0,"enemies":"4 Shapes","floor":41,"turns":5},{"damage":25,"enemies":"Nemesis","floor":42,"turns":7},{"damage":36,"enemies":"Giant Head","floor":45,"turns":10},{"damage":0,"enemies":"Nemesis","floor":48,"turns":7},{"damage":28,"enemies":"Awakened One","floor":50,"turns":14}],"seed_played":"-2362912103862812815","potions_obtained":[{"floor":5,"key":"FearPotion"},{"floor":7,"key":"LiquidBronze"},{"floor":13,"key":"Energy Potion"},{"floor":20,"key":"Swift Potion"},{"floor":23,"key":"AttackPotion"},{"floor":25,"key":"AttackPotion"},{"floor":29,"key":"Ancient Potion"}],"is_trial":false,"path_per_floor":["M","?","?","M","M","R","E","R","T","R","M","$","E","$","R","B",null,"M","?","M","?","?","E","R","E","T","M","R","M","M","E","R","B",null,"M","M","M","$","$","R","M","E","T","?","E","?","R","E","R","B",null],"character_chosen":"THE_SILENT","items_purchased":["Cloak And Dagger","PiercingWail","TwistedFunnel","Dodge and Roll","Caltrops"],"campfire_rested":6,"item_purchase_floors":[12,14,38,38,38],"current_hp_per_floor":[64,64,57,53,53,53,23,46,46,46,46,46,32,32,55,45,70,60,54,69,69,69,41,41,35,35,34,57,56,44,41,41,34,67,55,51,43,43,43,66,66,41,41,41,5,5,28,28,51,23],"gold":133,"neow_bonus":"TWENTY_PERCENT_HP_BONUS","is_prod":false,"is_daily":false,"chose_seed":false,"campfire_upgraded":4,"win_rate":0,"timestamp":1550564293,"path_taken":["M","?","?","M","M","R","E","R","T","R","M","$","E","$","R","BOSS","M","?","M","?","?","E","R","E","T","M","R","?","M","E","R","BOSS","M","?","M","?","$","R","M","E","T","?","E","?","R","E","R","BOSS"],"build_version":"2019-01-23","purchased_purges":0,"victory":true,"max_hp_per_floor":[78,78,78,78,78,78,78,78,78,78,78,78,78,78,78,78,78,78,78,78,78,78,78,78,78,78,78,78,78,78,78,78,78,78,78,78,78,78,78,78,78,78,78,78,78,78,78,78,78,78],"card_choices":[{"not_picked":["Blade Dance","Prepared"],"picked":"Skewer","floor":1},{"not_picked":["Outmaneuver","Deadly Poison"],"picked":"Caltrops","floor":4},{"not_picked":["Noxious Fumes","Outmaneuver"],"picked":"Dash","floor":5},{"not_picked":["Calculated Gamble","Expertise"],"picked":"Escape Plan","floor":7},{"not_picked":["Venomology","Infinite Blades"],"picked":"Noxious Fumes","floor":11},{"not_picked":["Underhanded Strike","Heel Hook","Choke"],"picked":"SKIP","floor":13},{"not_picked":["Die Die Die","Night Terror"],"picked":"Malaise","floor":16},{"not_picked":["Deadly Poison","Underhanded Strike"],"picked":"Cloak And Dagger","floor":18},{"not_picked":["Dagger Throw","Poisoned Stab"],"picked":"Dagger Spray","floor":20},{"not_picked":["Blur","Deadly Poison"],"picked":"Wraith Form v2","floor":23},{"not_picked":["Escape Plan","Bane+1"],"picked":"Backflip","floor":25},{"not_picked":["Outmaneuver","Accuracy"],"picked":"Masterful Stab+1","floor":27},{"not_picked":["Accuracy","Choke","Heel Hook"],"picked":"SKIP","floor":29},{"not_picked":["Choke","Dodge and Roll"],"picked":"Blur+1","floor":30},{"not_picked":["PiercingWail","Bouncing Flask"],"picked":"Noxious Fumes","floor":31},{"not_picked":["Bullet Time","Corpse Explosion"],"picked":"Adrenaline","floor":33},{"not_picked":["Dodge and Roll","Caltrops"],"picked":"Leg Sweep+1","floor":35},{"not_picked":["Dagger Throw+1","Dash","Flying Knee"],"picked":"SKIP","floor":36},{"not_picked":["Bouncing Flask","Flechettes+1","Dagger Spray+1"],"picked":"SKIP","floor":37},{"not_picked":["Reflex","Infinite Blades"],"picked":"Backflip","floor":41},{"not_picked":["Deadly Poison","Riddle With Holes","Outmaneuver"],"picked":"SKIP","floor":42},{"not_picked":["The Bomb","Mayhem"],"picked":"Panacea","floor":44},{"not_picked":["Poisoned Stab","Deadly Poison+1","Quick Slash"],"picked":"SKIP","floor":45},{"not_picked":["Unload","Concentrate"],"picked":"Well Laid Plans","floor":48}],"player_experience":626663,"relics_obtained":[{"floor":7,"key":"Ginger"},{"floor":9,"key":"Dead Branch"},{"floor":13,"key":"Bronze Scales"},{"floor":23,"key":"StoneCalendar"},{"floor":25,"key":"Centennial Puzzle"},{"floor":26,"key":"Mummified Hand"},{"floor":31,"key":"Lantern"},{"floor":42,"key":"War Paint"},{"floor":43,"key":"Juzu Bracelet"},{"floor":45,"key":"Tingsha"},{"floor":48,"key":"Oddly Smooth Stone"}],"event_choices":[{"damage_healed":0,"gold_gain":0,"player_choice":"Grow","damage_taken":0,"max_hp_gain":0,"max_hp_loss":0,"event_name":"Living Wall","floor":2,"gold_loss":0,"cards_upgraded":["Neutralize"]},{"cards_removed":["Strike_G"],"damage_healed":0,"gold_gain":0,"player_choice":"Card Removal","damage_taken":7,"max_hp_gain":0,"max_hp_loss":0,"event_name":"Golden Wing","floor":3,"gold_loss":0},{"damage_healed":0,"gold_gain":0,"player_choice":"Joined the Cult","damage_taken":6,"max_hp_gain":0,"max_hp_loss":0,"event_name":"Nest","floor":19,"gold_loss":0,"cards_obtained":["RitualDagger"]},{"damage_healed":0,"gold_gain":0,"player_choice":"Ignored","damage_taken":0,"max_hp_gain":0,"max_hp_loss":0,"event_name":"The Mausoleum","floor":21,"gold_loss":0},{"damage_healed":0,"gold_gain":0,"player_choice":"1 cards matched","damage_taken":0,"max_hp_gain":0,"max_hp_loss":0,"event_name":"Match and Keep!","floor":22,"gold_loss":0,"cards_obtained":["Accuracy"]},{"damage_healed":0,"gold_gain":0,"player_choice":"Memory 1","damage_taken":0,"max_hp_gain":0,"max_hp_loss":0,"event_name":"SensoryStone","floor":44,"gold_loss":0},{"cards_removed":["Venomology"],"damage_healed":0,"gold_gain":0,"player_choice":"Purged","damage_taken":0,"max_hp_gain":0,"max_hp_loss":0,"event_name":"Purifier","floor":46,"gold_loss":0}],"is_beta":false,"boss_relics":[{"not_picked":["Runic Pyramid","Busted Crown"],"picked":"Pandora\u0027s Box"},{"not_picked":["Calling Bell","Ring of the Serpent"],"picked":"Sozu"}],"items_purged_floors":[],"is_endless":false,"potions_floor_spawned":[5,7,13,20,23,25,29,35,42],"ascension_level":15}