{"path_per_floor":["M","?","?","?","$","E","M","R","T","T","R","M","?","M","R","B",null,"M","?","$","M"],"character_chosen":"DEFECT","items_purchased":["Capacitor","Genetic Algorithm","Capacitor"],"gold_per_floor":[110,110,110,110,14,55,70,70,149,229,229,254,254,275,275,403,403,422,422,374,314,314],"floor_reached":22,"campfire_rested":1,"playtime":954,"current_hp_per_floor":[69,74,74,74,74,25,28,28,28,28,28,18,18,16,40,29,80,42,42,42,51,0],"items_purged":[],"gold":314,"score":205,"play_id":"ece3b825-5a50-41c4-82f5-92b6be0b3fc6","local_time":"20180502171621","is_prod":false,"is_daily":false,"chose_seed":false,"is_ascension_mode":false,"campfire_upgraded":2,"timestamp":1525245381,"path_taken":["M","?","?","?","?","E","M","R","T","?","R","?","?","M","R","BOSS","M","?","$","M","M"],"build_version":"2018-05-01","seed_source_timestamp":249908049684460,"purchased_purges":0,"victory":false,"master_deck":["Defend_B","Defend_B","Defend_B","Zap","Dualcast","Heatsinks","Force Field+1","Injury","Capacitor+1","Genetic Algorithm+1","Conserve Battery","Conserve Battery","Capacitor+1","Machine Learning+1","Normality","Doubt","Clumsy","Nova","Bite","Bite","Bite","Bite","Bite","Capacitor+1"],"max_hp_per_floor":[75,80,80,80,80,80,80,80,80,80,80,80,80,80,80,80,80,80,56,56,56,56],"relics":["Cracked Core","Golden Idol","Bird Faced Urn","Question Card","Frozen Egg 2","Calling Bell","Pen Nib","Mummified Hand","Calipers"],"card_choices":[{"not_picked":["Chaos","FTL"],"picked":"Force Field","floor":1},{"not_picked":["Axe Kick","Beam Cell"],"picked":"Conserve Battery","floor":6},{"not_picked":["Sweeping Beam","Hologram","Rebound"],"picked":"Conserve Battery","floor":12},{"not_picked":["Seek","Ball Lightning","Blaster"],"picked":"Capacitor","floor":14},{"not_picked":["Hyperbeam","Nova","Meteor Strike"],"picked":"Machine Learning","floor":16},{"not_picked":["Rebound","Hologram","Conserve Battery"],"picked":"Nova","floor":18}],"player_experience":23028,"potions_floor_usage":[6,16,16],"damage_taken":[{"damage":6,"enemies":"Jaw Worm","floor":1,"turns":2},{"damage":49,"enemies":"Lagavulin","floor":6,"turns":9},{"damage":1,"enemies":"Cultist","floor":7,"turns":4},{"damage":12,"enemies":"2 Louse","floor":12,"turns":2},{"damage":6,"enemies":"Large Slime","floor":14,"turns":8},{"damage":47,"enemies":"The Guardian","floor":16,"turns":16},{"damage":38,"enemies":"Chosen","floor":18,"turns":9},{"damage":11,"enemies":"2 Thieves","floor":21,"turns":4},{"damage":77,"enemies":"Slaver and Parasite","floor":22,"turns":7}],"event_choices":[{"event_name":"Big Fish","player_choice":"Donut","floor":2,"damage_taken":0},{"event_name":"Living Wall","player_choice":"Grow","floor":3,"damage_taken":0},{"event_name":"Golden Idol","player_choice":"Take Wound","floor":4,"damage_taken":0},{"event_name":"Golden Wing","player_choice":"Ignored","floor":13,"damage_taken":0},{"event_name":"Vampires","player_choice":"Became a vampire","floor":19,"damage_taken":0}],"boss_relics":[{"not_picked":["Eternal Feather","Snecko Eye"],"picked":"Calling Bell"}],"potions_floor_spawned":[1,12,14],"seed_played":"-7645840414847530929","killed_by":"Slaver and Parasite","ascension_level":0,"is_trial":false}