{"gold_per_floor":[109,124,139,40,59,59,59,85,85,99,99,99,115,131,131,230,230,247,247,267,80,90,90,90,90,90,109,109,121,121,121,121,226,226,241,255,255,272,291,291,301,317,317,317],"floor_reached":44,"playtime":4357,"items_purged":["Strike_R","Strike_R"],"score":416,"play_id":"fd81cfd1-f9ce-4fd4-a4ea-220685812d6b","local_time":"20190127213337","is_ascension_mode":false,"campfire_choices":[{"data":"Shockwave","floor":6,"key":"SMITH"},{"data":"Spot Weakness","floor":11,"key":"SMITH"},{"data":"Pummel","floor":15,"key":"SMITH"},{"data":"Shrug It Off","floor":23,"key":"SMITH"},{"data":"Spot Weakness","floor":25,"key":"SMITH"},{"data":"Metallicize","floor":28,"key":"SMITH"},{"floor":32,"key":"REST"},{"data":"Metallicize","floor":40,"key":"SMITH"}],"neow_cost":"NONE","seed_source_timestamp":724915496011939,"circlet_count":0,"master_deck":["Strike_R","Strike_R","Defend_R","Defend_R","Bash","Dramatic Entrance","Shockwave+1","Armaments+1","Pummel+1","Body Slam","Spot Weakness+1","Reaper","Fiend Fire","Flame Barrier","Body Slam","Spot Weakness+1","Flash of Steel+1","Shrug It Off+1","Metallicize+1","Demon Form","Parasite","Metallicize+1","Shrug It Off+1","Limit Break"],"relics":["Burning Blood","Juzu Bracelet","Art of War","Orrery","Enchiridion","Centennial Puzzle","Empty Cage","Question Card"],"potions_floor_usage":[8,16,18,20,22,27,38,42,42],"damage_taken":[{"damage":6,"enemies":"Jaw Worm","floor":1,"turns":2},{"damage":1,"enemies":"Cultist","floor":2,"turns":4},{"damage":0,"enemies":"Small Slimes","floor":3,"turns":3},{"damage":4,"enemies":"Looter","floor":5,"turns":4},{"damage":4,"enemies":"3 Sentries","floor":8,"turns":6},{"damage":11,"enemies":"Large Slime","floor":10,"turns":4},{"damage":10,"enemies":"2 Fungi Beasts","floor":13,"turns":4},{"damage":7,"enemies":"Blue Slaver","floor":14,"turns":5},{"damage":36,"enemies":"Hexaghost","floor":16,"turns":8},{"damage":35,"enemies":"Spheric Guardian","floor":18,"turns":7},{"damage":28,"enemies":"Chosen","floor":20,"turns":7},{"damage":11,"enemies":"Snecko","floor":22,"turns":6},{"damage":6,"enemies":"Cultist and Chosen","floor":27,"turns":6},{"damage":13,"enemies":"Shelled Parasite and Fungi","floor":29,"turns":7},{"damage":13,"enemies":"Colosseum Slavers","floor":30,"turns":7},{"damage":54,"enemies":"Automaton","floor":33,"turns":10},{"damage":12,"enemies":"Orb Walker","floor":35,"turns":4},{"damage":23,"enemies":"3 Shapes","floor":36,"turns":5},{"damage":12,"enemies":"Writhing Mass","floor":38,"turns":7},{"damage":68,"enemies":"Maw","floor":39,"turns":10},{"damage":28,"enemies":"Spire Growth","floor":41,"turns":6},{"damage":4,"enemies":"Jaw Worm Horde","floor":42,"turns":6},{"damage":72,"enemies":"Writhing Mass","floor":44,"turns":7}],"seed_played":"-4758822349401658988","potions_obtained":[{"floor":1,"key":"Ancient Potion"},{"floor":2,"key":"Explosive Potion"},{"floor":10,"key":"SpeedPotion"},{"floor":14,"key":"Dexterity Potion"},{"floor":20,"key":"SpeedPotion"},{"floor":22,"key":"SkillPotion"},{"floor":33,"key":"Block Potion"},{"floor":36,"key":"Block Potion"},{"floor":39,"key":"Strength Potion"},{"floor":41,"key":"SteroidPotion"}],"is_trial":false,"path_per_floor":["M","M","M","$","M","R","?","E","T","M","R","?","M","M","R","B",null,"M","?","M","$","M","R","?","R","T","M","R","M","?","?","R","B",null,"M","M","?","M","M","R","M","M","T","M"],"character_chosen":"IRONCLAD","items_purchased":["Body Slam","Flash of Steel"],"campfire_rested":1,"item_purchase_floors":[4,21],"current_hp_per_floor":[80,80,80,80,80,80,80,80,80,75,75,75,71,74,74,69,80,51,35,13,13,20,20,20,20,20,32,32,34,46,31,56,24,85,79,81,81,85,40,40,18,45,45,0],"gold":317,"neow_bonus":"RANDOM_COLORLESS","is_prod":false,"is_daily":false,"chose_seed":false,"campfire_upgraded":7,"win_rate":0.0,"timestamp":1548621217,"path_taken":["M","M","M","$","M","R","?","E","T","M","R","?","M","M","R","BOSS","M","?","M","$","M","R","?","R","T","M","R","M","?","?","R","BOSS","M","M","?","M","M","R","M","M","T","M"],"build_version":"2019-01-23","purchased_purges":2,"victory":false,"max_hp_per_floor":[80,80,80,80,80,80,80,80,80,80,80,80,80,80,80,80,80,80,80,80,80,80,80,80,80,80,80,80,80,80,85,85,85,85,85,85,85,85,85,85,85,85,85,85],"card_choices":[{"not_picked":["Pommel Strike","Rampage"],"picked":"Shockwave","floor":1},{"not_picked":["Pommel Strike","Corruption"],"picked":"Armaments","floor":2},{"not_picked":["Flex","Thunderclap"],"picked":"Pummel","floor":3},{"not_picked":["Thunderclap","Bloodletting","Headbutt"],"picked":"SKIP","floor":5},{"not_picked":["Pommel Strike","Fiend Fire"],"picked":"Spot Weakness","floor":8},{"not_picked":["Warcry","Armaments","Intimidate"],"picked":"SKIP","floor":10},{"not_picked":["Armaments","Disarm"],"picked":"Reaper","floor":13},{"not_picked":["Whirlwind","True Grit","Anger"],"picked":"SKIP","floor":14},{"not_picked":["Dark Embrace","Offering"],"picked":"Fiend Fire","floor":16},{"not_picked":["Burning Pact","True Grit"],"picked":"Flame Barrier","floor":17},{"not_picked":["Pommel Strike","Evolve"],"picked":"Body Slam","floor":17},{"not_picked":["Clash","Anger"],"picked":"Spot Weakness","floor":17},{"not_picked":["Fire Breathing","Clothesline","Anger"],"picked":"SKIP","floor":18},{"not_picked":["Double Tap","Anger","Whirlwind"],"picked":"SKIP","floor":20},{"not_picked":["Seeing Red","Sever Soul+1"],"picked":"Shrug It Off","floor":22},{"not_picked":["Second Wind+1","Body Slam+1"],"picked":"Metallicize","floor":27},{"not_picked":["Heavy Blade","Dropkick","Hemokinesis"],"picked":"SKIP","floor":29},{"not_picked":["Fiend Fire","Feed"],"picked":"Demon Form","floor":33},{"not_picked":["Infernal Blade+1","True Grit","Twin Strike+1"],"picked":"SKIP","floor":35},{"not_picked":["Dropkick+1","Bloodletting","Warcry+1"],"picked":"SKIP","floor":36},{"not_picked":["Burning Pact","Twin Strike+1"],"picked":"Metallicize","floor":38},{"not_picked":["Inflame+1","Cleave","Clash+1"],"picked":"SKIP","floor":39},{"not_picked":["Cleave+1","Warcry+1"],"picked":"Shrug It Off+1","floor":41},{"not_picked":["Body Slam+1","Flex"],"picked":"Limit Break","floor":42}],"player_experience":119840,"relics_obtained":[{"floor":8,"key":"Juzu Bracelet"},{"floor":9,"key":"Art of War"},{"floor":19,"key":"Enchiridion"},{"floor":26,"key":"Centennial Puzzle"},{"floor":43,"key":"Question Card"}],"event_choices":[{"damage_healed":0,"gold_gain":0,"player_choice":"Upgraded","damage_taken":0,"max_hp_gain":0,"max_hp_loss":0,"event_name":"Upgrade Shrine","floor":7,"gold_loss":0,"cards_upgraded":["Armaments"]},{"cards_removed":["Strike_R"],"damage_healed":0,"gold_gain":0,"player_choice":"Purged","damage_taken":0,"max_hp_gain":0,"max_hp_loss":0,"event_name":"Purifier","floor":12,"gold_loss":0},{"damage_healed":0,"gold_gain":0,"player_choice":"Obtained Book","damage_taken":16,"max_hp_gain":0,"max_hp_loss":0,"event_name":"Cursed Tome","floor":19,"gold_loss":0},{"damage_healed":0,"gold_gain":0,"player_choice":"Upgraded","damage_taken":0,"max_hp_gain":0,"max_hp_loss":0,"event_name":"Upgrade Shrine","floor":24,"gold_loss":0,"cards_upgraded":["Flash of Steel"]},{"damage_healed":0,"gold_gain":0,"player_choice":"Fight","damage_taken":0,"max_hp_gain":0,"max_hp_loss":0,"event_name":"Colosseum","floor":30,"gold_loss":0},{"damage_healed":0,"gold_gain":0,"player_choice":"Fled From Nobs","damage_taken":0,"max_hp_gain":0,"max_hp_loss":0,"event_name":"Colosseum","floor":30,"gold_loss":0},{"damage_healed":0,"gold_gain":0,"player_choice":"Shed Blood","damage_taken":20,"max_hp_gain":5,"max_hp_loss":0,"event_name":"Forgotten Altar","floor":31,"gold_loss":0},{"damage_healed":0,"gold_gain":0,"player_choice":"Memory 1","damage_taken":0,"max_hp_gain":0,"max_hp_loss":0,"event_name":"SensoryStone","floor":37,"gold_loss":0}],"is_beta":false,"boss_relics":[{"not_picked":["Cursed Key","Runic Dome"],"picked":"Orrery"},{"not_picked":["Philosopher\u0027s Stone","Mark of Pain"],"picked":"Empty Cage"}],"items_purged_floors":[4,21],"is_endless":false,"potions_floor_spawned":[1,2,10,14,20,22,33,36,39,41],"killed_by":"Writhing Mass","ascension_level":0}