{"gold_per_floor":[11,27,27,27,51,51,95,95,134,181,193,205,217,275,287,299],"floor_reached":16,"playtime":695,"items_purged":[],"score":180,"play_id":"aa0c8c06-77a4-4001-a289-a6c0582b9a08","local_time":"20181024205739","is_ascension_mode":true,"campfire_choices":[{"floor":6,"key":"DIG"},{"floor":8,"key":"DIG"},{"floor":12,"key":"REST"},{"floor":15,"key":"DIG"}],"neow_cost":"NO_GOLD","seed_source_timestamp":7984473927535,"circlet_count":0,"master_deck":["Strike_R","Strike_R","Strike_R","Strike_R","Strike_R","Defend_R+1","Defend_R","Defend_R","Defend_R","Bash","AscendersBane","Seeing Red+1","Rampage","Flex+1","Flex+1","Ghostly Armor+1"],"relics":["Burning Blood","Shovel","Golden Idol","Toxic Egg 2","Ornamental Fan","PreservedInsect","MawBank","Blood Vial","War Paint","CultistMask","Happy Flower","Meat on the Bone"],"potions_floor_usage":[7,7,16],"damage_taken":[{"damage":9,"enemies":"Cultist","floor":1,"turns":5},{"damage":0,"enemies":"Small Slimes","floor":2,"turns":3},{"damage":9,"enemies":"Jaw Worm","floor":5,"turns":3},{"damage":19,"enemies":"3 Sentries","floor":7,"turns":8},{"damage":30,"enemies":"Lagavulin","floor":10,"turns":7},{"damage":40,"enemies":"Slime Boss","floor":16,"turns":8}],"seed_played":"255795196154861552","potions_obtained":[{"floor":1,"key":"Block Potion"},{"floor":2,"key":"Strength Potion"},{"floor":10,"key":"Block Potion"}],"is_trial":false,"path_per_floor":["M","M","?","T","M","R","E","R","T","E","?","R","?","T","R"],"character_chosen":"IRONCLAD","items_purchased":[],"campfire_rested":1,"item_purchase_floors":[],"current_hp_per_floor":[65,71,53,53,50,50,37,37,37,15,15,37,30,30,30,0],"gold":299,"neow_bonus":"ONE_RARE_RELIC","is_prod":false,"is_daily":false,"chose_seed":false,"campfire_upgraded":0,"win_rate":0,"timestamp":1540407459,"path_taken":["M","M","?","?","?","R","E","R","T","E","?","R","?","?","R","BOSS"],"build_version":"2018-10-18","purchased_purges":0,"victory":false,"max_hp_per_floor":[75,75,75,75,75,75,75,75,75,75,75,75,75,75,75,75],"card_choices":[{"not_picked":["Bloodletting","Headbutt"],"picked":"Seeing Red","floor":1},{"not_picked":["Headbutt","Sword Boomerang"],"picked":"Rampage","floor":2},{"not_picked":["Cleave","Heavy Blade"],"picked":"Flex+1","floor":5},{"not_picked":["Iron Wave","Carnage"],"picked":"Flex+1","floor":7},{"not_picked":["Dark Embrace","Clothesline"],"picked":"Ghostly Armor+1","floor":10}],"player_experience":498506,"relics_obtained":[{"floor":4,"key":"Toxic Egg 2"},{"floor":6,"key":"Ornamental Fan"},{"floor":7,"key":"PreservedInsect"},{"floor":8,"key":"MawBank"},{"floor":9,"key":"Blood Vial"},{"floor":10,"key":"War Paint"},{"floor":14,"key":"Happy Flower"},{"floor":15,"key":"Meat on the Bone"}],"event_choices":[{"damage_healed":0,"gold_gain":0,"player_choice":"Take Damage","damage_taken":18,"relics_obtained":["Golden Idol"],"max_hp_gain":0,"max_hp_loss":0,"event_name":"Golden Idol","floor":3,"gold_loss":0},{"damage_healed":0,"gold_gain":0,"player_choice":"Trade","damage_taken":0,"relics_obtained":["CultistMask"],"max_hp_gain":0,"max_hp_loss":0,"event_name":"FaceTrader","floor":11,"gold_loss":0},{"damage_healed":0,"gold_gain":0,"player_choice":"Damaged","damage_taken":7,"max_hp_gain":0,"max_hp_loss":0,"event_name":"Wheel of Change","floor":13,"gold_loss":0}],"is_beta":false,"boss_relics":[],"items_purged_floors":[],"is_endless":false,"potions_floor_spawned":[1,2,5,10],"killed_by":"Slime Boss","ascension_level":14}