{"gold_per_floor":[110,285,285,285,285,325,325,340,340,379,379,419,471,485,485,611,611,624,640,555,480,503,503,503,517,541,541,81,81,124,155,155,284,284,299,7,7,7,21,21,55,55,55,86,104,135,135,153,153,153],"floor_reached":51,"playtime":3477,"items_purged":["Strike_R","Doubt","Strike_R"],"score":946,"play_id":"fc32ff07-1db0-45c6-a585-0f84943d346a","local_time":"20180719220014","is_ascension_mode":true,"campfire_choices":[{"data":"Fiend Fire","floor":7,"key":"SMITH"},{"floor":11,"key":"REST"},{"data":"Havoc","floor":15,"key":"SMITH"},{"data":"Evolve","floor":24,"key":"SMITH"},{"data":"Immolate","floor":27,"key":"SMITH"},{"floor":29,"key":"DIG"},{"floor":32,"key":"DIG"},{"floor":40,"key":"DIG"},{"floor":42,"key":"DIG"},{"floor":47,"key":"DIG"},{"floor":49,"key":"DIG"}],"neow_cost":"NONE","seed_source_timestamp":7394625325541,"circlet_count":0,"master_deck":["Strike_R+1","Defend_R","Defend_R","Defend_R","Defend_R","Bash","Fiend Fire+1","Iron Wave","Sever Soul","Wild Strike+1","Havoc+1","Immolate+1","Evolve+1","Shockwave+1","Necronomicurse","Exhume","Sentinel","Power Through","Dark Embrace","Spot Weakness","Feel No Pain","Whirlwind","Heavy Blade+1","Burning Pact+1","Sentinel+1","Shrug It Off+1","Inflame"],"relics":["Burning Blood","Golden Idol","Question Card","Bag of Marbles","Regal Pillow","Dodecahedron","Whetstone","Snecko Eye","Strawberry","Necronomicon","Potion Belt","Shovel","Prayer Wheel","The Courier","Red Mask","Kunai","Mark of Pain","Bottled Flame","Ornamental Fan","Gambling Chip","Vajra","Toxic Egg 2","Happy Flower","Ancient Tea Set","Centennial Puzzle","Incense Burner"],"potions_floor_usage":[6,10,10,16,16,30,35,50,50],"damage_taken":[{"damage":1,"enemies":"2 Louse","floor":1,"turns":2},{"damage":14,"enemies":"3 Sentries","floor":6,"turns":6},{"damage":3,"enemies":"Small Slimes","floor":8,"turns":3},{"damage":21,"enemies":"Lagavulin","floor":10,"turns":5},{"damage":9,"enemies":"Gremlin Nob","floor":12,"turns":3},{"damage":0,"enemies":"Jaw Worm","floor":14,"turns":1},{"damage":77,"enemies":"Hexaghost","floor":16,"turns":11},{"damage":7,"enemies":"Chosen","floor":18,"turns":2},{"damage":0,"enemies":"Spheric Guardian","floor":19,"turns":2},{"damage":14,"enemies":"Snake Plant","floor":22,"turns":2},{"damage":21,"enemies":"3 Cultists","floor":25,"turns":4},{"damage":8,"enemies":"Gremlin Leader","floor":30,"turns":2},{"damage":0,"floor":31,"turns":1},{"damage":11,"enemies":"Collector","floor":33,"turns":5},{"damage":0,"enemies":"3 Shapes","floor":35,"turns":3},{"damage":0,"enemies":"Flame Bruiser 1 Orb","floor":39,"turns":2},{"damage":0,"enemies":"Nemesis","floor":41,"turns":3},{"damage":0,"enemies":"2 Orb Walkers","floor":44,"turns":2},{"damage":0,"enemies":"Transient","floor":45,"turns":5},{"damage":0,"enemies":"Giant Head","floor":46,"turns":3},{"damage":0,"enemies":"Sphere and 2 Shapes","floor":48,"turns":1},{"damage":2,"enemies":"Donu and Deca","floor":50,"turns":5}],"seed_played":"8921938987531535380","potions_obtained":[{"floor":4,"key":"PowerPotion"},{"floor":4,"key":"Weak Potion"},{"floor":4,"key":"SneckoOil"},{"floor":8,"key":"Strength Potion"},{"floor":10,"key":"BloodPotion"},{"floor":16,"key":"Poison Potion"},{"floor":19,"key":"GamblersBrew"},{"floor":22,"key":"Ancient Potion"},{"floor":33,"key":"GamblersBrew"},{"floor":46,"key":"Swift Potion"}],"is_trial":false,"path_per_floor":["M","?","?","?","?","E","R","M","T","E","R","E","T","M","R","B",null,"M","M","?","$","M","?","R","M","T","R","$","R","E","?","R","B",null,"M","$","?","?","M","R","E","R","T","E","M","E","R","M","R","B"],"character_chosen":"IRONCLAD","items_purchased":["Shovel","Sentinel","Bottled Flame"],"campfire_rested":1,"item_purchase_floors":[28,28,36],"current_hp_per_floor":[80,80,72,72,52,44,44,47,47,32,71,68,68,74,74,11,80,79,80,87,87,79,63,63,48,48,48,48,48,46,52,52,47,87,87,87,87,87,87,87,87,87,87,87,87,87,87,87,87,87],"gold":153,"neow_bonus":"ONE_RANDOM_RARE_CARD","is_prod":false,"is_daily":false,"chose_seed":false,"campfire_upgraded":4,"win_rate":0,"timestamp":1532030414,"path_taken":["M","?","?","?","?","E","R","M","T","E","R","E","?","M","R","BOSS","M","M","?","$","?","?","R","?","T","R","$","R","E","?","R","BOSS","M","?","?","?","M","R","E","R","T","E","M","E","R","M","R","BOSS"],"build_version":"2018-07-12","purchased_purges":3,"victory":true,"max_hp_per_floor":[80,80,80,80,80,80,80,80,80,80,80,80,80,80,80,80,80,80,80,87,87,87,87,87,87,87,87,87,87,87,87,87,87,87,87,87,87,87,87,87,87,87,87,87,87,87,87,87,87,87],"card_choices":[{"not_picked":["Anger","Perfected Strike"],"picked":"Iron Wave","floor":1},{"not_picked":["Spot Weakness","Dual Wield"],"picked":"Sever Soul","floor":6},{"not_picked":["Heavy Blade","Dropkick","Armaments","Pommel Strike"],"picked":"SKIP","floor":8},{"not_picked":["Blood for Blood","Clash","Hemokinesis"],"picked":"Wild Strike","floor":10},{"not_picked":["Flex","Battle Trance","Dropkick"],"picked":"Havoc","floor":12},{"not_picked":["Clothesline","Twin Strike","Thunderclap","Body Slam"],"picked":"SKIP","floor":14},{"not_picked":["Juggernaut","Bludgeon","Barricade"],"picked":"Immolate","floor":16},{"not_picked":["Second Wind","True Grit","Heavy Blade"],"picked":"Evolve","floor":18},{"not_picked":["Pommel Strike","Clash+1","Intimidate","Spot Weakness+1"],"picked":"SKIP","floor":19},{"not_picked":["Shrug It Off","Burning Pact","Feel No Pain"],"picked":"Shockwave+1","floor":22},{"not_picked":["Thunderclap","Twin Strike+1","Perfected Strike+1"],"picked":"Exhume","floor":25},{"not_picked":["Shockwave","Bloodletting+1","Perfected Strike+1"],"picked":"Power Through","floor":30},{"not_picked":["Reaper","Juggernaut","Limit Break"],"picked":"Dark Embrace","floor":33},{"not_picked":["Fire Breathing+1","Flex+1","Sword Boomerang+1","Body Slam"],"picked":"SKIP","floor":35},{"not_picked":["Flex+1","Warcry+1","Anger","Evolve"],"picked":"SKIP","floor":35},{"not_picked":["Clash","Clothesline+1","Blood for Blood"],"picked":"Feel No Pain","floor":39},{"not_picked":["Intimidate+1","Havoc+1","Evolve+1"],"picked":"Whirlwind","floor":39},{"not_picked":["Body Slam+1","Wild Strike+1","Iron Wave"],"picked":"Heavy Blade+1","floor":41},{"not_picked":["Hemokinesis+1","Armaments+1","Headbutt+1"],"picked":"Burning Pact+1","floor":44},{"not_picked":["Whirlwind","Rage+1","Immolate"],"picked":"Sentinel+1","floor":45},{"not_picked":["Armaments+1","Cleave+1","Havoc+1"],"picked":"Shrug It Off+1","floor":45},{"not_picked":["Combust","Armaments+1","Offering+1","True Grit+1"],"picked":"SKIP","floor":46},{"not_picked":["Sword Boomerang+1","Rage+1","Clash"],"picked":"Inflame","floor":48},{"not_picked":["Havoc+1","Warcry+1","Armaments+1","Hemokinesis+1"],"picked":"SKIP","floor":48}],"player_experience":127239,"relics_obtained":[{"floor":6,"key":"Question Card"},{"floor":9,"key":"Bag of Marbles"},{"floor":10,"key":"Regal Pillow"},{"floor":12,"key":"Dodecahedron"},{"floor":13,"key":"Whetstone"},{"floor":23,"key":"Necronomicon"},{"floor":26,"key":"Potion Belt"},{"floor":29,"key":"Prayer Wheel"},{"floor":30,"key":"The Courier"},{"floor":31,"key":"Red Mask"},{"floor":32,"key":"Kunai"},{"floor":40,"key":"Ornamental Fan"},{"floor":41,"key":"Gambling Chip"},{"floor":42,"key":"Vajra"},{"floor":43,"key":"Toxic Egg 2"},{"floor":44,"key":"Happy Flower"},{"floor":46,"key":"Ancient Tea Set"},{"floor":47,"key":"Centennial Puzzle"},{"floor":49,"key":"Incense Burner"}],"event_choices":[{"event_name":"Liars Game","player_choice":"agreed","floor":2,"damage_taken":0},{"event_name":"Wheel of Change","player_choice":"Damage","floor":3,"damage_taken":0},{"event_name":"The Lab","player_choice":"Got Potions","floor":4,"damage_taken":0},{"event_name":"Golden Idol","player_choice":"Take Damage","floor":5,"damage_taken":0},{"event_name":"Addict","player_choice":"Obtained Relic","floor":20,"damage_taken":0},{"event_name":"Cursed Tome","player_choice":"Obtained Book","floor":23,"damage_taken":0},{"event_name":"Masked Bandits","player_choice":"Fought over 124 gold","floor":31,"damage_taken":0},{"event_name":"Transmorgrifier","player_choice":"Transform","floor":37,"damage_taken":0},{"event_name":"Purifier","player_choice":"One Purge","floor":38,"damage_taken":0}],"boss_relics":[{"not_picked":["Orrery","Pandora\u0027s Box"],"picked":"Snecko Eye"},{"not_picked":["Calling Bell","Black Star"],"picked":"Mark of Pain"}],"items_purged_floors":[21,28,36],"is_endless":false,"potions_floor_spawned":[8,10,16,19,22,33,46],"ascension_level":2}