{"gold_per_floor":[118,134,148,160,175,175,175,186,186,186,40,5,5,31,31,108,108,121,139,139,139,139,139,64,64],"floor_reached":25,"playtime":2080,"items_purged":["Strike_B"],"score":464,"play_id":"9664b3fb-e27e-4344-8f8e-d44ea792a79a","local_time":"20181217231014","is_ascension_mode":true,"campfire_choices":[{"data":"White Noise","floor":6,"key":"SMITH"},{"floor":10,"key":"REST"},{"data":"Zap","floor":13,"key":"SMITH"},{"data":"Undo","floor":15,"key":"SMITH"},{"data":"Biased Cognition","floor":23,"key":"SMITH"}],"neow_cost":"TEN_PERCENT_HP_LOSS","seed_source_timestamp":2603325184652,"circlet_count":0,"master_deck":["AscendersBane","Strike_B","Strike_B","Defend_B","Defend_B","Defend_B","Defend_B","Zap+1","Dualcast","White Noise+1","Undo+1","Tempest","Biased Cognition+1","Reboot","Conserve Battery"],"special_seed":0,"relics":["Cracked Core","Dead Branch","Cables","DataDisk","Singing Bowl","Orrery"],"potions_floor_usage":[5,8,14,16,25],"damage_taken":[{"damage":0.0,"enemies":"Small Slimes","floor":1.0,"turns":2.0},{"damage":1.0,"enemies":"2 Louse","floor":2.0,"turns":4.0},{"damage":2.0,"enemies":"Jaw Worm","floor":3.0,"turns":4.0},{"damage":16.0,"enemies":"Looter","floor":4.0,"turns":4.0},{"damage":10,"enemies":"3 Louse","floor":5,"turns":3},{"damage":15,"enemies":"Gremlin Gang","floor":8,"turns":7},{"damage":9,"enemies":"Lagavulin","floor":14,"turns":4},{"damage":0,"enemies":"The Guardian","floor":16,"turns":5},{"damage":0,"enemies":"Chosen","floor":18,"turns":4},{"damage":13,"enemies":"Shell Parasite","floor":19,"turns":5},{"damage":48,"enemies":"Slavers","floor":25,"turns":4}],"seed_played":"1092347009033963254","potions_obtained":[{"floor":1.0,"key":"Swift Potion"},{"floor":4.0,"key":"Fruit Juice"},{"floor":5,"key":"Fruit Juice"},{"floor":8,"key":"PowerPotion"},{"floor":19,"key":"FearPotion"}],"is_trial":false,"path_per_floor":["M","M","M","M","M","R","?","M","T","R","$","?","R","E","R","B",null,"M","M","?","?","?","R","$","E"],"character_chosen":"DEFECT","items_purchased":["DataDisk"],"campfire_rested":1,"item_purchase_floors":[11],"current_hp_per_floor":[64,63,61,45,40,40,33,23,23,45,45,63,63,56,56,56,79,81,70,70,44,44,44,44,0],"gold":64,"neow_bonus":"ONE_RARE_RELIC","is_prod":false,"is_daily":false,"chose_seed":false,"campfire_upgraded":4,"win_rate":0,"timestamp":1545084614,"path_taken":["M","M","M","M","M","R","?","M","T","R","$","?","R","E","R","BOSS","M","M","?","?","?","R","$","E"],"build_version":"2018-12-13","purchased_purges":1,"victory":false,"max_hp_per_floor":[64,64,64,64,69,69,69,74,74,74,74,74,74,76,76,76,84,86,88,88,93,93,93,93,93],"card_choices":[{"not_picked":["Hologram","Conserve Battery"],"picked":"White Noise","floor":1.0},{"not_picked":["Melter","Barrage","Streamline"],"picked":"SKIP","floor":2.0},{"not_picked":["Gash","Force Field","Sweeping Beam"],"picked":"SKIP","floor":3.0},{"not_picked":["Rebound","Loop"],"picked":"Undo","floor":4.0},{"not_picked":["Hologram","Streamline"],"picked":"Tempest","floor":5},{"not_picked":["Conserve Battery","Static Discharge"],"picked":"Biased Cognition","floor":8},{"not_picked":["Melter","Chaos","Force Field"],"picked":"Singing Bowl","floor":14},{"not_picked":["All For One","Core Surge"],"picked":"Reboot","floor":16},{"not_picked":["Compile Driver","Coolheaded","Sweeping Beam"],"picked":"Singing Bowl","floor":17},{"not_picked":["Sweeping Beam","Scrape","Redo"],"picked":"Singing Bowl","floor":17},{"not_picked":["Go for the Eyes","Streamline","Coolheaded"],"picked":"Singing Bowl","floor":17},{"not_picked":["Redo","Coolheaded","Beam Cell"],"picked":"Singing Bowl","floor":17},{"not_picked":["Rebound","Blizzard"],"picked":"Conserve Battery","floor":17},{"not_picked":["Streamline","Conserve Battery","Redo"],"picked":"Singing Bowl","floor":18},{"not_picked":["Steam","Stack","Leap"],"picked":"Singing Bowl","floor":19}],"player_experience":637566,"relics_obtained":[{"floor":9,"key":"Cables"},{"floor":14,"key":"Singing Bowl"}],"event_choices":[{"cards_removed":["Strike_B"],"damage_healed":0,"gold_gain":0,"player_choice":"Card Removal","damage_taken":7,"max_hp_gain":0,"max_hp_loss":0,"event_name":"Golden Wing","floor":7,"gold_loss":0},{"damage_healed":18,"gold_gain":0,"player_choice":"Healed","damage_taken":0,"max_hp_gain":0,"max_hp_loss":0,"event_name":"The Cleric","floor":12,"gold_loss":35},{"damage_healed":0,"gold_gain":0,"player_choice":"Ignored","damage_taken":0,"max_hp_gain":0,"max_hp_loss":0,"event_name":"Vampires","floor":20,"gold_loss":0},{"damage_healed":0,"gold_gain":0,"player_choice":"Shed Blood","damage_taken":31,"max_hp_gain":5,"max_hp_loss":0,"event_name":"Forgotten Altar","floor":21,"gold_loss":0},{"damage_healed":0,"gold_gain":0,"player_choice":"Ignored","damage_taken":0,"max_hp_gain":0,"max_hp_loss":0,"event_name":"Ghosts","floor":22,"gold_loss":0}],"is_beta":false,"boss_relics":[{"not_picked":["Runic Pyramid","Calling Bell"],"picked":"Orrery"}],"items_purged_floors":[24],"is_endless":false,"potions_floor_spawned":[1,4,5,8,19],"killed_by":"Slavers","ascension_level":15}