{"gold_per_floor":[116,130,142,158,173,201,201,264,264,10,25,36,53,73,73,173,173,189,89,103,117,135,135,135,135,135,135,155,30,61,73,73,168,168,186,36,55,73,73,73,108,108,108,118,0,0],"floor_reached":46,"playtime":4449,"items_purged":["Strike_B","Defend_B","Decay","Defend_B"],"score":528,"play_id":"425d86ed-b78f-4cd7-9169-d47d1af4a094","local_time":"20190202215322","is_ascension_mode":true,"campfire_choices":[{"data":"Defragment","floor":7,"key":"SMITH"},{"data":"Dualcast","floor":15,"key":"SMITH"},{"data":"Creative AI","floor":23,"key":"SMITH"},{"data":"Cold Snap","floor":25,"key":"SMITH"},{"data":"Strike_B","floor":27,"key":"SMITH"},{"data":"Strike_B","floor":32,"key":"SMITH"},{"data":"Electrodynamics","floor":40,"key":"SMITH"},{"data":"Electrodynamics","floor":42,"key":"SMITH"}],"neow_cost":"NONE","seed_source_timestamp":1244436502284242,"circlet_count":0,"master_deck":["Strike_B+1","Strike_B+1","Strike_B+1","Defend_B","Defend_B","Zap+1","Dualcast+1","Chill","Cold Snap+1","Defragment+1","Cold Snap+1","Leap","Coolheaded","Self Repair","Creative AI+1","Electrodynamics+1","Electrodynamics+1","Parasite"],"relics":["Cracked Core","Regal Pillow","Boot","Whetstone","DataDisk","Velvet Choker","Vajra","Letter Opener","White Beast Statue","Happy Flower","Bronze Scales","Red Mask"],"potions_floor_usage":[4,5,6,13,16,30,31,31,37,38,41,46,46],"damage_taken":[{"damage":0,"enemies":"2 Louse","floor":1,"turns":2},{"damage":0,"enemies":"Cultist","floor":2,"turns":4},{"damage":0,"enemies":"Small Slimes","floor":3,"turns":3},{"damage":0,"enemies":"Looter","floor":4,"turns":3},{"damage":0,"enemies":"Gremlin Gang","floor":5,"turns":5},{"damage":23,"enemies":"Gremlin Nob","floor":6,"turns":5},{"damage":25,"enemies":"Lagavulin Event","floor":8,"turns":6},{"damage":0,"enemies":"2 Fungi Beasts","floor":11,"turns":4},{"damage":0,"enemies":"3 Louse","floor":12,"turns":2},{"damage":3,"enemies":"Large Slime","floor":13,"turns":4},{"damage":2,"enemies":"Blue Slaver","floor":14,"turns":2},{"damage":2,"enemies":"Slime Boss","floor":16,"turns":19},{"damage":2,"enemies":"Shell Parasite","floor":18,"turns":7},{"damage":0,"enemies":"3 Byrds","floor":20,"turns":5},{"damage":0,"enemies":"Snecko","floor":21,"turns":7},{"damage":0,"enemies":"Centurion and Healer","floor":22,"turns":15},{"damage":0,"enemies":"Chosen and Byrds","floor":28,"turns":6},{"damage":0,"enemies":"Gremlin Leader","floor":30,"turns":9},{"damage":0,"enemies":"Cultist and Chosen","floor":31,"turns":5},{"damage":6,"enemies":"Champ","floor":33,"turns":13},{"damage":21,"enemies":"3 Darklings","floor":35,"turns":3},{"damage":0,"enemies":"Orb Walker","floor":37,"turns":3},{"damage":0,"enemies":"3 Darklings","floor":38,"turns":3},{"damage":17,"enemies":"Reptomancer","floor":41,"turns":6},{"damage":12,"enemies":"Writhing Mass","floor":44,"turns":5},{"damage":66,"enemies":"Giant Head","floor":46,"turns":9}],"seed_played":"-3496951745232003622","potions_obtained":[{"floor":2,"key":"Swift Potion"},{"floor":3,"key":"SkillPotion"},{"floor":4,"key":"Weak Potion"},{"floor":8,"key":"SkillPotion"},{"floor":12,"key":"Regen Potion"},{"floor":18,"key":"LiquidBronze"},{"floor":21,"key":"Block Potion"},{"floor":22,"key":"Dexterity Potion"},{"floor":30,"key":"EssenceOfSteel"},{"floor":35,"key":"Swift Potion"},{"floor":37,"key":"FocusPotion"},{"floor":38,"key":"Block Potion"},{"floor":41,"key":"Swift Potion"},{"floor":44,"key":"SpeedPotion"}],"is_trial":false,"path_per_floor":["M","M","M","M","M","E","R","?","T","$","M","M","M","M","R","B",null,"M","$","M","M","M","R","?","R","T","R","M","$","E","M","R","B",null,"M","$","M","M","?","R","E","R","T","M","?","E"],"character_chosen":"DEFECT","items_purchased":["DataDisk","Leap"],"campfire_rested":0,"item_purchase_floors":[10,10],"current_hp_per_floor":[75,75,75,75,75,52,52,27,27,27,27,27,36,34,34,39,75,75,75,75,75,75,75,75,75,75,75,75,75,75,75,75,75,75,54,54,54,61,61,61,51,51,51,46,46,0],"gold":0,"neow_bonus":"UPGRADE_CARD","is_prod":false,"is_daily":false,"chose_seed":false,"campfire_upgraded":8,"win_rate":0,"timestamp":1549140802,"path_taken":["M","M","M","M","M","E","R","?","T","$","M","M","M","M","R","BOSS","M","$","M","M","M","R","?","R","T","R","M","?","E","M","R","BOSS","M","$","M","M","?","R","E","R","T","M","?","E"],"build_version":"2019-01-23","purchased_purges":4,"victory":false,"max_hp_per_floor":[75,75,75,75,75,75,75,75,75,75,75,75,75,75,75,75,75,75,75,75,75,75,75,75,75,75,75,75,75,75,75,75,75,75,75,75,75,75,71,71,71,71,71,71,71,71],"card_choices":[{"not_picked":["Rebound","Recycle","Scrape"],"picked":"SKIP","floor":1},{"not_picked":["Genetic Algorithm","Leap"],"picked":"Chill","floor":2},{"not_picked":["Sunder","Sweeping Beam"],"picked":"Cold Snap","floor":3},{"not_picked":["Hello World","Ball Lightning"],"picked":"Defragment","floor":4},{"not_picked":["Recycle","Streamline","Hologram"],"picked":"SKIP","floor":5},{"not_picked":["Steam","Gash","FTL"],"picked":"SKIP","floor":6},{"not_picked":["Compile Driver","Gash"],"picked":"Cold Snap","floor":8},{"not_picked":["Ball Lightning","Beam Cell","Stack"],"picked":"SKIP","floor":11},{"not_picked":["Leap","Ball Lightning","Darkness"],"picked":"SKIP","floor":12},{"not_picked":["Reboot","Leap"],"picked":"Coolheaded","floor":13},{"not_picked":["Rebound","Redo"],"picked":"Self Repair","floor":14},{"not_picked":["Thunder Strike","Machine Learning"],"picked":"Creative AI","floor":16},{"not_picked":["Static Discharge","Sweeping Beam","Steam"],"picked":"SKIP","floor":18},{"not_picked":["Coolheaded","Doom and Gloom+1","Hologram+1"],"picked":"SKIP","floor":20},{"not_picked":["Redo","Stack","Conserve Battery"],"picked":"SKIP","floor":21},{"not_picked":["Go for the Eyes","Scrape","Conserve Battery+1"],"picked":"SKIP","floor":22},{"not_picked":["Compile Driver","Loop","Hello World+1"],"picked":"SKIP","floor":28},{"not_picked":["Darkness","Genetic Algorithm+1","Glacier"],"picked":"SKIP","floor":30},{"not_picked":["Sweeping Beam","Steam","Rebound"],"picked":"SKIP","floor":31},{"not_picked":["Seek","Machine Learning"],"picked":"Electrodynamics","floor":33},{"not_picked":["Streamline+1","Steam","Reinforced Body"],"picked":"SKIP","floor":35},{"not_picked":["Ball Lightning+1","Redo","Self Repair+1"],"picked":"SKIP","floor":37},{"not_picked":["Sunder","Streamline+1","Static Discharge+1"],"picked":"SKIP","floor":38},{"not_picked":["Sweeping Beam+1","Glacier"],"picked":"Electrodynamics","floor":41},{"not_picked":["Steam+1","Go for the Eyes+1","Gash+1"],"picked":"SKIP","floor":44}],"player_experience":146614,"relics_obtained":[{"floor":6,"key":"Regal Pillow"},{"floor":9,"key":"Whetstone"},{"floor":26,"key":"Vajra"},{"floor":30,"key":"Letter Opener"},{"floor":41,"key":"Happy Flower"},{"floor":43,"key":"Bronze Scales"}],"event_choices":[{"damage_healed":0,"gold_gain":0,"player_choice":"Searched \u00272\u0027 times","damage_taken":0,"relics_obtained":["Boot"],"max_hp_gain":0,"max_hp_loss":0,"event_name":"Dead Adventurer","floor":8,"gold_loss":0},{"damage_healed":0,"gold_gain":0,"player_choice":"Cursed","damage_taken":0,"max_hp_gain":0,"max_hp_loss":0,"event_name":"Wheel of Change","floor":24,"gold_loss":0,"cards_obtained":["Decay"]},{"damage_healed":0,"gold_gain":0,"player_choice":"Max HP","damage_taken":0,"max_hp_gain":0,"max_hp_loss":4,"event_name":"Winding Halls","floor":39,"gold_loss":0},{"damage_healed":0,"gold_gain":0,"player_choice":"Paid","damage_taken":0,"relics_obtained":["Red Mask"],"max_hp_gain":0,"max_hp_loss":0,"event_name":"Tomb of Lord Red Mask","floor":45,"gold_loss":118}],"is_beta":false,"boss_relics":[{"not_picked":["Cursed Key","Busted Crown"],"picked":"Velvet Choker"},{"not_picked":["Coffee Dripper","Calling Bell"],"picked":"White Beast Statue"}],"items_purged_floors":[10,19,29,36],"is_endless":false,"potions_floor_spawned":[2,3,4,8,12,18,21,22,30,35,37,38,41,44],"killed_by":"Giant Head","ascension_level":1}