{"gold_per_floor":[110,110,29,29,29,29,29,102,102,118,162,176,192,222],"floor_reached":14,"playtime":659,"items_purged":[],"score":123,"play_id":"7248e5a6-6231-4c6e-b6ac-3c07f454a612","local_time":"20190121153254","is_ascension_mode":false,"campfire_choices":[],"neow_cost":"NONE","seed_source_timestamp":414274708371836,"circlet_count":0,"master_deck":["Defend_G","Defend_G","Defend_G","Defend_G","Defend_G","Strike_G","Strike_G","Strike_G","Strike_G","Strike_G","Survivor","Neutralize","Outmaneuver","Distraction","Well Laid Plans","Deflect","Leg Sweep","Underhanded Strike","Deadly Poison"],"relics":["Ring of the Snake","NeowsBlessing","Golden Idol","Blue Candle","Tiny Chest","Ice Cream","Gremlin Horn"],"potions_floor_usage":[14],"damage_taken":[{"damage":0,"enemies":"2 Louse","floor":1,"turns":1},{"damage":0,"enemies":"Lagavulin","floor":8,"turns":1},{"damage":0,"enemies":"Small Slimes","floor":10,"turns":1},{"damage":24,"enemies":"3 Sentries","floor":11,"turns":17},{"damage":3,"enemies":"Jaw Worm","floor":12,"turns":7},{"damage":0,"enemies":"3 Louse","floor":13,"turns":3},{"damage":24,"enemies":"3 Sentries","floor":14,"turns":11}],"seed_played":"-7890231078213386169","potions_obtained":[{"floor":10,"key":"Dexterity Potion"},{"floor":11,"key":"Energy Potion"},{"floor":13,"key":"FearPotion"}],"is_trial":false,"path_per_floor":["M","?","$","?","?","$","$","E","T","M","E","M","M","?"],"character_chosen":"THE_SILENT","items_purchased":["Distraction"],"campfire_rested":0,"item_purchase_floors":[3],"current_hp_per_floor":[70,53,53,53,50,50,50,50,50,50,26,23,23,0],"gold":222,"neow_bonus":"THREE_ENEMY_KILL","is_prod":false,"is_daily":false,"chose_seed":false,"campfire_upgraded":0,"win_rate":0,"timestamp":1548102774,"path_taken":["M","?","$","?","?","?","$","E","T","M","E","M","M","?"],"build_version":"2019-01-17v2","purchased_purges":0,"victory":false,"max_hp_per_floor":[70,70,70,70,70,70,70,70,70,70,70,70,70,70],"card_choices":[{"not_picked":["Quick Slash","Bane"],"picked":"Outmaneuver","floor":1},{"not_picked":["Flechettes","Sucker Punch"],"picked":"Well Laid Plans","floor":8},{"not_picked":["Dagger Spray","Poisoned Stab"],"picked":"Deflect","floor":10},{"not_picked":["Masterful Stab","Bane"],"picked":"Leg Sweep","floor":11},{"not_picked":["Dodge and Roll","Deflect"],"picked":"Underhanded Strike","floor":12},{"not_picked":["Quick Slash","PiercingWail"],"picked":"Deadly Poison","floor":13}],"player_experience":158764,"relics_obtained":[{"floor":8,"key":"Tiny Chest"},{"floor":9,"key":"Ice Cream"},{"floor":11,"key":"Gremlin Horn"}],"event_choices":[{"damage_healed":0,"gold_gain":0,"player_choice":"Take Damage","damage_taken":17,"relics_obtained":["Golden Idol"],"max_hp_gain":0,"max_hp_loss":0,"event_name":"Golden Idol","floor":2,"gold_loss":0},{"damage_healed":0,"gold_gain":0,"player_choice":"Leave","damage_taken":0,"max_hp_gain":0,"max_hp_loss":0,"event_name":"The Cleric","floor":4,"gold_loss":0},{"damage_healed":0,"gold_gain":0,"player_choice":"Success","damage_taken":3,"relics_obtained":["Blue Candle"],"max_hp_gain":0,"max_hp_loss":0,"event_name":"Scrap Ooze","floor":5,"gold_loss":0},{"damage_healed":0,"gold_gain":30,"player_choice":"Searched \u00272\u0027 times","damage_taken":0,"max_hp_gain":0,"max_hp_loss":0,"event_name":"Dead Adventurer","floor":14,"gold_loss":0}],"is_beta":false,"boss_relics":[],"items_purged_floors":[],"is_endless":false,"potions_floor_spawned":[10,11,13],"killed_by":"3 Sentries","ascension_level":0}