{"gold_per_floor":[114,129,36,51,3,3,18,33,33,48,63,63,13,28,28,128,128,143,143,143,158,5,5,20,20,57,69,81,108,135,62,74,186,198,225,55,55,70,85,85,100,100,100,115,145,145,145,160,160,160],"floor_reached":50,"playtime":1886,"items_purged":[],"score":593,"play_id":"3be0be2b-a1a2-4578-aaca-a42c4abe22de","local_time":"20190211090122","daily_mods":["Specialized","Vintage","Terminal"],"is_ascension_mode":false,"campfire_choices":[{"data":"Crippling Poison","floor":6,"key":"SMITH"},{"floor":12,"key":"DIG"},{"floor":15,"key":"DIG"},{"floor":23,"key":"REST"},{"floor":25,"key":"DIG"},{"floor":28,"key":"DIG"},{"floor":32,"key":"REST"},{"floor":40,"key":"REST"},{"floor":42,"key":"REST"},{"floor":46,"key":"DIG"},{"floor":49,"key":"DIG"}],"neow_cost":"","seed_source_timestamp":104759423807876,"circlet_count":0,"master_deck":["Defend_G","Defend_G","Defend_G","Defend_G","Defend_G","Strike_G","Strike_G","Strike_G","Strike_G","Strike_G","Survivor","Neutralize","Crippling Poison+1","Crippling Poison","Crippling Poison","Crippling Poison","Crippling Poison","Finesse","Backflip","Envenom","Noxious Fumes","Heel Hook","Well Laid Plans","Heel Hook+1","Madness","Madness"],"special_seed":17938,"relics":["Ring of the Snake","Tingsha","Mummified Hand","Shuriken","Torii","WingedGreaves","Meat on the Bone","Shovel","Snake Skull","Question Card","Letter Opener","Smiling Mask","Juzu Bracelet","Nloth\u0027s Gift","Bag of Preparation","Bottled Tornado","MawBank","Orichalcum","Potion Belt","Happy Flower","Matryoshka","Blue Candle","The Courier","Lizard Tail","Molten Egg 2","Blood Vial","Omamori","Pen Nib","Oddly Smooth Stone","Regal Pillow","Ginger","Dream Catcher","Bag of Marbles","Bronze Scales","Mercury Hourglass","Ninja Scroll"],"potions_floor_usage":[16,18,20,21,33,39,41,41,48,50,50,50],"damage_taken":[{"damage":1,"enemies":"Cultist","floor":1,"turns":4},{"damage":0,"enemies":"Jaw Worm","floor":2,"turns":4},{"damage":0,"enemies":"2 Louse","floor":4,"turns":2},{"damage":2,"enemies":"Large Slime","floor":7,"turns":8},{"damage":1,"enemies":"Gremlin Gang","floor":8,"turns":3},{"damage":1,"enemies":"2 Fungi Beasts","floor":10,"turns":3},{"damage":0,"enemies":"Blue Slaver","floor":11,"turns":4},{"damage":0,"enemies":"Looter","floor":14,"turns":4},{"damage":0,"enemies":"The Guardian","floor":16,"turns":11},{"damage":0,"enemies":"3 Byrds","floor":18,"turns":2},{"damage":7,"enemies":"Colosseum Slavers","floor":20,"turns":3},{"damage":16,"enemies":"2 Thieves","floor":21,"turns":4},{"damage":1,"enemies":"Centurion and Healer","floor":24,"turns":5},{"damage":1,"enemies":"3 Cultists","floor":29,"turns":3},{"damage":10,"enemies":"Chosen and Byrds","floor":30,"turns":7},{"damage":17,"enemies":"Collector","floor":33,"turns":7},{"damage":8,"enemies":"3 Darklings","floor":35,"turns":3},{"damage":0,"enemies":"Orb Walker","floor":38,"turns":4},{"damage":8,"enemies":"Sphere and 2 Shapes","floor":39,"turns":3},{"damage":12,"enemies":"Maw","floor":41,"turns":8},{"damage":0,"enemies":"4 Shapes","floor":44,"turns":3},{"damage":44,"enemies":"Nemesis","floor":45,"turns":9},{"damage":0,"enemies":"Jaw Worm Horde","floor":48,"turns":4},{"damage":24,"enemies":"Donu and Deca","floor":50,"turns":4}],"seed_played":"6339212738474030288","potions_obtained":[{"floor":8,"key":"SkillPotion"},{"floor":10,"key":"Weak Potion"},{"floor":11,"key":"Energy Potion"},{"floor":16,"key":"Swift Potion"},{"floor":18,"key":"AttackPotion"},{"floor":30,"key":"Poison Potion"},{"floor":37,"key":"EssenceOfSteel"},{"floor":37,"key":"Weak Potion"},{"floor":37,"key":"Swift Potion"},{"floor":39,"key":"Swift Potion"},{"floor":45,"key":"GhostInAJar"},{"floor":48,"key":"Block Potion"}],"is_trial":false,"path_per_floor":["M","M","$","M","$","R","M","M","T","M","M","R","$","M","R","B",null,"M","?","?","M","$","R","M","R","T","?","R","M","M","?","R","B",null,"M","$","?","M","M","R","M","R","T","M","E","R","?","M","R","B"],"character_chosen":"THE_SILENT","items_purchased":["Finesse","Backflip","PowerPotion","Noxious Fumes","Heel Hook","Blood Vial","Well Laid Plans"],"campfire_rested":4,"item_purchase_floors":[3,5,13,22,22,36,36],"current_hp_per_floor":[68,67,66,65,64,63,61,60,60,59,58,57,56,55,54,53,52,51,50,43,27,27,41,40,40,40,40,40,39,29,29,37,20,35,27,27,27,29,23,29,17,25,25,25,24,23,20,21,20,0],"gold":160,"neow_bonus":"","is_prod":false,"is_daily":true,"chose_seed":false,"campfire_upgraded":1,"win_rate":0,"timestamp":1549893682,"path_taken":["M","M","?","M","$","R","M","M","T","M","M","R","$","M","R","BOSS","M","?","?","M","$","R","M","R","T","?","R","M","M","?","R","BOSS","M","$","?","M","M","R","M","R","T","M","E","R","?","M","R","BOSS"],"build_version":"2019-01-23","purchased_purges":0,"victory":false,"max_hp_per_floor":[68,67,66,65,64,63,62,61,60,59,58,57,56,55,54,53,52,51,50,49,48,47,46,45,44,43,42,41,40,39,38,37,36,35,34,33,32,31,30,29,28,27,26,25,24,23,22,21,20,20],"card_choices":[{"not_picked":["Malaise","Die Die Die","Phantasmal Killer"],"picked":"Envenom","floor":16},{"not_picked":["Bane+1","Deflect+1","Unload+1"],"picked":"Heel Hook+1","floor":45}],"player_experience":450203,"relics_obtained":[{"floor":1,"key":"Tingsha"},{"floor":2,"key":"Mummified Hand"},{"floor":4,"key":"Shuriken"},{"floor":7,"key":"Torii"},{"floor":8,"key":"WingedGreaves"},{"floor":9,"key":"Meat on the Bone"},{"floor":10,"key":"Shovel"},{"floor":11,"key":"Snake Skull"},{"floor":12,"key":"Question Card"},{"floor":14,"key":"Letter Opener"},{"floor":15,"key":"Smiling Mask"},{"floor":18,"key":"Juzu Bracelet"},{"floor":21,"key":"Bag of Preparation"},{"floor":24,"key":"Bottled Tornado"},{"floor":25,"key":"MawBank"},{"floor":26,"key":"Orichalcum"},{"floor":28,"key":"Happy Flower"},{"floor":29,"key":"Matryoshka"},{"floor":30,"key":"Blue Candle"},{"floor":35,"key":"Molten Egg 2"},{"floor":38,"key":"Omamori"},{"floor":39,"key":"Pen Nib"},{"floor":41,"key":"Oddly Smooth Stone"},{"floor":43,"key":"Regal Pillow"},{"floor":43,"key":"Ginger"},{"floor":44,"key":"Dream Catcher"},{"floor":45,"key":"Bag of Marbles"},{"floor":46,"key":"Bronze Scales"},{"floor":48,"key":"Mercury Hourglass"},{"floor":49,"key":"Ninja Scroll"}],"event_choices":[{"damage_healed":0,"gold_gain":0,"player_choice":"Traded Relic","damage_taken":0,"relics_obtained":["Nloth\u0027s Gift"],"max_hp_gain":0,"max_hp_loss":0,"event_name":"N\u0027loth","floor":19,"relics_lost":["White Beast Statue"],"gold_loss":0},{"damage_healed":0,"gold_gain":0,"player_choice":"Fight","damage_taken":0,"max_hp_gain":0,"max_hp_loss":0,"event_name":"Colosseum","floor":20,"gold_loss":0},{"damage_healed":0,"gold_gain":0,"player_choice":"Fled From Nobs","damage_taken":0,"max_hp_gain":0,"max_hp_loss":0,"event_name":"Colosseum","floor":20,"gold_loss":0},{"damage_healed":0,"gold_gain":0,"player_choice":"Opened","damage_taken":0,"relics_obtained":["Potion Belt"],"max_hp_gain":0,"max_hp_loss":0,"event_name":"The Mausoleum","floor":27,"gold_loss":0},{"damage_healed":0,"gold_gain":0,"player_choice":"Obtained Relic","damage_taken":0,"relics_obtained":["The Courier"],"max_hp_gain":0,"max_hp_loss":0,"event_name":"Addict","floor":31,"gold_loss":85},{"damage_healed":0,"gold_gain":0,"player_choice":"Got Potions","damage_taken":0,"max_hp_gain":0,"max_hp_loss":0,"event_name":"Lab","floor":37,"gold_loss":0},{"damage_healed":0,"gold_gain":0,"player_choice":"Embrace Madness","damage_taken":3,"max_hp_gain":0,"max_hp_loss":0,"event_name":"Winding Halls","floor":47,"gold_loss":0,"cards_obtained":["Madness","Madness"]}],"is_beta":false,"boss_relics":[{"not_picked":["Runic Pyramid","Runic Dome"],"picked":"White Beast Statue"},{"not_picked":["Black Star","Snecko Eye"],"picked":"Lizard Tail"}],"items_purged_floors":[],"is_endless":false,"potions_floor_spawned":[8,10,11,14,16,18,20,30,39,45,48],"killed_by":"Donu and Deca","ascension_level":0}