{"gold_per_floor":[110,110,121,46,63,63,93,113,113,113,128,128,142,168,168,168],"floor_reached":16,"playtime":1111,"items_purged":["Strike_B"],"score":185,"play_id":"7d4415ea-1a46-4542-a348-d0f3b7f4cc03","local_time":"20181119201452","is_ascension_mode":true,"campfire_choices":[{"data":"Fusion","floor":6,"key":"SMITH"},{"data":"Defend_B","floor":10,"key":"SMITH"},{"floor":12,"key":"REST"},{"floor":15,"key":"REST"}],"neow_cost":"NONE","seed_source_timestamp":4649406180619,"circlet_count":0,"master_deck":["AscendersBane","Strike_B","Strike_B","Defend_B","Defend_B","Defend_B","Defend_B+1","Zap","Dualcast","Fusion+1","Ball Lightning","Skim","Rebound","Loop","Reinforced Body"],"relics":["Cracked Core","NeowsBlessing","Dream Catcher","Centennial Puzzle","Question Card"],"potions_floor_usage":[13,14,16,16],"damage_taken":[{"damage":0,"enemies":"Jaw Worm","floor":1,"turns":1},{"damage":0,"enemies":"Cultist","floor":3,"turns":1},{"damage":0,"enemies":"2 Louse","floor":5,"turns":1},{"damage":20,"enemies":"Lagavulin","floor":7,"turns":7},{"damage":7,"enemies":"2 Fungi Beasts","floor":8,"turns":3},{"damage":7,"enemies":"3 Louse","floor":11,"turns":3},{"damage":22,"enemies":"Exordium Thugs","floor":13,"turns":4},{"damage":22,"enemies":"3 Sentries","floor":14,"turns":6},{"damage":42,"enemies":"Slime Boss","floor":16,"turns":10}],"seed_played":"2941926919970719283","potions_obtained":[{"floor":1,"key":"Swift Potion"},{"floor":8,"key":"PowerPotion"},{"floor":13,"key":"FearPotion"},{"floor":14,"key":"Fruit Juice"}],"is_trial":false,"path_per_floor":["M","?","M","$","M","R","E","M","T","R","M","R","M","E","R","B"],"character_chosen":"DEFECT","items_purchased":[],"campfire_rested":2,"item_purchase_floors":[],"current_hp_per_floor":[68,68,68,68,68,68,48,41,41,41,34,56,34,12,34,0],"gold":168,"neow_bonus":"THREE_ENEMY_KILL","is_prod":false,"is_daily":false,"chose_seed":false,"campfire_upgraded":2,"win_rate":0,"timestamp":1542654892,"path_taken":["M","?","M","$","?","R","E","?","T","R","M","R","M","E","R","BOSS"],"build_version":"2018-11-15","purchased_purges":1,"victory":false,"max_hp_per_floor":[75,75,75,75,75,75,75,75,75,75,75,75,75,75,75,80],"card_choices":[{"not_picked":["Coolheaded","Chill"],"picked":"Fusion","floor":1},{"not_picked":["Cold Snap","Redo","Sweeping Beam"],"picked":"SKIP","floor":3},{"not_picked":["Sweeping Beam","Cold Snap","Redo"],"picked":"SKIP","floor":5},{"not_picked":["Force Field","Seek"],"picked":"Skim","floor":7},{"not_picked":["Steam","Stack","FTL"],"picked":"SKIP","floor":8},{"not_picked":["Turbo","Beam Cell","Stack"],"picked":"SKIP","floor":11},{"not_picked":["Sweeping Beam","Gash"],"picked":"Rebound","floor":12},{"not_picked":["Cold Snap","Static Discharge"],"picked":"Loop","floor":13},{"not_picked":["Defragment","Skim"],"picked":"Reinforced Body","floor":14}],"player_experience":534141,"relics_obtained":[{"floor":7,"key":"Dream Catcher"},{"floor":9,"key":"Centennial Puzzle"},{"floor":14,"key":"Question Card"}],"event_choices":[{"damage_healed":0,"gold_gain":0,"cards_transformed":["Strike_B"],"player_choice":"Transformed","damage_taken":0,"max_hp_gain":0,"max_hp_loss":0,"event_name":"Transmorgrifier","floor":2,"gold_loss":0,"cards_obtained":["Ball Lightning"]}],"is_beta":false,"boss_relics":[],"items_purged_floors":[4],"is_endless":false,"potions_floor_spawned":[1,8,11,13,14],"killed_by":"Slime Boss","ascension_level":13}