{"gold_per_floor":[118,118,137,137,14,14,47,47,94,106,139,158,174,192,192,294,294,305,355,369,223,242,242,277,277,277,277,295,295,308,308,308,406,406,416,376,376,216,216,244,244,244,323,323,217,217,231,149,149,149],"floor_reached":51,"playtime":1952,"items_purged":["Regret","Strike_B","Strike_B+1"],"score":861,"play_id":"62647ed8-c962-4d70-aa6d-30fddf3bc6d6","local_time":"20190117131728","is_ascension_mode":true,"campfire_choices":[{"data":"Zap","floor":6.0,"key":"SMITH"},{"data":"Genetic Algorithm","floor":8.0,"key":"SMITH"},{"data":"Dualcast","floor":15.0,"key":"SMITH"},{"data":"Creative AI","floor":23.0,"key":"SMITH"},{"floor":25.0,"key":"REST"},{"data":"Redo","floor":27.0,"key":"SMITH"},{"data":"Redo","floor":29.0,"key":"SMITH"},{"floor":32.0,"key":"REST"},{"floor":41,"key":"REST"},{"data":"Defragment","floor":42,"key":"SMITH"},{"data":"Go for the Eyes","floor":44,"key":"SMITH"},{"floor":49,"key":"REST"}],"neow_cost":"NONE","seed_source_timestamp":481945163543947,"circlet_count":0,"master_deck":["Strike_B+1","Strike_B+1","Defend_B+1","Defend_B+1","Defend_B+1","Defend_B+1","Zap+1","Dualcast+1","Go for the Eyes+1","Gash","Redo+1","Genetic Algorithm+1","Glacier+1","All For One+1","Darkness","Coolheaded+1","Creative AI+1","Turbo+1","Redo+1","Steam","Gash","Ball Lightning","Electrodynamics","Coolheaded","Defragment+1","Consume","Self Repair+1","Stack+1","Capacitor+1"],"special_seed":0,"relics":["Cracked Core","NeowsBlessing","WingedGreaves","Cables","Strawberry","Whetstone","Pantograph","Inserter","Juzu Bracelet","Thread and Needle","Busted Crown","Sundial","Darkstone Periapt","Frozen Egg 2","GremlinMask"],"potions_floor_usage":[50],"damage_taken":[{"damage":0.0,"enemies":"Cultist","floor":1.0,"turns":1.0},{"damage":0.0,"enemies":"Small Slimes","floor":3.0,"turns":1.0},{"damage":0.0,"enemies":"3 Sentries","floor":7.0,"turns":1.0},{"damage":7.0,"enemies":"Jaw Worm","floor":10.0,"turns":2.0},{"damage":2.0,"enemies":"Gremlin Nob","floor":11.0,"turns":3.0},{"damage":5.0,"enemies":"Gremlin Gang","floor":12.0,"turns":4.0},{"damage":6.0,"enemies":"Looter","floor":13.0,"turns":3.0},{"damage":15.0,"enemies":"Lots of Slimes","floor":14.0,"turns":3.0},{"damage":36.0,"enemies":"Hexaghost","floor":16.0,"turns":10.0},{"damage":0.0,"enemies":"Chosen","floor":18.0,"turns":3.0},{"damage":12.0,"enemies":"Spheric Guardian","floor":20.0,"turns":5.0},{"damage":35.0,"enemies":"3 Cultists","floor":22.0,"turns":6.0},{"damage":13.0,"enemies":"Book of Stabbing","floor":24.0,"turns":8.0},{"damage":23.0,"enemies":"Chosen and Byrds","floor":28.0,"turns":9.0},{"damage":14.0,"enemies":"Centurion and Healer","floor":30.0,"turns":6.0},{"damage":48.0,"enemies":"Automaton","floor":33.0,"turns":10.0},{"damage":6.0,"enemies":"Orb Walker","floor":35.0,"turns":5.0},{"damage":66,"enemies":"Reptomancer","floor":40,"turns":8},{"damage":11,"enemies":"3 Shapes","floor":47,"turns":3},{"damage":58,"enemies":"Donu and Deca","floor":50,"turns":7}],"seed_played":"6989700154381626939","potions_obtained":[{"floor":1.0,"key":"AttackPotion"},{"floor":7.0,"key":"Fire Potion"},{"floor":12.0,"key":"Fire Potion"},{"floor":20.0,"key":"SkillPotion"},{"floor":28.0,"key":"Block Potion"},{"floor":30.0,"key":"Swift Potion"},{"floor":47,"key":"Strength Potion"}],"is_trial":false,"path_per_floor":["M","T","M","?","$","R","E","R","T","M","E","M","M","M","R","B",null,"M","?","M","$","M","R","E","R","T","R","M","R","M","?","R","B",null,"M","?","?","$","T","E","R","R","T","R","$","?","M","$","R","B",null],"character_chosen":"DEFECT","items_purchased":["Redo","Steam","Defragment","Consume","Self Repair+1","Capacitor+1"],"campfire_rested":4,"item_purchase_floors":[5,21,38,45,45,48],"current_hp_per_floor":[75,75,75,75,75,75,82,82,82,75,73,68,62,47,47,36,82,82,82,70,70,35,35,22,46,46,46,23,23,9,9,33,10,82,76,76,76,76,76,10,34,34,34,34,34,34,33,33,57,24],"gold":149,"neow_bonus":"THREE_ENEMY_KILL","is_prod":false,"is_daily":false,"chose_seed":false,"campfire_upgraded":8,"win_rate":0,"timestamp":1547752648,"path_taken":["M","?","M","?","?","R","E","R","T","M","E","?","M","M","R","BOSS","M","?","M","$","M","R","E","R","T","R","M","R","M","?","R","BOSS","M","?","?","?","?","E","R","R","T","R","$","?","M","$","R","BOSS"],"build_version":"2019-01-10","purchased_purges":3,"victory":true,"max_hp_per_floor":[75,75,75,75,75,75,82,82,82,82,82,82,82,82,82,82,82,82,82,82,82,82,82,82,82,82,82,82,82,82,82,82,82,82,82,82,82,82,82,82,82,82,82,82,82,82,82,82,82,82],"card_choices":[{"not_picked":["Skim","Steam"],"picked":"Go for the Eyes","floor":1.0},{"not_picked":["Sweeping Beam","Ball Lightning"],"picked":"Gash","floor":3.0},{"not_picked":["Steam","Stack"],"picked":"Genetic Algorithm","floor":7.0},{"not_picked":["Compile Driver","Turbo"],"picked":"Glacier","floor":10.0},{"not_picked":["Streamline","Hologram"],"picked":"All For One","floor":11.0},{"not_picked":["Turbo","Rebound"],"picked":"Darkness","floor":12.0},{"not_picked":["Auto Shields","Redo"],"picked":"Coolheaded","floor":13.0},{"not_picked":["Barrage","Doom and Gloom","Streamline"],"picked":"SKIP","floor":14.0},{"not_picked":["Meteor Strike","Seek"],"picked":"Creative AI","floor":16.0},{"not_picked":["Recycle+1","Leap"],"picked":"Turbo+1","floor":18.0},{"not_picked":["Sunder+1","Aggregate"],"picked":"Redo","floor":20.0},{"not_picked":["Sweeping Beam+1","Undo","Beam Cell+1"],"picked":"SKIP","floor":22.0},{"not_picked":["Barrage","Beam Cell+1"],"picked":"Gash","floor":24.0},{"not_picked":["Beam Cell+1","Cold Snap"],"picked":"Ball Lightning","floor":28.0},{"not_picked":["All For One","Static Discharge","Compile Driver"],"picked":"SKIP","floor":30.0},{"not_picked":["Buffer","Seek"],"picked":"Electrodynamics","floor":33.0},{"not_picked":[],"picked":"Coolheaded","floor":35.0},{"not_picked":["Aggregate"],"picked":"SKIP","floor":40},{"not_picked":[],"picked":"Stack+1","floor":47}],"player_experience":107298,"relics_obtained":[{"floor":2.0,"key":"WingedGreaves"},{"floor":7.0,"key":"Strawberry"},{"floor":9.0,"key":"Whetstone"},{"floor":11.0,"key":"Pantograph"},{"floor":24.0,"key":"Juzu Bracelet"},{"floor":26.0,"key":"Thread and Needle"},{"floor":39.0,"key":"Sundial"},{"floor":40,"key":"Darkstone Periapt"},{"floor":43,"key":"Frozen Egg 2"}],"event_choices":[{"damage_healed":0.0,"max_hp_gain":0.0,"max_hp_loss":0.0,"gold_gain":0.0,"event_name":"Big Fish","player_choice":"Box","floor":4.0,"gold_loss":0.0,"damage_taken":0.0,"relics_obtained":["Cables"],"cards_obtained":["Regret"]},{"damage_healed":0.0,"max_hp_gain":0.0,"max_hp_loss":0.0,"gold_gain":100.0,"event_name":"The Joust","player_choice":"Bet on Murderer","floor":19.0,"gold_loss":50.0,"damage_taken":0.0},{"damage_healed":0.0,"max_hp_gain":0.0,"max_hp_loss":0.0,"gold_gain":0.0,"event_name":"Back to Basics","player_choice":"Simplicity","floor":31.0,"gold_loss":0.0,"damage_taken":0.0,"cards_upgraded":["Strike_B","Defend_B","Defend_B","Defend_B","Defend_B"]},{"damage_healed":0.0,"max_hp_gain":0.0,"max_hp_loss":0.0,"gold_gain":0.0,"event_name":"Designer","player_choice":"Upgraded Two","floor":36.0,"gold_loss":40.0,"damage_taken":0.0,"cards_upgraded":["All For One","Coolheaded"]},{"damage_healed":0.0,"max_hp_gain":0.0,"max_hp_loss":0.0,"gold_gain":0.0,"event_name":"Accursed Blacksmith","player_choice":"Forge","floor":37.0,"gold_loss":0.0,"damage_taken":0.0,"cards_upgraded":["Glacier"]},{"damage_healed":0,"gold_gain":0,"player_choice":"Trade","damage_taken":0,"relics_obtained":["GremlinMask"],"max_hp_gain":0,"max_hp_loss":0,"event_name":"FaceTrader","floor":46,"gold_loss":0}],"is_beta":false,"boss_relics":[{"not_picked":["Calling Bell","Tiny House"],"picked":"Inserter"},{"not_picked":["FrozenCore","Astrolabe"],"picked":"Busted Crown"}],"items_purged_floors":[5,21,38],"is_endless":false,"potions_floor_spawned":[1,7,12,20,28,30,47],"ascension_level":4}