{"gold_per_floor":[113,128,53,68,82,82,114,133,133,133,33,43,43,68,68,172,172,192,192,29,29,48,78,3,32,59,59,71,82,101,120,120,219,219,229,229,240,255,265,297,26,26,26,26,41,41,41,53,53,53],"floor_reached":50,"playtime":4528,"items_purged":["Defend_G","Strike_G","Strike_G"],"score":551,"play_id":"e088755b-5207-4457-9f43-e3982df3f15b","local_time":"20190224125625","is_ascension_mode":false,"campfire_choices":[{"data":"Finisher","floor":6.0,"key":"SMITH"},{"floor":10.0,"key":"REST"},{"floor":13.0,"key":"REST"},{"floor":15.0,"key":"RECALL"},{"floor":27.0,"key":"REST"},{"data":"Panache","floor":32.0,"key":"SMITH"},{"floor":42.0,"key":"REST"},{"floor":47,"key":"REST"},{"data":"Dodge and Roll","floor":49,"key":"SMITH"}],"neow_cost":"NONE","seed_source_timestamp":133779449396248,"circlet_count":0,"master_deck":["Defend_G","Defend_G","Defend_G","Defend_G","Survivor","Neutralize","Outmaneuver","Masterful Stab","Finisher+1","Blade Dance","PiercingWail","Backflip","Acrobatics","Phantasmal Killer","Die Die Die","Calculated Gamble+1","Panache+1","Skewer+1","Caltrops+1","Dodge and Roll+1","Footwork+1","Blade Dance+1","Leg Sweep","Backflip+1","Caltrops+1","Shame","Madness","Madness"],"special_seed":0,"relics":["Sozu","Shuriken","Bottled Flame","Tingsha","Cursed Key","Matryoshka","Bag of Preparation","Regal Pillow","Empty Cage","Sundial","Bag of Marbles","Orichalcum","Gremlin Horn"],"potions_floor_usage":[],"damage_taken":[{"damage":0.0,"enemies":"Cultist","floor":1.0,"turns":5.0},{"damage":0.0,"enemies":"Jaw Worm","floor":2.0,"turns":5.0},{"damage":1.0,"enemies":"2 Louse","floor":4.0,"turns":2.0},{"damage":0.0,"enemies":"Looter","floor":5.0,"turns":3.0},{"damage":33.0,"enemies":"Lagavulin","floor":7.0,"turns":7.0},{"damage":4.0,"enemies":"Exordium Wildlife","floor":8.0,"turns":4.0},{"damage":0.0,"enemies":"Lots of Slimes","floor":12.0,"turns":3.0},{"damage":5.0,"enemies":"3 Sentries","floor":14.0,"turns":4.0},{"damage":23.0,"enemies":"Hexaghost","floor":16.0,"turns":9.0},{"damage":0.0,"enemies":"3 Byrds","floor":18.0,"turns":3.0},{"damage":7.0,"enemies":"2 Thieves","floor":22.0,"turns":3.0},{"damage":0.0,"enemies":"Gremlin Leader","floor":23.0,"turns":5.0},{"damage":22.0,"enemies":"Slavers","floor":25.0,"turns":3.0},{"damage":0.0,"enemies":"Sentry and Sphere","floor":28.0,"turns":3.0},{"damage":0.0,"enemies":"3 Cultists","floor":29.0,"turns":2.0},{"damage":0.0,"enemies":"Centurion and Healer","floor":30.0,"turns":4.0},{"damage":1.0,"enemies":"Snecko","floor":31.0,"turns":5.0},{"damage":54.0,"enemies":"Automaton","floor":33.0,"turns":7.0},{"damage":6.0,"enemies":"3 Shapes","floor":35.0,"turns":3.0},{"damage":0.0,"enemies":"3 Darklings","floor":37.0,"turns":3.0},{"damage":16.0,"enemies":"Sphere and 2 Shapes","floor":38.0,"turns":4.0},{"damage":5.0,"enemies":"Transient","floor":39.0,"turns":5.0},{"damage":9.0,"enemies":"Reptomancer","floor":40.0,"turns":5.0},{"damage":7,"enemies":"Jaw Worm Horde","floor":45,"turns":3},{"damage":0,"enemies":"3 Darklings","floor":48,"turns":2},{"damage":79,"enemies":"Time Eater","floor":50,"turns":14}],"seed_played":"627265186175293971","potions_obtained":[],"is_trial":false,"path_per_floor":["M","M","$","M","M","R","E","M","T","R","$","M","R","E","R","B",null,"M","?","$","?","M","E","?","E","T","R","M","M","M","M","R","B",null,"M","?","M","M","M","E","$","R","T","?","M","?","R","M","R","B"],"character_chosen":"THE_SILENT","items_purchased":["Panache","Bag of Marbles"],"campfire_rested":5,"item_purchase_floors":[20,41],"current_hp_per_floor":[70,70,70,69,69,69,36,32,32,53,53,53,70,65,65,42,70,70,70,70,70,63,63,63,41,41,70,70,70,70,69,69,15,67,61,61,61,45,40,31,31,66,66,66,59,51,67,67,67,0],"gold":53,"neow_bonus":"BOSS_RELIC","is_prod":false,"is_daily":false,"chose_seed":false,"campfire_upgraded":3,"win_rate":0,"timestamp":1550980585,"path_taken":["M","?","$","?","M","R","E","M","T","R","?","M","R","E","R","BOSS","M","?","$","?","M","E","?","E","T","R","M","?","M","M","R","BOSS","M","?","M","M","?","E","?","R","T","?","?","?","R","M","R","BOSS"],"build_version":"2019-01-23","purchased_purges":3,"victory":false,"max_hp_per_floor":[70,70,70,70,70,70,70,70,70,70,70,70,70,70,70,70,70,70,70,70,70,70,70,70,70,70,70,70,70,70,70,70,70,67,67,67,67,67,67,67,67,67,67,67,67,67,67,67,67,67],"card_choices":[{"not_picked":["Expertise","Quick Slash"],"picked":"Outmaneuver","floor":1.0},{"not_picked":["Blade Dance","Deflect"],"picked":"Masterful Stab","floor":2.0},{"not_picked":["Sucker Punch","Prepared"],"picked":"Finisher","floor":4.0},{"not_picked":["Cloak And Dagger","Tactician"],"picked":"Blade Dance","floor":5.0},{"not_picked":["Heel Hook","Blade Dance"],"picked":"PiercingWail","floor":7.0},{"not_picked":["Distraction","Dodge and Roll"],"picked":"Backflip","floor":8.0},{"not_picked":["Noxious Fumes","Masterful Stab"],"picked":"Acrobatics","floor":12.0},{"not_picked":["Dagger Throw","Acrobatics"],"picked":"Phantasmal Killer","floor":14.0},{"not_picked":["Venomology","Doppelganger"],"picked":"Die Die Die","floor":16.0},{"not_picked":["Dodge and Roll","Quick Slash"],"picked":"Calculated Gamble+1","floor":18.0},{"not_picked":["Sucker Punch","Quick Slash","Deadly Poison"],"picked":"SKIP","floor":22.0},{"not_picked":["Sucker Punch+1","Dagger Throw"],"picked":"Skewer+1","floor":23.0},{"not_picked":["Bullet Time","Cloak And Dagger"],"picked":"Caltrops+1","floor":25.0},{"not_picked":["Flying Knee","Acrobatics","Cloak And Dagger"],"picked":"SKIP","floor":28.0},{"not_picked":["Bouncing Flask+1","Outmaneuver"],"picked":"Dodge and Roll","floor":29.0},{"not_picked":["Acrobatics+1","Escape Plan"],"picked":"Footwork","floor":30.0},{"not_picked":["Choke","Bouncing Flask","Setup"],"picked":"SKIP","floor":31.0},{"not_picked":["Underhanded Strike","Terror+1"],"picked":"Blade Dance+1","floor":35.0},{"not_picked":["Expertise","Sucker Punch","Terror+1"],"picked":"SKIP","floor":37.0},{"not_picked":["Choke","Bane"],"picked":"Leg Sweep","floor":38.0},{"not_picked":["Dodge and Roll+1","Dagger Throw+1"],"picked":"Backflip+1","floor":39.0},{"not_picked":["Sucker Punch","Dagger Spray+1"],"picked":"Caltrops+1","floor":40.0},{"not_picked":["Dagger Spray+1","Flying Knee+1","Bane+1"],"picked":"SKIP","floor":45},{"not_picked":["Bane","Sucker Punch","Doppelganger"],"picked":"SKIP","floor":48}],"player_experience":664566,"relics_obtained":[{"floor":7.0,"key":"Shuriken"},{"floor":9.0,"key":"Bottled Flame"},{"floor":14.0,"key":"Tingsha"},{"floor":23.0,"key":"Matryoshka"},{"floor":25.0,"key":"Bag of Preparation"},{"floor":26.0,"key":"Regal Pillow"},{"floor":40.0,"key":"Sundial"},{"floor":43.0,"key":"Orichalcum"},{"floor":43.0,"key":"Gremlin Horn"}],"event_choices":[{"damage_healed":0.0,"max_hp_gain":0.0,"max_hp_loss":0.0,"gold_gain":0.0,"event_name":"Ghosts","player_choice":"Ignored","floor":19.0,"gold_loss":0.0,"damage_taken":0.0},{"cards_removed":["Strike_G"],"damage_healed":0.0,"max_hp_gain":0.0,"max_hp_loss":0.0,"gold_gain":0.0,"event_name":"Back to Basics","player_choice":"Elegance","floor":21.0,"gold_loss":0.0,"damage_taken":0.0},{"cards_removed":["Strike_G"],"damage_healed":0.0,"max_hp_gain":0.0,"max_hp_loss":0.0,"gold_gain":0.0,"event_name":"Beggar","player_choice":"Gave Gold","floor":24.0,"gold_loss":75.0,"damage_taken":0.0},{"damage_healed":0.0,"max_hp_gain":0.0,"max_hp_loss":0.0,"gold_gain":0.0,"event_name":"Lab","player_choice":"Got Potions","floor":36.0,"gold_loss":0.0,"damage_taken":0.0},{"damage_healed":0.0,"max_hp_gain":0.0,"max_hp_loss":0.0,"gold_gain":0.0,"event_name":"Accursed Blacksmith","player_choice":"Forge","floor":44.0,"gold_loss":0.0,"damage_taken":0.0,"cards_upgraded":["Footwork"]},{"damage_healed":0,"gold_gain":0,"player_choice":"Embrace Madness","damage_taken":8,"max_hp_gain":0,"max_hp_loss":0,"event_name":"Winding Halls","floor":46,"gold_loss":0,"cards_obtained":["Madness","Madness"]}],"is_beta":false,"boss_relics":[{"not_picked":["Ectoplasm","Astrolabe"],"picked":"Cursed Key"},{"not_picked":["Fusion Hammer","Runic Dome"],"picked":"Empty Cage"}],"items_purged_floors":[3,11,41],"is_endless":false,"potions_floor_spawned":[2,5,7,14,23,29,30,31,35,38,39],"killed_by":"Time Eater","ascension_level":0}