{"gold_per_floor":[114,125,145,156,170,170,196,216,216,291,305,305,316,332,332,332],"floor_reached":16,"playtime":1461,"items_purged":[],"score":151,"play_id":"8ed2064b-df3c-4d5d-b9e0-77d871a7a4d7","local_time":"20180824182818","is_ascension_mode":true,"campfire_choices":[{"floor":12,"key":"REST"},{"floor":15,"key":"REST"}],"neow_cost":"NONE","seed_source_timestamp":2544295291717,"circlet_count":0,"master_deck":["Defend_G","Defend_G","Defend_G","Defend_G","Defend_G","Strike_G","Strike_G","Strike_G","Strike_G","Strike_G","Survivor","Neutralize","Calculated Gamble","Underhanded Strike","Terror","Dash","Regret","Grand Finale+1","PiercingWail","Backflip","Backflip","Footwork","Dash+1"],"relics":["Ring of the Snake","Dream Catcher","Molten Egg 2","The Specimen","Smiling Mask"],"potions_floor_usage":[4,7,11,16,16],"damage_taken":[{"damage":1,"enemies":"Cultist","floor":1,"turns":5},{"damage":0,"enemies":"Small Slimes","floor":2,"turns":4},{"damage":3,"enemies":"Jaw Worm","floor":3,"turns":8},{"damage":0,"enemies":"Large Slime","floor":4,"turns":6},{"damage":1,"enemies":"Looter","floor":5,"turns":4},{"damage":43,"enemies":"Lagavulin","floor":7,"turns":10},{"damage":2,"enemies":"3 Louse","floor":8,"turns":3},{"damage":4,"enemies":"Large Slime","floor":11,"turns":7},{"damage":3,"enemies":"Exordium Wildlife","floor":13,"turns":6},{"damage":4,"enemies":"2 Fungi Beasts","floor":14,"turns":5},{"damage":54,"enemies":"Hexaghost","floor":16,"turns":16}],"seed_played":"-5896792085330374664","potions_obtained":[{"floor":2,"key":"Explosive Potion"},{"floor":3,"key":"Regen Potion"},{"floor":8,"key":"Strength Potion"},{"floor":13,"key":"GamblersBrew"},{"floor":14,"key":"SpeedPotion"}],"is_trial":false,"path_per_floor":["M","M","M","M","M","?","E","M","T","?","M","R","M","M","R"],"character_chosen":"THE_SILENT","items_purchased":[],"campfire_rested":2,"item_purchase_floors":[],"current_hp_per_floor":[62,62,59,59,58,58,30,28,28,17,13,34,31,27,48,0],"gold":332,"neow_bonus":"RANDOM_COMMON_RELIC","is_prod":false,"is_daily":false,"chose_seed":false,"campfire_upgraded":0,"win_rate":0,"timestamp":1535128098,"path_taken":["M","M","M","?","M","?","E","M","T","?","M","R","M","M","R","BOSS"],"build_version":"2018-08-23v2","purchased_purges":0,"victory":false,"max_hp_per_floor":[70,70,70,70,70,70,70,70,70,70,70,70,70,70,70,70],"card_choices":[{"not_picked":["Quick Slash","Backflip"],"picked":"Calculated Gamble","floor":1},{"not_picked":["Outmaneuver","Dodge and Roll"],"picked":"Underhanded Strike","floor":2},{"not_picked":["Deflect","Outmaneuver"],"picked":"Terror","floor":3},{"not_picked":["Blade Dance","Poisoned Stab","Sucker Punch"],"picked":"SKIP","floor":4},{"not_picked":["Predator","Slice"],"picked":"Dash","floor":5},{"not_picked":["Quick Slash+1","Choke+1"],"picked":"Grand Finale+1","floor":7},{"not_picked":["Cloak And Dagger","Bane+1"],"picked":"PiercingWail","floor":8},{"not_picked":["Outmaneuver","Bane+1","Dodge and Roll"],"picked":"SKIP","floor":11},{"not_picked":["Bane+1","Accuracy"],"picked":"Backflip","floor":12},{"not_picked":["PiercingWail","Sucker Punch+1"],"picked":"Backflip","floor":13},{"not_picked":["Flying Knee+1","Terror"],"picked":"Footwork","floor":14},{"not_picked":["Escape Plan","Blade Dance"],"picked":"Dash+1","floor":15}],"player_experience":326055,"relics_obtained":[{"floor":7,"key":"The Specimen"},{"floor":9,"key":"Smiling Mask"}],"event_choices":[{"event_name":"Big Fish","player_choice":"Box","floor":6,"damage_taken":0},{"event_name":"World of Goop","player_choice":"Gather Gold","floor":10,"damage_taken":0}],"is_beta":false,"boss_relics":[],"items_purged_floors":[],"is_endless":false,"potions_floor_spawned":[2,3,8,13,14],"killed_by":"Hexaghost","ascension_level":8}