{"gold_per_floor":[117,29,43,43,143,174,185,185,485,485,519,519,519,547,547,619,619,633,548,573,573,430,430,430,417,440,459,475,475,179,196,196,273,273,289,337,437,347,359,359,81,81,132,142,142,142,153,0,0,0],"floor_reached":51,"playtime":6031,"items_purged":["Strike_R","Strike_R","Strike_R"],"score":1112,"play_id":"c929c265-5728-4034-97bf-63b4fbea8a42","local_time":"20190223193350","is_ascension_mode":true,"campfire_choices":[{"floor":10,"key":"REST"},{"floor":12,"key":"REST"},{"data":"Corruption","floor":13,"key":"SMITH"},{"floor":15,"key":"REST"},{"data":"Inflame","floor":23,"key":"SMITH"},{"floor":29,"key":"REST"},{"floor":32,"key":"REST"},{"floor":40,"key":"REST"},{"data":"Shockwave","floor":42,"key":"SMITH"},{"floor":45,"key":"REST"},{"data":"Feel No Pain","floor":46,"key":"SMITH"},{"data":"Armaments","floor":49,"key":"SMITH"}],"neow_cost":"NONE","seed_source_timestamp":92348542477000,"circlet_count":0,"master_deck":["AscendersBane","Strike_R","Defend_R","Defend_R","Defend_R","Defend_R","Bash","Rampage","Blind","Pommel Strike","Corruption+1","Inflame+1","Body Slam","Exhume","Armaments+1","Havoc+1","Infernal Blade","Armaments","Evolve+1","Shrug It Off","Entrench","Entrench","Fiend Fire+1","Shrug It Off","Shrug It Off","Dark Embrace","Shockwave+1","Feel No Pain+1","Entrench"],"relics":["Burning Blood","Dead Branch","Old Coin","WingedGreaves","Pen Nib","Mark of Pain","Molten Egg 2","Red Mask","MutagenicStrength","Happy Flower","Bag of Preparation","Snecko Eye","Charon\u0027s Ashes","Du-Vu Doll","Boot","Lantern"],"potions_floor_usage":[14,16,25,27,27,28,33,47,50,50],"damage_taken":[{"damage":6,"enemies":"Cultist","floor":1,"turns":3},{"damage":18,"enemies":"Small Slimes","floor":3,"turns":4},{"damage":40,"enemies":"Lagavulin","floor":6,"turns":8},{"damage":0,"enemies":"Jaw Worm","floor":7,"turns":3},{"damage":41,"enemies":"Gremlin Nob","floor":11,"turns":5},{"damage":18,"enemies":"3 Sentries","floor":14,"turns":5},{"damage":37,"enemies":"Hexaghost","floor":16,"turns":8},{"damage":0,"enemies":"Spheric Guardian","floor":18,"turns":3},{"damage":41,"enemies":"Masked Bandits","floor":20,"turns":5},{"damage":25,"enemies":"2 Thieves","floor":25,"turns":4},{"damage":2,"enemies":"Chosen and Byrds","floor":27,"turns":6},{"damage":21,"enemies":"Centurion and Healer","floor":28,"turns":5},{"damage":0,"enemies":"3 Cultists","floor":31,"turns":1},{"damage":10,"enemies":"Automaton","floor":33,"turns":6},{"damage":0,"enemies":"Orb Walker","floor":35,"turns":2},{"damage":28,"enemies":"2 Orb Walkers","floor":36,"turns":5},{"damage":36,"enemies":"Mind Bloom Boss Battle","floor":37,"turns":3},{"damage":0,"enemies":"3 Darklings","floor":39,"turns":1},{"damage":0,"enemies":"Maw","floor":44,"turns":1},{"damage":0,"enemies":"Transient","floor":47,"turns":5},{"damage":25,"enemies":"Awakened One","floor":50,"turns":5}],"seed_played":"4888556195704547064","potions_obtained":[{"floor":1,"key":"SkillPotion"},{"floor":3,"key":"PowerPotion"},{"floor":14,"key":"LiquidBronze"},{"floor":18,"key":"Regen Potion"},{"floor":25,"key":"PowerPotion"},{"floor":27,"key":"LiquidBronze"},{"floor":31,"key":"AttackPotion"},{"floor":39,"key":"GamblersBrew"},{"floor":44,"key":"Explosive Potion"},{"floor":47,"key":"Weak Potion"}],"is_trial":false,"path_per_floor":["M","$","M","$","?","E","M","?","T","R","E","R","R","E","R","B",null,"M","?","?","?","$","R","?","M","T","M","M","R","$","M","R","B",null,"M","?","?","?","M","R","$","R","T","M","R","R","M","$","R","B",null],"character_chosen":"IRONCLAD","items_purchased":["Blind","Infernal Blade","Bag of Preparation","Entrench","Shockwave","Feel No Pain","Lantern"],"campfire_rested":7,"item_purchase_floors":[2,22,30,30,41,41,48],"current_hp_per_floor":[80,80,68,68,68,34,40,40,40,66,31,57,57,45,71,40,76,82,82,47,47,47,47,30,11,11,30,15,42,42,48,75,71,88,93,71,41,41,47,74,74,74,74,80,93,93,93,93,93,74],"gold":0,"neow_bonus":"TEN_PERCENT_HP_BONUS","is_prod":false,"is_daily":false,"chose_seed":false,"campfire_upgraded":5,"win_rate":0,"timestamp":1550921630,"path_taken":["M","$","?","$","?","E","?","?","T","R","E","R","R","E","R","BOSS","M","?","?","?","$","R","?","M","T","M","?","R","$","M","R","BOSS","M","?","?","?","?","R","$","R","T","M","R","R","M","$","R","BOSS"],"build_version":"2019-01-23","purchased_purges":3,"victory":true,"max_hp_per_floor":[88,88,88,88,88,88,88,88,88,88,88,88,88,88,88,88,88,88,88,88,88,88,88,93,93,93,93,93,93,93,93,93,93,93,93,93,93,93,93,93,93,93,93,93,93,93,93,93,93,93],"card_choices":[{"not_picked":["Spot Weakness","Wild Strike"],"picked":"Rampage","floor":1},{"not_picked":["Sword Boomerang","Twin Strike"],"picked":"Pommel Strike","floor":3},{"not_picked":["Anger","Clash","Twin Strike"],"picked":"SKIP","floor":6},{"not_picked":["Body Slam","Iron Wave"],"picked":"Corruption","floor":7},{"not_picked":["Wild Strike","Fire Breathing"],"picked":"Inflame","floor":11},{"not_picked":["Sever Soul","Clash"],"picked":"Body Slam","floor":14},{"not_picked":["Barricade","Berserk"],"picked":"Exhume","floor":16},{"not_picked":["Pommel Strike","Sword Boomerang"],"picked":"Armaments","floor":18},{"not_picked":["Corruption","Metallicize"],"picked":"Havoc","floor":20},{"not_picked":["Clothesline+1","Twin Strike+1"],"picked":"Armaments","floor":25},{"not_picked":["Twin Strike+1","Clash+1"],"picked":"Evolve+1","floor":27},{"not_picked":["Iron Wave+1","Infernal Blade"],"picked":"Shrug It Off","floor":28},{"not_picked":["Intimidate","Cleave+1"],"picked":"Entrench","floor":31},{"not_picked":["Immolate+1","Brutality"],"picked":"Fiend Fire+1","floor":33},{"not_picked":["Clash+1","Intimidate"],"picked":"Shrug It Off","floor":35},{"not_picked":["Sword Boomerang+1","Clothesline+1"],"picked":"Shrug It Off","floor":37},{"not_picked":["Thunderclap+1","Shrug It Off"],"picked":"Dark Embrace","floor":39},{"not_picked":["Clash+1","Clothesline+1","Warcry+1"],"picked":"SKIP","floor":44},{"not_picked":["Twin Strike+1","Bloodletting"],"picked":"Entrench","floor":47}],"player_experience":404439,"relics_obtained":[{"floor":6,"key":"Dead Branch"},{"floor":9,"key":"Old Coin"},{"floor":11,"key":"WingedGreaves"},{"floor":14,"key":"Pen Nib"},{"floor":20,"key":"Red Mask"},{"floor":26,"key":"Happy Flower"},{"floor":36,"key":"Charon\u0027s Ashes"},{"floor":37,"key":"Du-Vu Doll"},{"floor":43,"key":"Boot"}],"event_choices":[{"damage_healed":0,"gold_gain":100,"player_choice":"Pray","damage_taken":0,"max_hp_gain":0,"max_hp_loss":0,"event_name":"Golden Shrine","floor":5,"gold_loss":0},{"damage_healed":0,"gold_gain":0,"player_choice":"Ignored","damage_taken":0,"max_hp_gain":0,"max_hp_loss":0,"event_name":"Liars Game","floor":8,"gold_loss":0},{"damage_healed":0,"gold_gain":0,"player_choice":"Obtained Relic","damage_taken":0,"relics_obtained":["Molten Egg 2"],"max_hp_gain":0,"max_hp_loss":0,"event_name":"Addict","floor":19,"gold_loss":85},{"damage_healed":0,"gold_gain":0,"player_choice":"Fought Bandits","damage_taken":0,"max_hp_gain":0,"max_hp_loss":0,"event_name":"Masked Bandits","floor":20,"gold_loss":0},{"damage_healed":0,"gold_gain":0,"player_choice":"Inject Mutagens","damage_taken":0,"relics_obtained":["MutagenicStrength"],"max_hp_gain":0,"max_hp_loss":0,"event_name":"Drug Dealer","floor":21,"gold_loss":0},{"damage_healed":0,"gold_gain":0,"player_choice":"Shed Blood","damage_taken":22,"max_hp_gain":5,"max_hp_loss":0,"event_name":"Forgotten Altar","floor":24,"gold_loss":0},{"damage_healed":0,"gold_gain":0,"player_choice":"Fight","damage_taken":0,"max_hp_gain":0,"max_hp_loss":0,"event_name":"Mysterious Sphere","floor":36,"gold_loss":0},{"damage_healed":0,"gold_gain":0,"player_choice":"Fight","damage_taken":0,"max_hp_gain":0,"max_hp_loss":0,"event_name":"MindBloom","floor":37,"gold_loss":0},{"cards_removed":["Strike_R"],"damage_healed":0,"gold_gain":0,"player_choice":"Upgrade and Remove","damage_taken":0,"max_hp_gain":0,"max_hp_loss":0,"event_name":"Designer","floor":38,"gold_loss":90,"cards_upgraded":["Havoc"]}],"is_beta":false,"boss_relics":[{"not_picked":["Philosopher\u0027s Stone","Cursed Key"],"picked":"Mark of Pain"},{"not_picked":["Busted Crown","Orrery"],"picked":"Snecko Eye"}],"items_purged_floors":[22,30,41],"is_endless":false,"potions_floor_spawned":[1,3,11,14,18,25,27,31,39,44,47],"ascension_level":13}