{"gold_per_floor":[16,16,16,32,49,49,76,76,99,99,134,148,160,189,189,288,288,268,278,69,69,87,87],"floor_reached":23,"playtime":1450,"items_purged":[],"score":222,"play_id":"3180fcbb-becf-4dc0-a5d9-d18263b6efbd","local_time":"20190217201527","is_ascension_mode":true,"campfire_choices":[{"data":"Demon Form","floor":6,"key":"SMITH"},{"floor":8,"key":"RECALL"},{"data":"Disarm","floor":10,"key":"SMITH"},{"data":"Defend_R","floor":15,"key":"SMITH"}],"neow_cost":"NO_GOLD","seed_source_timestamp":39345096339716,"circlet_count":0,"master_deck":["Strike_R+1","Strike_R","Strike_R","Strike_R","Defend_R+1","Defend_R","Defend_R","Defend_R","Bash+1","Demon Form+1","Disarm+1","Shrug It Off","Impervious"],"relics":["Burning Blood","Boot","Whetstone","Oddly Smooth Stone","Busted Crown","Strange Spoon"],"potions_floor_usage":[12,13,18,18,22],"damage_taken":[{"damage":8,"enemies":"2 Louse","floor":1,"turns":3},{"damage":9,"enemies":"Jaw Worm","floor":4,"turns":5},{"damage":2,"enemies":"Cultist","floor":5,"turns":4},{"damage":7,"enemies":"Lagavulin","floor":7,"turns":7},{"damage":22,"enemies":"Gremlin Nob","floor":11,"turns":4},{"damage":5,"enemies":"Looter","floor":12,"turns":3},{"damage":3,"enemies":"2 Fungi Beasts","floor":13,"turns":3},{"damage":5,"enemies":"Lagavulin","floor":14,"turns":7},{"damage":20,"enemies":"Hexaghost","floor":16,"turns":8},{"damage":8,"enemies":"2 Thieves","floor":18,"turns":4},{"damage":30,"enemies":"Spheric Guardian","floor":19,"turns":8},{"damage":12,"enemies":"Shelled Parasite and Fungi","floor":22,"turns":5},{"damage":56,"enemies":"Slavers","floor":23,"turns":6}],"seed_played":"-4252156405109179353","potions_obtained":[{"floor":1,"key":"Energy Potion"},{"floor":5,"key":"Energy Potion"},{"floor":11,"key":"SpeedPotion"},{"floor":13,"key":"Energy Potion"},{"floor":19,"key":"BloodPotion"}],"is_trial":false,"path_per_floor":["M","?","$","M","M","R","E","R","T","R","E","M","M","E","R","B",null,"M","M","$","?","M","E"],"character_chosen":"IRONCLAD","items_purchased":["Strange Spoon"],"campfire_rested":0,"item_purchase_floors":[20],"current_hp_per_floor":[78,71,71,68,72,72,71,71,71,71,55,56,59,60,60,46,80,78,54,54,54,56,0],"gold":87,"neow_bonus":"THREE_RARE_CARDS","is_prod":false,"is_daily":false,"chose_seed":false,"campfire_upgraded":3,"win_rate":0,"timestamp":1550430927,"path_taken":["M","?","?","M","M","R","E","R","T","R","E","?","M","E","R","BOSS","M","M","$","?","M","E"],"build_version":"2019-01-23","purchased_purges":0,"victory":false,"max_hp_per_floor":[80,80,80,80,80,80,80,80,80,80,80,80,80,80,80,80,80,80,80,80,80,80,80],"card_choices":[{"not_picked":["Feed","Immolate"],"picked":"Demon Form","floor":0},{"not_picked":["Searing Blow","Inflame","Hemokinesis"],"picked":"SKIP","floor":1},{"not_picked":["True Grit","Thunderclap"],"picked":"Disarm","floor":4},{"not_picked":["Rupture","Anger","Clothesline"],"picked":"SKIP","floor":5},{"not_picked":["Sword Boomerang","Perfected Strike","Cleave"],"picked":"SKIP","floor":7},{"not_picked":["Intimidate","Wild Strike","Cleave"],"picked":"SKIP","floor":11},{"not_picked":["Headbutt","Armaments","Perfected Strike"],"picked":"SKIP","floor":12},{"not_picked":["Body Slam","Iron Wave"],"picked":"Shrug It Off","floor":13},{"not_picked":["Fire Breathing","Limit Break","Perfected Strike"],"picked":"SKIP","floor":14},{"not_picked":["Limit Break","Feed"],"picked":"Impervious","floor":16},{"not_picked":["Carnage"],"picked":"SKIP","floor":18},{"not_picked":["True Grit+1"],"picked":"SKIP","floor":19},{"not_picked":["Body Slam"],"picked":"SKIP","floor":22}],"player_experience":194866,"relics_obtained":[{"floor":7,"key":"Boot"},{"floor":11,"key":"Whetstone"},{"floor":14,"key":"Oddly Smooth Stone"}],"event_choices":[{"cards_removed":["Strike_R"],"damage_healed":0,"gold_gain":0,"player_choice":"Card Removal","damage_taken":7,"max_hp_gain":0,"max_hp_loss":0,"event_name":"Golden Wing","floor":2,"gold_loss":0},{"damage_healed":0,"gold_gain":0,"player_choice":"Ignored","damage_taken":0,"max_hp_gain":0,"max_hp_loss":0,"event_name":"Cursed Tome","floor":21,"gold_loss":0}],"is_beta":false,"boss_relics":[{"not_picked":["White Beast Statue","Orrery"],"picked":"Busted Crown"}],"items_purged_floors":[],"is_endless":false,"potions_floor_spawned":[1,5,11,13,19],"killed_by":"Slavers","ascension_level":1}