{"gold_per_floor":[118,129,32,45,64,64,81,81,81,98,114,127,127,143,143,266,266,289,289,22,43,62,62,85,85,111,130,164,185,102,123,123,123],"floor_reached":33,"playtime":2327,"items_purged":[],"score":267,"play_id":"33544fb5-6b4d-4660-9e26-1d95873efec9","local_time":"20190117023611","is_ascension_mode":false,"campfire_choices":[{"data":"Cloak And Dagger","floor":6,"key":"SMITH"},{"data":"Blade Dance","floor":8,"key":"SMITH"},{"floor":15,"key":"REST"},{"floor":23,"key":"REST"},{"floor":32,"key":"REST"}],"neow_cost":"NONE","seed_source_timestamp":20386922111753,"circlet_count":0,"master_deck":["Survivor","Neutralize","Prepared","Blade Dance+1","Dramatic Entrance","Predator","Cloak And Dagger+1","Underhanded Strike","Flying Knee","Distraction","Reflex","Underhanded Strike","Adrenaline","Dash","Dodge and Roll","Quick Slash","Acrobatics","Endless Agony","Quick Slash","Envenom","Caltrops","Sucker Punch","Crippling Poison","Infinite Blades","Prepared","Poisoned Stab","Underhanded Strike+1","Crippling Poison+1","Footwork","Infinite Blades","Finesse","Deflect"],"relics":["Ring of the Snake","NeowsBlessing","Kunai","Golden Idol","Pandora\u0027s Box","PreservedInsect","Oddly Smooth Stone","Mercury Hourglass"],"potions_floor_usage":[5,16,16,16,22,29,33],"damage_taken":[{"damage":0,"enemies":"2 Louse","floor":1,"turns":1},{"damage":0,"enemies":"Small Slimes","floor":2,"turns":1},{"damage":0,"enemies":"Jaw Worm","floor":4,"turns":1},{"damage":5,"enemies":"Lots of Slimes","floor":5,"turns":3},{"damage":20,"enemies":"Gremlin Gang","floor":7,"turns":3},{"damage":0,"enemies":"2 Fungi Beasts","floor":10,"turns":2},{"damage":4,"enemies":"3 Louse","floor":11,"turns":3},{"damage":13,"enemies":"Red Slaver","floor":12,"turns":2},{"damage":0,"enemies":"Looter","floor":14,"turns":2},{"damage":48,"enemies":"Slime Boss","floor":16,"turns":18},{"damage":10,"enemies":"Spheric Guardian","floor":18,"turns":3},{"damage":21,"enemies":"2 Thieves","floor":21,"turns":3},{"damage":13,"enemies":"Snecko","floor":22,"turns":5},{"damage":16,"enemies":"Cultist and Chosen","floor":24,"turns":5},{"damage":15,"enemies":"Centurion and Healer","floor":27,"turns":6},{"damage":24,"enemies":"Book of Stabbing","floor":28,"turns":5},{"damage":3,"enemies":"Snake Plant","floor":29,"turns":4},{"damage":3,"enemies":"Cultist and Chosen","floor":31,"turns":4},{"damage":48,"enemies":"Automaton","floor":33,"turns":6}],"seed_played":"-2674648356651211597","potions_obtained":[{"floor":2,"key":"Ancient Potion"},{"floor":5,"key":"Fruit Juice"},{"floor":10,"key":"Swift Potion"},{"floor":11,"key":"Ancient Potion"},{"floor":28,"key":"Block Potion"},{"floor":29,"key":"Poison Potion"}],"is_trial":false,"path_per_floor":["M","M","$","M","M","R","M","R","T","M","M","M","?","M","R","B",null,"M","?","$","M","M","R","M","?","T","M","E","M","$","M","R","B"],"character_chosen":"THE_SILENT","items_purchased":["Dramatic Entrance","Infinite Blades","PreservedInsect","SkillPotion","Finesse"],"campfire_rested":3,"item_purchase_floors":[3,20,20,20,30],"current_hp_per_floor":[70,70,70,70,70,70,50,50,50,50,46,33,33,33,53,5,69,59,59,59,38,25,45,29,69,69,54,30,27,27,24,44,0],"gold":123,"neow_bonus":"THREE_ENEMY_KILL","is_prod":false,"is_daily":false,"chose_seed":false,"campfire_upgraded":2,"win_rate":0.0,"timestamp":1547710571,"path_taken":["M","M","$","M","M","R","M","R","T","M","M","M","?","M","R","BOSS","M","?","$","M","M","R","M","?","T","M","E","M","$","M","R","BOSS"],"build_version":"2019-01-10","purchased_purges":0,"victory":false,"max_hp_per_floor":[70,70,70,70,75,75,75,75,75,75,75,75,69,69,69,69,69,69,69,69,69,69,69,69,69,69,69,69,69,69,69,69,69],"card_choices":[{"not_picked":["Acrobatics","Sucker Punch"],"picked":"Prepared","floor":1},{"not_picked":["Quick Slash","Dagger Throw"],"picked":"Blade Dance","floor":2},{"not_picked":["Well Laid Plans","Expertise"],"picked":"Predator","floor":4},{"not_picked":["PiercingWail","Venomology"],"picked":"Cloak And Dagger","floor":5},{"not_picked":["Escape Plan","Prepared"],"picked":"Underhanded Strike","floor":7},{"not_picked":["Endless Agony","Dagger Spray"],"picked":"Flying Knee","floor":10},{"not_picked":["Skewer","Deadly Poison"],"picked":"Distraction","floor":11},{"not_picked":["Prepared","Quick Slash"],"picked":"Reflex","floor":12},{"not_picked":["Quick Slash","Dodge and Roll"],"picked":"Underhanded Strike","floor":14},{"not_picked":["Doppelganger","Night Terror"],"picked":"Adrenaline","floor":16},{"not_picked":["Quick Slash","Acrobatics+1"],"picked":"Crippling Poison","floor":18},{"not_picked":["Quick Slash","Deadly Poison+1"],"picked":"Prepared","floor":21},{"not_picked":["Outmaneuver","Expertise"],"picked":"Poisoned Stab","floor":22},{"not_picked":["Backflip","Flying Knee"],"picked":"Underhanded Strike+1","floor":24},{"not_picked":["Envenom","Prepared"],"picked":"Crippling Poison+1","floor":27},{"not_picked":["Deadly Poison","Dash"],"picked":"Footwork","floor":28},{"not_picked":["Dagger Spray","Poisoned Stab"],"picked":"Infinite Blades","floor":29},{"not_picked":["Dagger Spray","Choke+1"],"picked":"Deflect","floor":31}],"player_experience":64887,"relics_obtained":[{"floor":9,"key":"Kunai"},{"floor":26,"key":"Oddly Smooth Stone"},{"floor":28,"key":"Mercury Hourglass"}],"event_choices":[{"damage_healed":0,"gold_gain":0,"player_choice":"Lose Max HP","damage_taken":0,"relics_obtained":["Golden Idol"],"max_hp_gain":0,"max_hp_loss":6,"event_name":"Golden Idol","floor":13,"gold_loss":0},{"damage_healed":0,"gold_gain":0,"player_choice":"Ignored","damage_taken":0,"max_hp_gain":0,"max_hp_loss":0,"event_name":"Vampires","floor":19,"gold_loss":0},{"cards_removed":["Caltrops"],"damage_healed":40,"gold_gain":0,"player_choice":"Offered Uncommon","damage_taken":0,"max_hp_gain":0,"max_hp_loss":0,"event_name":"Bonfire Elementals","floor":25,"gold_loss":0}],"is_beta":false,"boss_relics":[{"not_picked":["Fusion Hammer","Astrolabe"],"picked":"Pandora\u0027s Box"}],"items_purged_floors":[],"is_endless":false,"potions_floor_spawned":[2,5,10,11,28,29],"killed_by":"Automaton","ascension_level":0}