{"gold_per_floor":[111,128,141,28,38,38,64,64,142,216,230,241,268,282,282,282],"floor_reached":16,"playtime":545,"items_purged":[],"score":228,"play_id":"b96283e6-c8c3-4d70-8d2e-a3c2e69fe2e2","local_time":"20190223143133","is_ascension_mode":true,"campfire_choices":[{"data":"Zap","floor":6,"key":"SMITH"},{"floor":8,"key":"REST"},{"data":"Capacitor","floor":15,"key":"SMITH"}],"neow_cost":"NONE","seed_source_timestamp":3180364306000,"circlet_count":0,"master_deck":["AscendersBane","Strike_B","Strike_B","Strike_B","Strike_B","Defend_B","Defend_B","Defend_B","Zap+1","Dualcast+1","BootSequence","Capacitor+1","Conserve Battery+1","Self Repair","Conserve Battery","Cold Snap"],"relics":["Cracked Core","FossilizedHelix","Sundial","Mummified Hand","War Paint"],"potions_floor_usage":[16,16],"damage_taken":[{"damage":1,"enemies":"Cultist","floor":1,"turns":3},{"damage":1,"enemies":"2 Louse","floor":2,"turns":3},{"damage":2,"enemies":"Jaw Worm","floor":3,"turns":3},{"damage":13,"enemies":"Large Slime","floor":5,"turns":8},{"damage":23,"enemies":"Lagavulin","floor":7,"turns":8},{"damage":0,"enemies":"Exordium Thugs","floor":11,"turns":4},{"damage":0,"enemies":"3 Louse","floor":12,"turns":4},{"damage":7,"enemies":"3 Sentries","floor":13,"turns":10},{"damage":0,"enemies":"Blue Slaver","floor":14,"turns":3},{"damage":78,"enemies":"Hexaghost","floor":16,"turns":11}],"seed_played":"6839215935110191286","potions_obtained":[{"floor":5,"key":"SneckoOil"},{"floor":7,"key":"Poison Potion"},{"floor":14,"key":"Strength Potion"}],"is_trial":false,"path_per_floor":["M","M","M","$","M","R","E","R","T","T","M","M","E","M","R","B"],"character_chosen":"DEFECT","items_purchased":["Self Repair","Conserve Battery"],"campfire_rested":1,"item_purchase_floors":[4,4],"current_hp_per_floor":[63,62,60,60,54,54,38,59,59,59,66,71,71,71,71,0],"gold":282,"neow_bonus":"REMOVE_CARD","is_prod":false,"is_daily":false,"chose_seed":false,"campfire_upgraded":2,"win_rate":0,"timestamp":1550925093,"path_taken":["M","?","M","$","M","R","E","R","T","?","M","M","E","M","R","BOSS"],"build_version":"2019-01-23","purchased_purges":0,"victory":false,"max_hp_per_floor":[71,71,71,71,71,71,71,71,71,71,71,71,71,71,71,71],"card_choices":[{"not_picked":["Redo","Steam"],"picked":"BootSequence","floor":1},{"not_picked":["Double Energy","Glacier"],"picked":"Capacitor","floor":2},{"not_picked":["Beam Cell","Static Discharge"],"picked":"Conserve Battery","floor":3},{"not_picked":["Sweeping Beam","Darkness","BootSequence"],"picked":"SKIP","floor":5},{"not_picked":["Storm","Lockon"],"picked":"Cold Snap","floor":7},{"not_picked":["Auto Shields","Gash","Melter"],"picked":"SKIP","floor":11},{"not_picked":["Undo","Beam Cell","Gash"],"picked":"SKIP","floor":12},{"not_picked":["Hello World","Streamline","Barrage"],"picked":"SKIP","floor":13},{"not_picked":["Coolheaded","Reprogram","Turbo"],"picked":"SKIP","floor":14}],"player_experience":908851,"relics_obtained":[{"floor":7,"key":"FossilizedHelix"},{"floor":9,"key":"Sundial"},{"floor":10,"key":"Mummified Hand"},{"floor":13,"key":"War Paint"}],"event_choices":[],"is_beta":false,"boss_relics":[],"items_purged_floors":[],"is_endless":false,"potions_floor_spawned":[5,7,14],"killed_by":"Hexaghost","ascension_level":20}