{"gold_per_floor":[111,111,111,19,19,19,50,50,50,70,70,70,85,108,108,199,199,215,233,142,192,58,58,93,93,93,93,108,108,133,148,148,244,244,267,286,302,302,322,322,362,362],"floor_reached":42,"playtime":3034,"items_purged":[],"score":895,"play_id":"8c57b3f9-c339-4eb8-9770-c988897292ee","local_time":"20190218174119","is_ascension_mode":true,"campfire_choices":[{"data":"Bouncing Flask","floor":6.0,"key":"SMITH"},{"data":"Footwork","floor":8.0,"key":"SMITH"},{"floor":12.0,"key":"REST"},{"data":"Neutralize","floor":15.0,"key":"SMITH"},{"floor":23.0,"key":"REST"},{"data":"Outmaneuver","floor":25.0,"key":"SMITH"},{"data":"Dodge and Roll","floor":29.0,"key":"SMITH"},{"floor":32.0,"key":"REST"},{"data":"Noxious Fumes","floor":40,"key":"SMITH"}],"neow_cost":"NONE","seed_source_timestamp":26295655199840,"circlet_count":0,"master_deck":["AscendersBane","Survivor","Neutralize+1","Bouncing Flask+1","Good Instincts","Regret","Footwork+1","Calculated Gamble","Heel Hook","Bouncing Flask+1","Catalyst","Blind","Crippling Poison","Noxious Fumes+1","Outmaneuver+1","Dodge and Roll+1","Blur","Choke","Predator","Glass Knife","Glass Knife","Flying Knee","Blade Dance","Backstab","Blur","Adrenaline","Dodge and Roll+1","Deflect+1"],"special_seed":0,"relics":["Eternal Feather","Golden Idol","Mercury Hourglass","Paper Crane","Bottled Tornado","Velvet Choker","Unceasing Top","Bird Faced Urn","Pandora\u0027s Box","Bottled Flame"],"potions_floor_usage":[37,42],"damage_taken":[{"damage":5.0,"enemies":"Jaw Worm","floor":1.0,"turns":5.0},{"damage":27.0,"enemies":"Lagavulin","floor":7.0,"turns":6.0},{"damage":0.0,"enemies":"2 Louse","floor":10.0,"turns":2.0},{"damage":2.0,"enemies":"Small Slimes","floor":13.0,"turns":4.0},{"damage":0.0,"enemies":"2 Fungi Beasts","floor":14.0,"turns":4.0},{"damage":47.0,"enemies":"Hexaghost","floor":16.0,"turns":12.0},{"damage":25.0,"enemies":"Shell Parasite","floor":18.0,"turns":6.0},{"damage":5.0,"enemies":"Spheric Guardian","floor":19.0,"turns":3.0},{"damage":26.0,"enemies":"Slavers","floor":24.0,"turns":5.0},{"damage":18.0,"enemies":"Shelled Parasite and Fungi","floor":28.0,"turns":4.0},{"damage":12.0,"enemies":"Snecko","floor":30.0,"turns":5.0},{"damage":6.0,"enemies":"Centurion and Healer","floor":31.0,"turns":6.0},{"damage":17,"enemies":"Automaton","floor":33,"turns":12},{"damage":26,"enemies":"3 Shapes","floor":35,"turns":5},{"damage":12,"enemies":"3 Darklings","floor":36,"turns":5},{"damage":5,"enemies":"Sphere and 2 Shapes","floor":37,"turns":7},{"damage":17,"enemies":"Maw","floor":39,"turns":7},{"damage":27,"enemies":"Nemesis","floor":41,"turns":9},{"damage":17,"enemies":"2 Orb Walkers","floor":42,"turns":1}],"seed_played":"-4843158257047873420","potions_obtained":[{"floor":13.0,"key":"Energy Potion"},{"floor":14.0,"key":"SteroidPotion"},{"floor":19.0,"key":"SpeedPotion"},{"floor":28.0,"key":"SkillPotion"},{"floor":33,"key":"Fire Potion"},{"floor":37,"key":"AttackPotion"}],"is_trial":false,"path_per_floor":["M","?","?","$","?","R","E","R","T","M","?","R","M","M","R","B",null,"M","M","$","?","$","R","E","R","T","?","M","R","M","M","R","B",null,"M","M","M","?","M","R","E","?"],"character_chosen":"THE_SILENT","items_purchased":["Good Instincts","Blind","Crippling Poison","Noxious Fumes"],"campfire_rested":3,"item_purchase_floors":[4,20,22,22],"current_hp_per_floor":[54,31,24,24,24,33,6,15,15,15,15,43,41,41,50,3,50,25,20,20,20,20,51,25,40,40,19,3,18,12,10,44,33,58,38,32,33,33,20,35,12,0],"gold":362,"neow_bonus":"BOSS_RELIC","is_prod":false,"is_daily":false,"chose_seed":false,"campfire_upgraded":6,"win_rate":0,"timestamp":1550508079,"path_taken":["M","?","?","?","?","R","E","R","T","M","?","R","M","M","R","BOSS","M","M","$","?","$","R","E","R","T","?","M","R","M","M","R","BOSS","M","M","M","?","M","R","E","?"],"build_version":"2019-01-23","purchased_purges":0,"victory":false,"max_hp_per_floor":[66,66,66,66,66,66,66,66,66,66,66,66,66,66,66,66,66,66,66,66,66,66,66,66,66,66,66,66,66,66,66,66,66,66,66,66,66,66,66,66,66,66],"card_choices":[{"not_picked":["Poisoned Stab","Heel Hook"],"picked":"Bouncing Flask","floor":1.0},{"not_picked":["Quick Slash","Blade Dance"],"picked":"Footwork","floor":7.0},{"not_picked":["Sucker Punch","Quick Slash","Outmaneuver"],"picked":"SKIP","floor":10.0},{"not_picked":["Choke","Sucker Punch"],"picked":"Heel Hook","floor":13.0},{"not_picked":["Glass Knife","Bane","Backflip"],"picked":"SKIP","floor":14.0},{"not_picked":["Bullet Time","A Thousand Cuts"],"picked":"Envenom","floor":16.0},{"not_picked":["Flechettes","Prepared"],"picked":"Bouncing Flask+1","floor":18.0},{"not_picked":["Flying Knee+1","Endless Agony"],"picked":"Catalyst","floor":19.0},{"not_picked":["Well Laid Plans+1","Backflip+1"],"picked":"Outmaneuver","floor":24.0},{"not_picked":["Backflip","Cloak And Dagger"],"picked":"Dodge and Roll","floor":28.0},{"not_picked":["Cloak And Dagger","Quick Slash+1"],"picked":"Blur","floor":30.0},{"not_picked":["Cloak And Dagger","Infinite Blades","Choke"],"picked":"SKIP","floor":31.0},{"not_picked":["Blade Dance+1","Outmaneuver"],"picked":"Dodge and Roll+1","floor":35},{"not_picked":["Skewer+1","Flying Knee","Dagger Throw"],"picked":"SKIP","floor":36},{"not_picked":["Distraction","PiercingWail"],"picked":"Deflect+1","floor":37},{"not_picked":["Sucker Punch+1","Deflect","Deadly Poison"],"picked":"SKIP","floor":39},{"not_picked":["Well Laid Plans","Slice+1","Bouncing Flask"],"picked":"SKIP","floor":41}],"player_experience":775748,"relics_obtained":[{"floor":7.0,"key":"Paper Crane"},{"floor":9.0,"key":"Bottled Tornado"},{"floor":24.0,"key":"Unceasing Top"},{"floor":26.0,"key":"Bird Faced Urn"},{"floor":41,"key":"Bottled Flame"}],"event_choices":[{"damage_healed":0.0,"max_hp_gain":0.0,"max_hp_loss":0.0,"gold_gain":0.0,"event_name":"Golden Idol","player_choice":"Take Damage","floor":2.0,"gold_loss":0.0,"damage_taken":23.0,"relics_obtained":["Golden Idol"]},{"cards_removed":["Strike_G"],"damage_healed":0.0,"max_hp_gain":0.0,"max_hp_loss":0.0,"gold_gain":0.0,"event_name":"Golden Wing","player_choice":"Card Removal","floor":3.0,"gold_loss":0.0,"damage_taken":7.0},{"damage_healed":0.0,"max_hp_gain":0.0,"max_hp_loss":0.0,"gold_gain":0.0,"event_name":"Big Fish","player_choice":"Box","floor":5.0,"gold_loss":0.0,"damage_taken":0.0,"relics_obtained":["Mercury Hourglass"],"cards_obtained":["Regret"]},{"damage_healed":0.0,"max_hp_gain":0.0,"max_hp_loss":0.0,"gold_gain":0.0,"event_name":"Match and Keep!","player_choice":"1 cards matched","floor":11.0,"gold_loss":0.0,"damage_taken":0.0,"cards_obtained":["Calculated Gamble"]},{"damage_healed":0.0,"max_hp_gain":0.0,"max_hp_loss":0.0,"gold_gain":50.0,"event_name":"Nest","player_choice":"Stole From Cult","floor":21.0,"gold_loss":0.0,"damage_taken":0.0},{"damage_healed":0.0,"max_hp_gain":0.0,"max_hp_loss":0.0,"gold_gain":0.0,"event_name":"Cursed Tome","player_choice":"Obtained Book","floor":27.0,"gold_loss":0.0,"damage_taken":21.0},{"cards_removed":["Envenom"],"damage_healed":0,"gold_gain":0,"player_choice":"Removed Power","damage_taken":0,"max_hp_gain":0,"max_hp_loss":0,"event_name":"Falling","floor":38,"gold_loss":0},{"damage_healed":0,"gold_gain":0,"player_choice":"Fight","damage_taken":0,"max_hp_gain":0,"max_hp_loss":0,"event_name":"Mysterious Sphere","floor":42,"gold_loss":0}],"is_beta":false,"boss_relics":[{"not_picked":["Astrolabe","Calling Bell"],"picked":"Velvet Choker"},{"not_picked":["Black Star","HoveringKite"],"picked":"Pandora\u0027s Box"}],"items_purged_floors":[],"is_endless":false,"potions_floor_spawned":[13,14,19,28,33,36,37,39],"killed_by":"2 Orb Walkers","ascension_level":18}