{"gold_per_floor":[116,134,134,153,226,226,245,245,295,16,16,29,29,48,48,151,151,167,23,23,23,42,42,53,53,121,46,72,72,99,111,111,208,208,225,325,340,35,35,35,67,77,104,124,124,124,151,164,164,164],"floor_reached":51,"playtime":2664,"items_purged":["Strike_B"],"score":1015,"play_id":"69a51e69-0ef5-46a8-ad3a-8d8962f07b0e","local_time":"20190210071010","is_ascension_mode":true,"campfire_choices":[{"data":"White Noise","floor":6,"key":"SMITH"},{"floor":8,"key":"REST"},{"data":"Go for the Eyes","floor":11,"key":"SMITH"},{"data":"Zap","floor":13,"key":"SMITH"},{"data":"Coolheaded","floor":15,"key":"SMITH"},{"data":"Heatsinks","floor":23,"key":"SMITH"},{"floor":25,"key":"REST"},{"data":"Glacier","floor":29,"key":"SMITH"},{"floor":32,"key":"REST"},{"floor":40,"key":"REST"},{"data":"Creative AI","floor":45,"key":"SMITH"},{"data":"Madness","floor":49,"key":"SMITH"}],"neow_cost":"NONE","seed_source_timestamp":13578000774083,"circlet_count":0,"master_deck":["Defend_B","Defend_B","Defend_B","Defend_B","Zap+1","Electrodynamics","FTL","Go for the Eyes+1","White Noise+1","Coolheaded+1","Heatsinks+1","Steam","Reboot","Force Field","Ball Lightning","Glacier+1","Gash","Static Discharge","Creative AI+1","Loop+1","Conserve Battery","Consume+1","Madness","Madness+1","Defragment+1","Sunder"],"relics":["FrozenCore","Cables","Ancient Tea Set","Mummified Hand","Blood Vial","Shuriken","Red Mask","Nunchaku","Inserter","Pocketwatch","Art of War","Letter Opener","Oddly Smooth Stone","Blue Candle"],"potions_floor_usage":[16,20,33,50,50,50],"damage_taken":[{"damage":1,"enemies":"Cultist","floor":1,"turns":3},{"damage":4,"enemies":"Jaw Worm","floor":2,"turns":3},{"damage":4,"enemies":"2 Louse","floor":4,"turns":2},{"damage":4,"enemies":"Blue Slaver","floor":7,"turns":3},{"damage":0,"enemies":"Large Slime","floor":12,"turns":3},{"damage":0,"enemies":"Looter","floor":14,"turns":2},{"damage":11,"enemies":"Slime Boss","floor":16,"turns":8},{"damage":0,"enemies":"Shell Parasite","floor":18,"turns":6},{"damage":20,"enemies":"Colosseum Slavers","floor":20,"turns":3},{"damage":0,"enemies":"3 Byrds","floor":22,"turns":2},{"damage":9,"enemies":"Snake Plant","floor":24,"turns":4},{"damage":5,"enemies":"Masked Bandits","floor":28,"turns":3},{"damage":6,"enemies":"Book of Stabbing","floor":30,"turns":8},{"damage":0,"enemies":"Shelled Parasite and Fungi","floor":31,"turns":8},{"damage":35,"enemies":"Collector","floor":33,"turns":8},{"damage":3,"enemies":"3 Shapes","floor":35,"turns":3},{"damage":6,"enemies":"Mind Bloom Boss Battle","floor":36,"turns":9},{"damage":8,"enemies":"Orb Walker","floor":37,"turns":5},{"damage":0,"enemies":"Giant Head","floor":41,"turns":8},{"damage":2,"enemies":"3 Darklings","floor":42,"turns":3},{"damage":0,"enemies":"Maw","floor":44,"turns":6},{"damage":0,"enemies":"Nemesis","floor":47,"turns":5},{"damage":0,"enemies":"Sphere and 2 Shapes","floor":48,"turns":3},{"damage":2,"enemies":"Time Eater","floor":50,"turns":7}],"seed_played":"-7338316669245313067","potions_obtained":[{"floor":12,"key":"Explosive Potion"},{"floor":14,"key":"Swift Potion"},{"floor":22,"key":"SteroidPotion"},{"floor":28,"key":"Strength Potion"},{"floor":33,"key":"Poison Potion"},{"floor":35,"key":"PowerPotion"},{"floor":47,"key":"LiquidBronze"}],"is_trial":false,"path_per_floor":["M","M","?","M","T","R","M","R","T","$","R","M","R","M","R","B",null,"M","$","?","$","M","R","M","R","T","?","?","R","E","M","R","B",null,"M","?","M","$","?","R","E","M","T","M","R","?","E","M","R","B",null],"character_chosen":"DEFECT","items_purchased":["Mummified Hand","Heatsinks","Blood Vial","Art of War","FocusPotion"],"campfire_rested":4,"item_purchase_floors":[10,10,19,38,38],"current_hp_per_floor":[67,63,56,52,52,52,48,70,70,70,70,70,70,70,70,59,71,71,71,53,53,55,55,48,70,70,70,67,67,63,65,75,40,66,65,61,55,55,46,68,70,70,70,72,72,72,74,75,75,73],"gold":164,"neow_bonus":"TRANSFORM_CARD","is_prod":false,"is_daily":false,"chose_seed":false,"campfire_upgraded":8,"win_rate":0,"timestamp":1549800610,"path_taken":["M","?","?","M","?","R","M","R","T","$","R","?","R","M","R","BOSS","M","$","?","$","M","R","M","R","T","?","?","R","E","M","R","BOSS","M","?","M","$","?","R","E","M","T","M","R","?","E","?","R","BOSS"],"build_version":"2019-01-23","purchased_purges":1,"victory":true,"max_hp_per_floor":[75,75,75,75,75,75,75,75,75,75,75,75,75,75,75,75,75,75,75,75,75,75,75,75,75,75,75,75,75,75,75,75,75,75,75,75,75,75,75,75,75,75,75,75,75,75,75,75,75,75],"card_choices":[{"not_picked":["Hologram","Redo"],"picked":"FTL","floor":1},{"not_picked":["Turbo","Rebound"],"picked":"Go for the Eyes","floor":2},{"not_picked":["Rip and Tear","Leap"],"picked":"White Noise","floor":4},{"not_picked":["Stack","Loop"],"picked":"Coolheaded","floor":7},{"not_picked":["Consume","Ball Lightning","Go for the Eyes"],"picked":"SKIP","floor":12},{"not_picked":["Beam Cell","Sunder"],"picked":"Steam","floor":14},{"not_picked":["Multi-Cast","Electrodynamics"],"picked":"Reboot","floor":16},{"not_picked":["Rebound","Doom and Gloom"],"picked":"Force Field","floor":18},{"not_picked":["Steam Power","Coolheaded"],"picked":"Ball Lightning","floor":22},{"not_picked":["Barrage","Heatsinks","Streamline"],"picked":"SKIP","floor":24},{"not_picked":["Fission","Rebound"],"picked":"Glacier","floor":28},{"not_picked":["Hologram","Rip and Tear"],"picked":"Gash","floor":30},{"not_picked":["Go for the Eyes","Tempest+1"],"picked":"Static Discharge","floor":31},{"not_picked":["Buffer","Hyperbeam"],"picked":"Creative AI","floor":33},{"not_picked":["Compile Driver+1","Doom and Gloom+1"],"picked":"Loop+1","floor":35},{"not_picked":["Skim","Redo"],"picked":"Conserve Battery","floor":36},{"not_picked":["Loop+1","Rebound+1"],"picked":"Consume+1","floor":37},{"not_picked":["Streamline","Go for the Eyes+1"],"picked":"Defragment+1","floor":41},{"not_picked":["Rebound","Conserve Battery+1","All For One"],"picked":"SKIP","floor":42},{"not_picked":["Barrage+1","Heatsinks+1","Ball Lightning+1"],"picked":"SKIP","floor":44},{"not_picked":["Doom and Gloom+1","Stack","Coolheaded+1"],"picked":"SKIP","floor":47},{"not_picked":["Barrage+1","Hologram+1","Chaos"],"picked":"SKIP","floor":48}],"player_experience":442028,"relics_obtained":[{"floor":5,"key":"Cables"},{"floor":9,"key":"Ancient Tea Set"},{"floor":26,"key":"Shuriken"},{"floor":28,"key":"Red Mask"},{"floor":30,"key":"Nunchaku"},{"floor":36,"key":"Pocketwatch"},{"floor":41,"key":"Letter Opener"},{"floor":43,"key":"Oddly Smooth Stone"},{"floor":47,"key":"Blue Candle"}],"event_choices":[{"cards_removed":["Strike_B"],"damage_healed":0,"gold_gain":0,"player_choice":"Card Removal","damage_taken":7,"max_hp_gain":0,"max_hp_loss":0,"event_name":"Golden Wing","floor":3,"gold_loss":0},{"damage_healed":0,"gold_gain":0,"player_choice":"Fight","damage_taken":0,"max_hp_gain":0,"max_hp_loss":0,"event_name":"Colosseum","floor":20,"gold_loss":0},{"damage_healed":0,"gold_gain":0,"player_choice":"Fled From Nobs","damage_taken":0,"max_hp_gain":0,"max_hp_loss":0,"event_name":"Colosseum","floor":20,"gold_loss":0},{"cards_removed":["Strike_B"],"damage_healed":0,"gold_gain":0,"player_choice":"Gave Gold","damage_taken":0,"max_hp_gain":0,"max_hp_loss":0,"event_name":"Beggar","floor":27,"gold_loss":75},{"damage_healed":0,"gold_gain":0,"player_choice":"Fought Bandits","damage_taken":0,"max_hp_gain":0,"max_hp_loss":0,"event_name":"Masked Bandits","floor":28,"gold_loss":0},{"damage_healed":0,"gold_gain":0,"player_choice":"Fight","damage_taken":0,"max_hp_gain":0,"max_hp_loss":0,"event_name":"MindBloom","floor":36,"gold_loss":0},{"damage_healed":0,"gold_gain":0,"player_choice":"Embrace Madness","damage_taken":9,"max_hp_gain":0,"max_hp_loss":0,"event_name":"Winding Halls","floor":39,"gold_loss":0,"cards_obtained":["Madness","Madness"]},{"damage_healed":0,"gold_gain":0,"cards_transformed":["Dualcast"],"player_choice":"Transformed","damage_taken":0,"max_hp_gain":0,"max_hp_loss":0,"event_name":"Transmorgrifier","floor":46,"gold_loss":0,"cards_obtained":["Sunder"]}],"is_beta":false,"boss_relics":[{"not_picked":["Lizard Tail","Black Star"],"picked":"FrozenCore"},{"not_picked":["Astrolabe","Nuclear Battery"],"picked":"Inserter"}],"items_purged_floors":[38],"is_endless":false,"potions_floor_spawned":[12,14,22,28,33,35,36,47,48],"ascension_level":7}