{"gold_per_floor":[119,119,44,58,32,62,81,108,108,108,108,183,27,39,39,117,117,133,183,201,201,126,126,126],"floor_reached":24,"playtime":574,"items_purged":["Strike_B"],"score":397,"play_id":"4efd66c0-20c6-497a-88e3-99f95a910b14","local_time":"20190213184131","is_ascension_mode":true,"campfire_choices":[{"data":"Zap","floor":10,"key":"SMITH"},{"floor":15,"key":"REST"},{"floor":23,"key":"REST"}],"neow_cost":"NONE","seed_source_timestamp":80871772978930,"circlet_count":0,"master_deck":["AscendersBane","Defend_B","Defend_B","Defend_B","Zap+1","Dualcast","Coolheaded","Conserve Battery","Thunder Strike","Sweeping Beam","Darkness+1","Enlightenment+1","Ball Lightning","Creative AI","Double Energy+1","Heatsinks+1","Chaos+1","Coolheaded+1","Self Repair","Defragment"],"relics":["Cracked Core","NeowsBlessing","Omamori","Toxic Egg 2","Oddly Smooth Stone","Vajra","Art of War","Astrolabe"],"potions_floor_usage":[16,16,24],"damage_taken":[{"damage":0,"enemies":"Cultist","floor":1,"turns":1},{"damage":0,"enemies":"Small Slimes","floor":4,"turns":1},{"damage":0,"enemies":"3 Sentries","floor":6,"turns":2},{"damage":9,"enemies":"Jaw Worm","floor":7,"turns":5},{"damage":30,"enemies":"Lagavulin","floor":8,"turns":7},{"damage":8,"enemies":"3 Louse","floor":14,"turns":3},{"damage":34,"enemies":"The Guardian","floor":16,"turns":9},{"damage":0,"enemies":"Spheric Guardian","floor":18,"turns":3},{"damage":31,"enemies":"2 Thieves","floor":20,"turns":4},{"damage":49,"enemies":"Book of Stabbing","floor":24,"turns":3}],"seed_played":"3507250767458283398","potions_obtained":[{"floor":4,"key":"Weak Potion"},{"floor":8,"key":"Regen Potion"},{"floor":16,"key":"AttackPotion"},{"floor":18,"key":"Explosive Potion"}],"is_trial":false,"path_per_floor":["M","?","?","M","$","E","M","E","T","R","T","?","$","M","R","B",null,"M","?","M","?","?","R","E"],"character_chosen":"DEFECT","items_purchased":["Conserve Battery","Enlightenment+1"],"campfire_rested":2,"item_purchase_floors":[5,13],"current_hp_per_floor":[64,64,64,64,64,64,55,25,25,25,25,14,14,6,27,7,55,55,55,24,24,24,45,0],"gold":126,"neow_bonus":"THREE_ENEMY_KILL","is_prod":false,"is_daily":false,"chose_seed":false,"campfire_upgraded":1,"win_rate":0,"timestamp":1550104891,"path_taken":["M","?","?","M","$","E","M","E","T","R","?","?","?","M","R","BOSS","M","?","M","?","?","R","E"],"build_version":"2019-01-23","purchased_purges":1,"victory":false,"max_hp_per_floor":[71,71,71,71,71,71,71,71,71,71,71,71,71,71,71,71,71,71,71,71,71,71,71,71],"card_choices":[{"not_picked":["Stack","Static Discharge","Hello World"],"picked":"SKIP","floor":1},{"not_picked":["Compile Driver","White Noise"],"picked":"Coolheaded","floor":4},{"not_picked":["Gash","Reinforced Body"],"picked":"Thunder Strike","floor":6},{"not_picked":["Go for the Eyes","Force Field+1"],"picked":"Sweeping Beam","floor":7},{"not_picked":["Fusion+1","Storm"],"picked":"Darkness+1","floor":8},{"not_picked":["Chaos+1","Fusion+1"],"picked":"Ball Lightning","floor":14},{"not_picked":["Amplify+1","Rainbow+1"],"picked":"Creative AI","floor":16},{"not_picked":["Compile Driver","Turbo+1"],"picked":"Coolheaded+1","floor":18},{"not_picked":["Compile Driver","Chaos+1"],"picked":"Self Repair","floor":20}],"player_experience":184919,"relics_obtained":[{"floor":6,"key":"Toxic Egg 2"},{"floor":8,"key":"Oddly Smooth Stone"},{"floor":9,"key":"Vajra"},{"floor":11,"key":"Art of War"}],"event_choices":[{"damage_healed":0,"gold_gain":0,"player_choice":"Box","damage_taken":0,"relics_obtained":["Omamori"],"max_hp_gain":0,"max_hp_loss":0,"event_name":"Big Fish","floor":2,"gold_loss":0,"cards_obtained":["Regret"]},{"cards_removed":["Regret"],"damage_healed":0,"gold_gain":0,"player_choice":"Card Removal","damage_taken":0,"max_hp_gain":0,"max_hp_loss":0,"event_name":"The Cleric","floor":3,"gold_loss":75},{"damage_healed":0,"gold_gain":75,"player_choice":"Gather Gold","damage_taken":11,"max_hp_gain":0,"max_hp_loss":0,"event_name":"World of Goop","floor":12,"gold_loss":0},{"damage_healed":0,"gold_gain":50,"player_choice":"Stole From Cult","damage_taken":0,"max_hp_gain":0,"max_hp_loss":0,"event_name":"Nest","floor":19,"gold_loss":0},{"damage_healed":0,"gold_gain":0,"player_choice":"Read","damage_taken":0,"max_hp_gain":0,"max_hp_loss":0,"event_name":"The Library","floor":21,"gold_loss":0,"cards_obtained":["Defragment"]},{"cards_removed":["Defend_B"],"damage_healed":0,"gold_gain":0,"player_choice":"Gave Gold","damage_taken":0,"max_hp_gain":0,"max_hp_loss":0,"event_name":"Beggar","floor":22,"gold_loss":75}],"is_beta":false,"boss_relics":[{"not_picked":["Coffee Dripper","Nuclear Battery"],"picked":"Astrolabe"}],"items_purged_floors":[13],"is_endless":false,"potions_floor_spawned":[4,8,14,16,18],"killed_by":"Book of Stabbing","ascension_level":15}