{"gold_per_floor":[112,125,300,310,185,198,198,217,265,265,277,288,315,315,315,315],"floor_reached":16,"playtime":492,"items_purged":["Doubt"],"score":140,"play_id":"de575859-9791-4b37-93a6-b7072a691433","local_time":"20190124172123","is_ascension_mode":true,"campfire_choices":[{"data":"Bash","floor":7.0,"key":"SMITH"},{"data":"Barricade","floor":10.0,"key":"SMITH"},{"data":"Armaments","floor":15,"key":"SMITH"}],"neow_cost":"TEN_PERCENT_HP_LOSS","seed_source_timestamp":0,"circlet_count":0,"master_deck":["Strike_R","Strike_R","Strike_R","Strike_R","Strike_R","Defend_R","Defend_R","Bash+1","Carnage","Sword Boomerang","Armaments+1","Thunderclap","Barricade+1","Clothesline","Ghostly Armor","Seeing Red","Reaper"],"special_seed":0,"relics":["Burning Blood","Juzu Bracelet","Shuriken","Blood Vial"],"potions_floor_usage":[],"damage_taken":[{"damage":10.0,"enemies":"2 Louse","floor":1.0,"turns":3.0},{"damage":3.0,"enemies":"Small Slimes","floor":2.0,"turns":3.0},{"damage":7.0,"enemies":"Jaw Worm","floor":4.0,"turns":2.0},{"damage":15.0,"enemies":"Gremlin Gang","floor":6.0,"turns":4.0},{"damage":14.0,"enemies":"Exordium Wildlife","floor":8.0,"turns":5.0},{"damage":15.0,"enemies":"Red Slaver","floor":11.0,"turns":3.0},{"damage":2.0,"enemies":"3 Louse","floor":12.0,"turns":4.0},{"damage":24,"enemies":"Gremlin Nob","floor":13,"turns":5},{"damage":34,"enemies":"The Guardian","floor":16,"turns":8}],"seed_played":"8361777216018958755","potions_obtained":[{"floor":1.0,"key":"Poison Potion"},{"floor":6.0,"key":"Explosive Potion"}],"is_trial":false,"path_per_floor":["?","M","E","?","R","B"],"character_chosen":"IRONCLAD","items_purchased":["Thunderclap"],"campfire_rested":0,"item_purchase_floors":[5],"current_hp_per_floor":[68,71,71,70,70,61,61,53,53,53,44,48,30,27,27,0],"gold":315,"neow_bonus":"REMOVE_TWO","is_prod":false,"is_daily":false,"chose_seed":false,"campfire_upgraded":3,"win_rate":0,"timestamp":1548372083,"path_taken":["M","M","?","M","$","M","R","M","T","R","M","M","E","?","R","BOSS"],"build_version":"2019-01-23","purchased_purges":1,"victory":false,"max_hp_per_floor":[72,72,72,72,72,72,72,72,72,72,72,72,72,72,72,72],"card_choices":[{"not_picked":["Clash","Armaments"],"picked":"Carnage","floor":1.0},{"not_picked":["Wild Strike","Havoc"],"picked":"Sword Boomerang","floor":2.0},{"not_picked":["Clash","Evolve"],"picked":"Armaments","floor":4.0},{"not_picked":["Armaments","Clash"],"picked":"Barricade","floor":6.0},{"not_picked":["Rampage","Cleave"],"picked":"Clothesline","floor":8.0},{"not_picked":["Rage","Burning Pact"],"picked":"Ghostly Armor","floor":11.0},{"not_picked":["Warcry","Flex"],"picked":"Seeing Red","floor":12.0},{"not_picked":["Evolve","Corruption"],"picked":"Reaper","floor":13}],"player_experience":121530,"relics_obtained":[{"floor":9.0,"key":"Juzu Bracelet"},{"floor":13,"key":"Shuriken"}],"event_choices":[{"damage_healed":0.0,"max_hp_gain":0.0,"max_hp_loss":0.0,"gold_gain":175.0,"event_name":"Liars Game","player_choice":"AGREE","floor":3.0,"gold_loss":0.0,"damage_taken":0.0,"cards_obtained":["Doubt"]},{"damage_healed":0,"gold_gain":0,"player_choice":"Success","damage_taken":3,"relics_obtained":["Blood Vial"],"max_hp_gain":0,"max_hp_loss":0,"event_name":"Scrap Ooze","floor":14,"gold_loss":0}],"is_beta":false,"boss_relics":[],"items_purged_floors":[5],"is_endless":false,"potions_floor_spawned":[1,6],"killed_by":"The Guardian","ascension_level":7}