{"gold_per_floor":[109,121,121,145,169,181,204,230,242,254,266,278,303,327,339,450,462,491,65,78,96,96,96,11,28,28,40,55,73,73,25,25,128,128,142,142,161,1160,1160],"floor_reached":39,"playtime":2654,"items_purged":[],"score":454,"play_id":"45adee14-7725-4384-b52e-9adc1f6bfb23","local_time":"20190117074825","is_ascension_mode":false,"campfire_choices":[{"floor":6,"key":"REST"},{"floor":10,"key":"REST"},{"data":"Creative AI","floor":12,"key":"SMITH"},{"data":"Zap","floor":15,"key":"SMITH"},{"data":"Storm","floor":23,"key":"SMITH"},{"floor":32,"key":"REST"}],"neow_cost":"PERCENT_DAMAGE","seed_source_timestamp":38789720826009,"circlet_count":0,"master_deck":["Defend_B","Zap+1","Dualcast","Creative AI+1","Leap","Sweeping Beam","Turbo","Core Surge","Stack","Sunder","Rip and Tear","Machine Learning","Storm+1","Self Repair","Beam Cell","Melter","Panacea","Stack","Chill","Bite","Bite","Bite","Bite","Bite","FTL","Recycle","Go for the Eyes+1","Hello World+1","Go for the Eyes+1","Fission+1","Rainbow+1","Doom and Gloom+1","Compile Driver+1","Leap+1","Normality","Normality"],"relics":["Cracked Core","MawBank","Shuriken","Anchor","Busted Crown","Strawberry","Mango","Molten Egg 2","Astrolabe"],"potions_floor_usage":[16,16,16,21,21,33,33,37],"damage_taken":[{"damage":1,"enemies":"Jaw Worm","floor":1,"turns":6},{"damage":1,"enemies":"Cultist","floor":2,"turns":4},{"damage":7,"enemies":"Small Slimes","floor":4,"turns":4},{"damage":16,"enemies":"2 Fungi Beasts","floor":5,"turns":4},{"damage":0,"enemies":"Blue Slaver","floor":7,"turns":5},{"damage":4,"enemies":"Large Slime","floor":8,"turns":6},{"damage":1,"enemies":"Exordium Wildlife","floor":13,"turns":4},{"damage":0,"enemies":"2 Fungi Beasts","floor":14,"turns":2},{"damage":39,"enemies":"Slime Boss","floor":16,"turns":10},{"damage":13,"enemies":"2 Thieves","floor":18,"turns":4},{"damage":0,"enemies":"Spheric Guardian","floor":20,"turns":2},{"damage":9,"enemies":"Snake Plant","floor":21,"turns":3},{"damage":16,"enemies":"Centurion and Healer","floor":25,"turns":8},{"damage":22,"enemies":"Snecko","floor":27,"turns":5},{"damage":12,"enemies":"Shelled Parasite and Fungi","floor":28,"turns":6},{"damage":11,"enemies":"Snake Plant","floor":29,"turns":5},{"damage":55,"enemies":"Champ","floor":33,"turns":10},{"damage":9,"enemies":"3 Darklings","floor":35,"turns":5},{"damage":51,"enemies":"3 Shapes","floor":37,"turns":3},{"damage":38,"enemies":"Maw","floor":39,"turns":7}],"seed_played":"5475636651448316012","potions_obtained":[{"floor":1,"key":"Ancient Potion"},{"floor":2,"key":"EssenceOfSteel"},{"floor":8,"key":"GamblersBrew"},{"floor":13,"key":"Strength Potion"},{"floor":16,"key":"Energy Potion"},{"floor":20,"key":"SpeedPotion"},{"floor":25,"key":"Explosive Potion"},{"floor":28,"key":"Swift Potion"},{"floor":35,"key":"Strength Potion"}],"is_trial":false,"path_per_floor":["M","M","?","M","M","R","M","M","T","R","?","R","M","M","R","B",null,"M","$","M","M","?","R","?","M","T","M","M","M","?","$","R","B",null,"M","?","M","?","M"],"character_chosen":"DEFECT","items_purchased":["Self Repair","Beam Cell","Melter","Strawberry","Panacea","Go for the Eyes+1"],"campfire_rested":3,"item_purchase_floors":[19,19,19,19,19,31],"current_hp_per_floor":[53,52,49,42,26,48,48,44,44,66,66,66,65,65,65,26,75,62,69,69,60,57,57,71,70,70,51,54,54,41,41,63,29,76,73,73,31,31,0],"gold":1160,"neow_bonus":"THREE_RARE_CARDS","is_prod":false,"is_daily":false,"chose_seed":false,"campfire_upgraded":3,"win_rate":0.0,"timestamp":1547729305,"path_taken":["M","M","?","M","M","R","M","M","T","R","?","R","M","?","R","BOSS","M","$","M","M","?","R","?","M","T","M","M","M","?","$","R","BOSS","M","?","M","?","M"],"build_version":"2019-01-10","purchased_purges":0,"victory":false,"max_hp_per_floor":[75,75,75,75,75,75,75,75,75,75,75,75,75,75,75,75,75,75,82,82,82,57,57,71,71,71,71,71,71,76,76,76,76,76,76,76,76,76,76],"card_choices":[{"not_picked":["Rainbow","Multi-Cast"],"picked":"Creative AI","floor":0},{"not_picked":["Auto Shields","Lockon"],"picked":"Leap","floor":1},{"not_picked":["Undo","Barrage"],"picked":"Sweeping Beam","floor":2},{"not_picked":["Undo","Sweeping Beam"],"picked":"Turbo","floor":4},{"not_picked":["Rebound","Barrage"],"picked":"Steam","floor":5},{"not_picked":["Skim","Barrage"],"picked":"Core Surge","floor":7},{"not_picked":["Redo","Hologram"],"picked":"Stack","floor":8},{"not_picked":["Reinforced Body","Genetic Algorithm"],"picked":"Sunder","floor":13},{"not_picked":["Consume","Steam Power"],"picked":"Rip and Tear","floor":14},{"not_picked":["Reboot","Seek"],"picked":"Machine Learning","floor":16},{"not_picked":[],"picked":"Storm","floor":18},{"not_picked":[],"picked":"Stack","floor":20},{"not_picked":[],"picked":"Chill","floor":21},{"not_picked":[],"picked":"FTL","floor":25},{"not_picked":[],"picked":"Recycle","floor":27},{"not_picked":[],"picked":"Go for the Eyes+1","floor":28},{"not_picked":[],"picked":"Hello World+1","floor":29},{"not_picked":[],"picked":"Compile Driver+1","floor":35},{"not_picked":[],"picked":"Leap+1","floor":37}],"player_experience":74704,"relics_obtained":[{"floor":9,"key":"Shuriken"},{"floor":26,"key":"Molten Egg 2"}],"event_choices":[{"damage_healed":0,"gold_gain":0,"player_choice":"Success","damage_taken":3,"relics_obtained":["MawBank"],"max_hp_gain":0,"max_hp_loss":0,"event_name":"Scrap Ooze","floor":3,"gold_loss":0},{"damage_healed":0,"gold_gain":0,"player_choice":"Gave Potion","damage_taken":0,"relics_obtained":["Anchor"],"max_hp_gain":0,"max_hp_loss":0,"event_name":"WeMeetAgain","floor":11,"gold_loss":0},{"damage_healed":0,"gold_gain":0,"player_choice":"Became a vampire","damage_taken":0,"max_hp_gain":0,"max_hp_loss":25,"event_name":"Vampires","floor":22,"gold_loss":0,"cards_obtained":["Bite","Bite","Bite","Bite","Bite"]},{"damage_healed":0,"gold_gain":0,"player_choice":"Obtained Relic","damage_taken":0,"relics_obtained":["Mango"],"max_hp_gain":0,"max_hp_loss":0,"event_name":"Addict","floor":24,"gold_loss":85},{"damage_healed":0,"gold_gain":0,"player_choice":"Shed Blood","damage_taken":18,"max_hp_gain":5,"max_hp_loss":0,"event_name":"Forgotten Altar","floor":30,"gold_loss":0},{"cards_removed":["Steam"],"damage_healed":0,"gold_gain":0,"player_choice":"Removed Skill","damage_taken":0,"max_hp_gain":0,"max_hp_loss":0,"event_name":"Falling","floor":36,"gold_loss":0},{"damage_healed":0,"gold_gain":999,"player_choice":"Gold","damage_taken":0,"max_hp_gain":0,"max_hp_loss":0,"event_name":"MindBloom","floor":38,"gold_loss":0,"cards_obtained":["Normality","Normality"]}],"is_beta":false,"boss_relics":[{"not_picked":["Snecko Eye","Sozu"],"picked":"Busted Crown"},{"not_picked":["Coffee Dripper","Empty Cage"],"picked":"Astrolabe"}],"items_purged_floors":[],"is_endless":false,"potions_floor_spawned":[1,2,8,13,16,20,25,28,35],"killed_by":"Maw","ascension_level":0}