{"gold_per_floor":[112,124,139,11,86,86,104,128,128,141,141,316,335,335,335,466,466,466,466,466,466,466,466,466,466,466,466],"floor_reached":27,"playtime":1121,"items_purged":[],"score":230,"play_id":"ed7fc462-52d0-41ea-99f8-b93612e64c14","local_time":"20190117080731","is_ascension_mode":false,"campfire_choices":[{"floor":6,"key":"REST"},{"floor":11,"key":"REST"},{"floor":15,"key":"REST"},{"data":"Mind Blast","floor":23,"key":"SMITH"}],"neow_cost":"PERCENT_DAMAGE","seed_source_timestamp":41474909104664,"circlet_count":0,"master_deck":["Defend_B","Defend_B","Defend_B","Defend_B","Zap","Dualcast","Mind Blast+1","Impatience","Streamline","Storm","Chaos","Bandage Up","Lockon","Steam","Capacitor","Doubt","Chaos+1","Injury","Seek","Melter+1","Bite","Bite","Bite","Bite","Bite","Reinforced Body+1","Sunder","Self Repair+1"],"relics":["Cracked Core","Lantern","Gremlin Horn","Golden Idol","Ectoplasm","Smiling Mask"],"potions_floor_usage":[16,16,24],"damage_taken":[{"damage":13,"enemies":"Jaw Worm","floor":1,"turns":3},{"damage":5,"enemies":"2 Louse","floor":2,"turns":2},{"damage":10,"enemies":"Cultist","floor":3,"turns":4},{"damage":20,"enemies":"Looter","floor":7,"turns":3},{"damage":14,"enemies":"Blue Slaver","floor":10,"turns":3},{"damage":0,"enemies":"Exordium Wildlife","floor":13,"turns":3},{"damage":50,"enemies":"Hexaghost","floor":16,"turns":9},{"damage":45,"enemies":"3 Byrds","floor":18,"turns":6},{"damage":26,"enemies":"Chosen","floor":20,"turns":5},{"damage":5,"enemies":"Sentry and Sphere","floor":24,"turns":3},{"damage":42,"enemies":"Snake Plant","floor":25,"turns":4},{"damage":20,"enemies":"3 Cultists","floor":27,"turns":3}],"seed_played":"-4973831714322928759","potions_obtained":[{"floor":1,"key":"Swift Potion"},{"floor":2,"key":"SteroidPotion"},{"floor":20,"key":"Strength Potion"},{"floor":24,"key":"SpeedPotion"}],"is_trial":false,"path_per_floor":["M","M","M","$","?","R","M","T","T","M","R","?","M","?","R","B",null,"M","?","M","?","?","R","M","M","T","M"],"character_chosen":"DEFECT","items_purchased":["Bandage Up","Lockon"],"campfire_rested":3,"item_purchase_floors":[4,4],"current_hp_per_floor":[41,36,26,26,15,37,21,21,21,11,33,33,37,37,59,13,75,34,34,20,37,37,37,40,8,8,0],"gold":466,"neow_bonus":"RANDOM_COLORLESS_2","is_prod":false,"is_daily":false,"chose_seed":false,"campfire_upgraded":1,"win_rate":0.0,"timestamp":1547730451,"path_taken":["M","M","M","$","?","R","M","?","T","M","R","?","?","?","R","BOSS","M","?","M","?","?","R","M","?","T","M"],"build_version":"2019-01-10","purchased_purges":0,"victory":false,"max_hp_per_floor":[75,75,75,75,75,75,75,75,75,75,75,75,75,75,75,75,75,75,52,52,52,52,52,52,52,52,52],"card_choices":[{"not_picked":["Leap","Sweeping Beam"],"picked":"Streamline","floor":1},{"not_picked":["Redo","Lockon"],"picked":"Storm","floor":2},{"not_picked":["Go for the Eyes","Fusion"],"picked":"Chaos","floor":3},{"not_picked":["Compile Driver","Barrage"],"picked":"Steam","floor":7},{"not_picked":["Creative AI","Hologram"],"picked":"Capacitor","floor":10},{"not_picked":["Steam","Undo"],"picked":"Chaos","floor":13},{"not_picked":["Hyperbeam","Creative AI"],"picked":"Seek","floor":16},{"not_picked":["Streamline+1","Barrage"],"picked":"Melter+1","floor":18},{"not_picked":["Barrage","Go for the Eyes"],"picked":"Reinforced Body+1","floor":20},{"not_picked":["Reinforced Body+1","Redo"],"picked":"Sunder","floor":24},{"not_picked":["Redo","Cold Snap"],"picked":"Self Repair+1","floor":25}],"player_experience":77358,"relics_obtained":[{"floor":8,"key":"Lantern"},{"floor":9,"key":"Gremlin Horn"},{"floor":26,"key":"Smiling Mask"}],"event_choices":[{"damage_healed":0,"gold_gain":75,"player_choice":"Gather Gold","damage_taken":11,"max_hp_gain":0,"max_hp_loss":0,"event_name":"World of Goop","floor":5,"gold_loss":0},{"damage_healed":0,"gold_gain":175,"player_choice":"AGREE","damage_taken":0,"max_hp_gain":0,"max_hp_loss":0,"event_name":"Liars Game","floor":12,"gold_loss":0,"cards_obtained":["Doubt"]},{"damage_healed":0,"gold_gain":0,"player_choice":"Take Wound","damage_taken":0,"relics_obtained":["Golden Idol"],"max_hp_gain":0,"max_hp_loss":0,"event_name":"Golden Idol","floor":14,"gold_loss":0,"cards_obtained":["Injury"]},{"damage_healed":0,"gold_gain":0,"player_choice":"Became a vampire","damage_taken":0,"max_hp_gain":0,"max_hp_loss":23,"event_name":"Vampires","floor":19,"gold_loss":0,"cards_obtained":["Bite","Bite","Bite","Bite","Bite"]},{"damage_healed":17,"gold_gain":0,"player_choice":"Heal","damage_taken":0,"max_hp_gain":0,"max_hp_loss":0,"event_name":"The Library","floor":21,"gold_loss":0},{"damage_healed":0,"gold_gain":0,"player_choice":"Upgraded","damage_taken":0,"max_hp_gain":0,"max_hp_loss":0,"event_name":"Upgrade Shrine","floor":22,"gold_loss":0,"cards_upgraded":["Chaos"]}],"is_beta":false,"boss_relics":[{"not_picked":["White Beast Statue","Cursed Key"],"picked":"Ectoplasm"}],"items_purged_floors":[],"is_endless":false,"potions_floor_spawned":[1,2,20,24],"killed_by":"3 Cultists","ascension_level":0}