{"gold_per_floor":[117,137,155,155,230,263,280,280,307,327,327,344,372,383,383,488,488,504,523,523,438,295,324,324,324],"floor_reached":25,"playtime":2476,"items_purged":["Survivor"],"score":315,"play_id":"ab4c05c0-a080-4e3f-8fa1-f3b8a2eea9a1","local_time":"20180801171853","is_ascension_mode":true,"campfire_choices":[{"floor":8.0,"key":"REST"},{"data":"Dash","floor":15.0,"key":"SMITH"},{"floor":24,"key":"REST"}],"neow_cost":"NONE","seed_source_timestamp":0,"circlet_count":0,"master_deck":["Defend_G+1","Defend_G+1","Defend_G+1","Defend_G+1","Defend_G+1","Strike_G+1","Strike_G+1","Strike_G+1","Strike_G+1","Strike_G+1","Neutralize+1","Dash+1","Outmaneuver","Calculated Gamble","Heel Hook","Sucker Punch","Doppelganger+1","Heel Hook","Doppelganger+1","Deflect","Burst","Heel Hook","Well Laid Plans"],"special_seed":0,"relics":["Ring of the Serpent","Regal Pillow","Whetstone","Blood Vial","Ancient Tea Set","Pantograph","Ornamental Fan","War Paint"],"potions_floor_usage":[18,19,19],"damage_taken":[{"damage":2.0,"enemies":"Cultist","floor":1.0,"turns":4.0},{"damage":0.0,"enemies":"2 Louse","floor":2.0,"turns":2.0},{"damage":4.0,"enemies":"Small Slimes","floor":3.0,"turns":4.0},{"damage":17.0,"enemies":"3 Sentries","floor":6.0,"turns":13.0},{"damage":3.0,"enemies":"2 Fungi Beasts","floor":7.0,"turns":5.0},{"damage":5.0,"enemies":"3 Louse","floor":10.0,"turns":4.0},{"damage":1.0,"enemies":"Red Slaver","floor":12.0,"turns":4.0},{"damage":15.0,"enemies":"Lagavulin","floor":13.0,"turns":8.0},{"damage":0.0,"enemies":"Gremlin Gang","floor":14.0,"turns":7.0},{"damage":32.0,"enemies":"The Guardian","floor":16.0,"turns":16.0},{"damage":3,"enemies":"Chosen","floor":18,"turns":6},{"damage":22,"enemies":"Spheric Guardian","floor":19,"turns":4},{"damage":35,"enemies":"Book of Stabbing","floor":23,"turns":10},{"damage":54,"enemies":"Gremlin Leader","floor":25,"turns":6}],"seed_played":"3486971425434848741","potions_obtained":[{"floor":2.0,"key":"GamblersBrew"},{"floor":6.0,"key":"GhostInAJar"},{"floor":10.0,"key":"FearPotion"},{"floor":14.0,"key":"PowerPotion"},{"floor":16.0,"key":"SteroidPotion"},{"floor":19,"key":"Energy Potion"},{"floor":23,"key":"GamblersBrew"}],"is_trial":false,"path_per_floor":["M","M","M","?","?","E","M","R","T","M","?","M","E","M","R","B",null,"M","M","?","?","$","E","R"],"character_chosen":"THE_SILENT","items_purchased":["Heel Hook"],"campfire_rested":2,"item_purchase_floors":[22],"current_hp_per_floor":[61,61,57,62,51,34,31,68,68,65,65,66,53,55,55,43,67,66,46,46,46,46,13,50,0],"gold":324,"neow_bonus":"RANDOM_COMMON_RELIC","is_prod":false,"is_daily":false,"chose_seed":false,"campfire_upgraded":1,"win_rate":0,"timestamp":1533136733,"path_taken":["M","?","M","?","?","E","M","R","T","M","?","?","E","M","R","BOSS","M","M","?","?","?","E","R","E"],"build_version":"2018-07-26","purchased_purges":1,"victory":false,"max_hp_per_floor":[70,70,70,75,75,75,75,75,75,75,75,75,75,75,75,75,75,75,75,75,75,75,75,75,75],"card_choices":[{"not_picked":["Bane","Cloak And Dagger","Slice"],"picked":"SKIP","floor":1.0},{"not_picked":["Bane","Flying Knee"],"picked":"Dash","floor":2.0},{"not_picked":["Predator","Dodge and Roll"],"picked":"Outmaneuver","floor":3.0},{"not_picked":["Quick Slash","PiercingWail"],"picked":"Calculated Gamble","floor":6.0},{"not_picked":["Noxious Fumes","Dodge and Roll"],"picked":"Heel Hook","floor":7.0},{"not_picked":["Cloak And Dagger","Prepared","Corpse Explosion"],"picked":"SKIP","floor":10.0},{"not_picked":["Outmaneuver","Underhanded Strike"],"picked":"Sucker Punch","floor":12.0},{"not_picked":["Reflex","Masterful Stab"],"picked":"Doppelganger","floor":13.0},{"not_picked":["Prepared","Cloak And Dagger"],"picked":"Heel Hook","floor":14.0},{"not_picked":["Storm of Steel","Night Terror"],"picked":"Doppelganger","floor":16.0},{"not_picked":["Deadly Poison","Underhanded Strike"],"picked":"Deflect","floor":18},{"not_picked":["Acrobatics","Cloak And Dagger+1"],"picked":"Burst","floor":19},{"not_picked":["Skewer","Choke"],"picked":"Well Laid Plans","floor":23}],"player_experience":244967,"relics_obtained":[{"floor":6.0,"key":"Whetstone"},{"floor":9.0,"key":"Blood Vial"},{"floor":13.0,"key":"Pantograph"},{"floor":23,"key":"War Paint"}],"event_choices":[{"event_name":"Big Fish","player_choice":"Donut","floor":4.0,"damage_taken":0.0},{"event_name":"World of Goop","player_choice":"Gather Gold","floor":5.0,"damage_taken":0.0},{"event_name":"Wheel of Change","player_choice":"Relic","floor":11.0,"damage_taken":0.0},{"event_name":"Back to Basics","player_choice":"Simplicity","floor":20,"damage_taken":0},{"event_name":"Addict","player_choice":"Obtained Relic","floor":21,"damage_taken":0}],"is_beta":false,"boss_relics":[{"not_picked":["Tiny House","Runic Pyramid"],"picked":"Ring of the Serpent"}],"items_purged_floors":[22],"is_endless":false,"potions_floor_spawned":[2,6,10,12,14,16,19,23],"killed_by":"Gremlin Leader","ascension_level":7}