{"gold_per_floor":[409,409,21,35,49,74,92,110,110,110,126,26,26,46,46,149,149,160,170,45,145,155,155,169,182,209,219,230,255,255,285,285,385,385,403,403,17,29,41,41,54,54,100,200,214,39,39,50,50,50],"floor_reached":51,"playtime":2075,"items_purged":["Shame","Defend_R","Defend_R","Finesse","Defend_R"],"score":946,"play_id":"a2125fcd-502d-4b0e-9558-6163ea1b1366","local_time":"20190123100458","is_ascension_mode":true,"campfire_choices":[{"floor":13.0,"key":"REST"},{"data":"Inflame","floor":15.0,"key":"SMITH"},{"data":"Limit Break","floor":23.0,"key":"SMITH"},{"floor":30.0,"key":"REST"},{"data":"Pummel","floor":32,"key":"SMITH"},{"data":"Demon Form","floor":40,"key":"SMITH"},{"data":"Perfected Strike","floor":47,"key":"SMITH"},{"data":"Clothesline","floor":49,"key":"SMITH"}],"neow_cost":"CURSE","seed_source_timestamp":222752708459556,"circlet_count":0,"master_deck":["Strike_R","Strike_R","Strike_R","Strike_R","Strike_R","Defend_R","Bash","Pummel+1","Flex","Inflame+1","Perfected Strike+1","Flex","Limit Break+1","Perfected Strike","Seeing Red","Havoc","Spot Weakness","Feed","Shockwave","Shrug It Off+1","Clothesline","Perfected Strike","Shrug It Off","Clothesline+1","Infernal Blade","Demon Form+1","Evolve+1","Bash+1","Inflame","Heavy Blade+1","Uppercut+1","Heavy Blade+1","Impervious","Sword Boomerang+1"],"special_seed":0,"relics":["Burning Blood","Old Coin","Bag of Marbles","Dead Branch","Gremlin Horn","Torii","Snecko Eye","Centennial Puzzle","Molten Egg 2","Anchor","Eternal Feather","OrangePellets","Happy Flower","Champion Belt"],"potions_floor_usage":[33,33,41,45,50],"damage_taken":[{"damage":7.0,"enemies":"Jaw Worm","floor":1.0,"turns":3.0},{"damage":1.0,"enemies":"Cultist","floor":4.0,"turns":3.0},{"damage":10.0,"enemies":"Small Slimes","floor":5.0,"turns":2.0},{"damage":38.0,"enemies":"3 Sentries","floor":6.0,"turns":7.0},{"damage":2.0,"enemies":"Red Slaver","floor":7.0,"turns":2.0},{"damage":15.0,"enemies":"Gremlin Gang","floor":8.0,"turns":4.0},{"damage":7.0,"enemies":"2 Fungi Beasts","floor":11.0,"turns":3.0},{"damage":9.0,"enemies":"Exordium Thugs","floor":14.0,"turns":4.0},{"damage":14.0,"enemies":"Hexaghost","floor":16.0,"turns":6.0},{"damage":0.0,"enemies":"Shell Parasite","floor":18.0,"turns":1.0},{"damage":7.0,"enemies":"Chosen","floor":19.0,"turns":3.0},{"damage":36.0,"enemies":"Snake Plant","floor":22.0,"turns":4.0},{"damage":2.0,"enemies":"Chosen and Byrds","floor":24.0,"turns":3.0},{"damage":10.0,"enemies":"Snecko","floor":25.0,"turns":4.0},{"damage":0.0,"enemies":"Snake Plant","floor":27.0,"turns":2.0},{"damage":12.0,"enemies":"Centurion and Healer","floor":28.0,"turns":2.0},{"damage":21.0,"enemies":"Book of Stabbing","floor":29.0,"turns":5.0},{"damage":41,"enemies":"Slavers","floor":31,"turns":3},{"damage":17,"enemies":"Collector","floor":33,"turns":4},{"damage":15,"enemies":"Orb Walker","floor":35,"turns":3},{"damage":2,"enemies":"3 Shapes","floor":38,"turns":1},{"damage":29,"enemies":"Maw","floor":39,"turns":6},{"damage":22,"enemies":"Transient","floor":41,"turns":5},{"damage":6,"enemies":"Mind Bloom Boss Battle","floor":44,"turns":6},{"damage":1,"enemies":"3 Darklings","floor":45,"turns":2},{"damage":1,"enemies":"Spire Growth","floor":48,"turns":3},{"damage":76,"enemies":"Time Eater","floor":50,"turns":8}],"seed_played":"-1616587094499583904","potions_obtained":[{"floor":1.0,"key":"Dexterity Potion"},{"floor":4.0,"key":"Block Potion"},{"floor":8.0,"key":"SteroidPotion"},{"floor":14.0,"key":"Swift Potion"},{"floor":16.0,"key":"Weak Potion"},{"floor":22.0,"key":"SkillPotion"},{"floor":31,"key":"BloodPotion"},{"floor":41,"key":"Fire Potion"},{"floor":45,"key":"AttackPotion"}],"is_trial":false,"path_per_floor":["M","?","$","M","M","E","M","M","T","?","M","$","R","M","R","B",null,"M","M","$","?","M","R","M","M","T","M","M","E","R","E","R","B",null,"M","?","$","M","M","R","M","$","T","?","M","$","R","M","R","B",null],"character_chosen":"IRONCLAD","items_purchased":["Inflame","Finesse","Bag of Marbles","Inflame","OrangePellets"],"campfire_rested":2,"item_purchase_floors":[3,3,3,37,37],"current_hp_per_floor":[71,71,71,76,72,40,44,35,35,35,34,34,58,55,55,47,72,78,80,80,80,50,50,54,50,50,56,53,41,67,35,35,33,77,68,68,68,72,49,67,51,51,51,51,56,56,74,79,92,22],"gold":50,"neow_bonus":"ONE_RARE_RELIC","is_prod":false,"is_daily":false,"chose_seed":false,"campfire_upgraded":6,"win_rate":0,"timestamp":1548259498,"path_taken":["M","?","$","?","M","E","M","M","T","?","M","$","R","M","R","BOSS","M","M","$","?","M","R","M","?","T","M","M","E","R","E","R","BOSS","M","?","?","M","M","R","?","$","T","?","M","$","R","M","R","BOSS"],"build_version":"2019-01-17v2","purchased_purges":5,"victory":true,"max_hp_per_floor":[80,80,80,80,80,80,80,80,80,80,80,80,80,80,80,80,80,80,83,83,83,83,83,83,83,83,83,86,89,89,92,92,92,92,92,92,92,92,92,92,92,92,92,92,92,92,92,92,92,92],"card_choices":[{"not_picked":["Rampage","Iron Wave"],"picked":"Pummel","floor":1.0},{"not_picked":["Anger","Hemokinesis"],"picked":"Perfected Strike","floor":4.0},{"not_picked":["Uppercut","Sword Boomerang"],"picked":"Flex","floor":5.0},{"not_picked":["Infernal Blade","Fire Breathing"],"picked":"Limit Break","floor":6.0},{"not_picked":["Sword Boomerang","Anger"],"picked":"Perfected Strike","floor":7.0},{"not_picked":["Sword Boomerang","Burning Pact"],"picked":"Seeing Red","floor":8.0},{"not_picked":["Warcry","Body Slam"],"picked":"Havoc","floor":11.0},{"not_picked":["Havoc","Twin Strike"],"picked":"Spot Weakness","floor":14.0},{"not_picked":["Double Tap","Dark Embrace"],"picked":"Feed","floor":16.0},{"not_picked":["Dual Wield","Cleave"],"picked":"Shockwave","floor":18.0},{"not_picked":["Iron Wave","Anger"],"picked":"Shrug It Off+1","floor":19.0},{"not_picked":["Dual Wield+1","Havoc"],"picked":"Clothesline","floor":22.0},{"not_picked":["Clothesline","Body Slam"],"picked":"Perfected Strike","floor":24.0},{"not_picked":["Dropkick","Warcry+1","Exhume"],"picked":"SKIP","floor":25.0},{"not_picked":["Combust","Flex"],"picked":"Shrug It Off","floor":27.0},{"not_picked":["Iron Wave+1","Wild Strike"],"picked":"Clothesline","floor":28.0},{"not_picked":["Havoc","Evolve","Combust"],"picked":"SKIP","floor":29.0},{"not_picked":["Anger+1","Ghostly Armor"],"picked":"Infernal Blade","floor":31},{"not_picked":["Berserk","Offering"],"picked":"Demon Form","floor":33},{"not_picked":["Sentinel+1","Flex"],"picked":"Evolve+1","floor":35},{"not_picked":["Cleave+1","Havoc+1"],"picked":"Heavy Blade+1","floor":38},{"not_picked":["Clash+1","Havoc"],"picked":"Uppercut+1","floor":39},{"not_picked":["True Grit","Pommel Strike+1"],"picked":"Heavy Blade+1","floor":41},{"not_picked":["Combust+1","Iron Wave+1"],"picked":"Impervious","floor":45},{"not_picked":["Rampage+1","Iron Wave+1"],"picked":"Sword Boomerang+1","floor":48}],"player_experience":119455,"relics_obtained":[{"floor":6.0,"key":"Dead Branch"},{"floor":9.0,"key":"Gremlin Horn"},{"floor":26.0,"key":"Centennial Puzzle"},{"floor":29.0,"key":"Molten Egg 2"},{"floor":31,"key":"Anchor"},{"floor":43,"key":"Happy Flower"},{"floor":44,"key":"Champion Belt"}],"event_choices":[{"damage_healed":0.0,"max_hp_gain":0.0,"max_hp_loss":0.0,"gold_gain":0.0,"event_name":"Match and Keep!","player_choice":"1 cards matched","floor":2.0,"gold_loss":0.0,"damage_taken":0.0,"cards_obtained":["Flex"]},{"damage_healed":0.0,"max_hp_gain":0.0,"max_hp_loss":0.0,"gold_gain":0.0,"event_name":"WeMeetAgain","player_choice":"Gave Potion","floor":10.0,"gold_loss":0.0,"damage_taken":0.0,"relics_obtained":["Torii"]},{"damage_healed":0.0,"max_hp_gain":0.0,"max_hp_loss":0.0,"gold_gain":100.0,"event_name":"Golden Shrine","player_choice":"Pray","floor":21.0,"gold_loss":0.0,"damage_taken":0.0},{"damage_healed":0,"gold_gain":0,"player_choice":"1 cards matched","damage_taken":0,"max_hp_gain":0,"max_hp_loss":0,"event_name":"Match and Keep!","floor":36,"gold_loss":0,"cards_obtained":["Bash"]},{"damage_healed":0,"gold_gain":0,"player_choice":"Fight","damage_taken":0,"max_hp_gain":0,"max_hp_loss":0,"event_name":"MindBloom","floor":44,"gold_loss":0}],"is_beta":false,"boss_relics":[{"not_picked":["Busted Crown","Tiny House"],"picked":"Snecko Eye"},{"not_picked":["Runic Dome","Coffee Dripper"],"picked":"Eternal Feather"}],"items_purged_floors":[3,12,20,37,46],"is_endless":false,"potions_floor_spawned":[1,4,8,14,16,22,25,29,31,41,45],"ascension_level":6}