{"gold_per_floor":[113,113,113,188,188,222,222,67,67,105,130,130,144,1,1,121,121,134,134,134,134],"floor_reached":21,"playtime":1036,"items_purged":["Injury"],"score":291,"play_id":"1ead81f7-6174-4c92-82e0-e3b5ceb6d3c1","local_time":"20190215163123","is_ascension_mode":true,"campfire_choices":[{"data":"Defragment","floor":12,"key":"SMITH"},{"data":"Creative AI","floor":15,"key":"SMITH"}],"neow_cost":"NONE","seed_source_timestamp":209279980754485,"circlet_count":0,"master_deck":["Strike_B+1","Strike_B","Strike_B","Strike_B","Defend_B+1","Defend_B","Defend_B","Defend_B","Zap","Dualcast","Hologram","Reinforced Body","Defragment+1","Cold Snap","Creative AI+1","Buffer","Chill"],"relics":["Cracked Core","NeowsBlessing","Golden Idol","Shovel","Bag of Preparation","Turnip","Letter Opener","DataDisk","Runic Pyramid"],"potions_floor_usage":[16],"damage_taken":[{"damage":0,"enemies":"2 Louse","floor":1,"turns":1},{"damage":2,"enemies":"3 Sentries","floor":6,"turns":2},{"damage":0,"enemies":"Lagavulin","floor":10,"turns":1},{"damage":0,"enemies":"Jaw Worm","floor":11,"turns":3},{"damage":0,"enemies":"Small Slimes","floor":13,"turns":4},{"damage":26,"enemies":"Hexaghost","floor":16,"turns":10},{"damage":11,"enemies":"Shell Parasite","floor":18,"turns":12},{"damage":50,"enemies":"3 Byrds","floor":21,"turns":6}],"seed_played":"4566313820419900493","potions_obtained":[{"floor":6,"key":"Fire Potion"},{"floor":10,"key":"EssenceOfSteel"},{"floor":16,"key":"EssenceOfSteel"},{"floor":20,"key":"Regen Potion"}],"is_trial":false,"path_per_floor":["?","?","?","?","?","?","?","M"],"character_chosen":"DEFECT","items_purchased":["Defragment","DataDisk"],"campfire_rested":0,"item_purchase_floors":[8,14],"current_hp_per_floor":[75,60,60,49,49,47,40,40,40,40,40,40,40,40,40,14,60,49,49,49,0],"gold":134,"neow_bonus":"THREE_ENEMY_KILL","is_prod":false,"is_daily":false,"chose_seed":false,"campfire_upgraded":2,"win_rate":0,"timestamp":1550244683,"path_taken":["M","?","?","?","?","E","?","$","T","E","M","R","M","$","R","BOSS","M","?","?","?"],"build_version":"2019-01-23","purchased_purges":1,"victory":false,"max_hp_per_floor":[75,75,75,75,75,75,75,75,75,75,75,75,75,75,75,75,75,75,75,75,75],"card_choices":[{"not_picked":["Turbo","Recycle"],"picked":"Hologram","floor":1},{"not_picked":["Static Discharge","Beam Cell"],"picked":"Reinforced Body","floor":6},{"not_picked":["Barrage","Scrape"],"picked":"Cold Snap","floor":10},{"not_picked":["Beam Cell","Sweeping Beam","Leap"],"picked":"SKIP","floor":11},{"not_picked":["Turbo","Capacitor"],"picked":"Creative AI","floor":13},{"not_picked":["All For One","Meteor Strike"],"picked":"Buffer","floor":16},{"not_picked":["Gash","Leap","Sweeping Beam"],"picked":"SKIP","floor":18}],"player_experience":171563,"relics_obtained":[{"floor":6,"key":"Bag of Preparation"},{"floor":9,"key":"Turnip"},{"floor":10,"key":"Letter Opener"}],"event_choices":[{"damage_healed":0,"gold_gain":0,"player_choice":"Entered Light","damage_taken":15,"max_hp_gain":0,"max_hp_loss":0,"event_name":"Shining Light","floor":2,"gold_loss":0,"cards_upgraded":["Defend_B","Strike_B"]},{"damage_healed":0,"gold_gain":0,"player_choice":"Take Wound","damage_taken":0,"relics_obtained":["Golden Idol"],"max_hp_gain":0,"max_hp_loss":0,"event_name":"Golden Idol","floor":3,"gold_loss":0,"cards_obtained":["Injury"]},{"damage_healed":0,"gold_gain":75,"player_choice":"Gather Gold","damage_taken":11,"max_hp_gain":0,"max_hp_loss":0,"event_name":"World of Goop","floor":4,"gold_loss":0},{"damage_healed":0,"gold_gain":0,"player_choice":"Box","damage_taken":0,"relics_obtained":["Shovel"],"max_hp_gain":0,"max_hp_loss":0,"event_name":"Big Fish","floor":5,"gold_loss":0,"cards_obtained":["Regret"]},{"cards_removed":["Regret"],"damage_healed":0,"gold_gain":0,"player_choice":"Card Removal","damage_taken":7,"max_hp_gain":0,"max_hp_loss":0,"event_name":"Golden Wing","floor":7,"gold_loss":0},{"damage_healed":0,"gold_gain":0,"player_choice":"Read","damage_taken":0,"max_hp_gain":0,"max_hp_loss":0,"event_name":"The Library","floor":19,"gold_loss":0,"cards_obtained":["Chill"]},{"damage_healed":0,"gold_gain":0,"player_choice":"Got Potions","damage_taken":0,"max_hp_gain":0,"max_hp_loss":0,"event_name":"Lab","floor":20,"gold_loss":0}],"is_beta":false,"boss_relics":[{"not_picked":["Nuclear Battery","Calling Bell"],"picked":"Runic Pyramid"}],"items_purged_floors":[8],"is_endless":false,"potions_floor_spawned":[6,10,16],"killed_by":"3 Byrds","ascension_level":5}