{"gold_per_floor":[112,128,146,146,25,54,54,89,89,103,120,120],"floor_reached":12,"playtime":467,"items_purged":["Pain"],"score":149,"play_id":"06203a5c-4b50-4197-a3ad-74d6e7181216","local_time":"20190203221241","is_ascension_mode":true,"campfire_choices":[{"floor":7,"key":"REST"}],"neow_cost":"CURSE","seed_source_timestamp":158728551771794,"circlet_count":0,"master_deck":["AscendersBane","Strike_B","Strike_B","Strike_B","Strike_B","Defend_B","Defend_B","Defend_B","Defend_B","Zap","Dualcast","Hologram","Defragment+1","Conserve Battery","Go for the Eyes","Rebound","Sweeping Beam","Capacitor","Cold Snap"],"relics":["Cracked Core","Thread and Needle","Regal Pillow","Turnip","Cables"],"potions_floor_usage":[11,12],"damage_taken":[{"damage":3,"enemies":"Cultist","floor":1,"turns":3},{"damage":6,"enemies":"Jaw Worm","floor":2,"turns":4},{"damage":6,"enemies":"2 Louse","floor":3,"turns":2},{"damage":49,"enemies":"Gremlin Nob","floor":6,"turns":6},{"damage":23,"enemies":"Lagavulin","floor":8,"turns":6},{"damage":1,"enemies":"Large Slime","floor":10,"turns":3},{"damage":8,"enemies":"Exordium Wildlife","floor":11,"turns":7},{"damage":28,"enemies":"Gremlin Nob","floor":12,"turns":3}],"seed_played":"-3981982026811293207","potions_obtained":[{"floor":1,"key":"Explosive Potion"},{"floor":3,"key":"Energy Potion"},{"floor":10,"key":"SkillPotion"}],"is_trial":false,"path_per_floor":["M","M","M","?","$","E","R","E","T","M","M","E"],"character_chosen":"DEFECT","items_purchased":["Go for the Eyes"],"campfire_rested":1,"item_purchase_floors":[5],"current_hp_per_floor":[65,59,53,53,53,4,41,18,18,17,9,0],"gold":120,"neow_bonus":"ONE_RARE_RELIC","is_prod":false,"is_daily":false,"chose_seed":false,"campfire_upgraded":0,"win_rate":0,"timestamp":1549253561,"path_taken":["M","M","M","?","?","E","R","E","T","M","M","E"],"build_version":"2019-01-23","purchased_purges":1,"victory":false,"max_hp_per_floor":[75,75,75,75,75,75,75,75,75,75,75,75],"card_choices":[{"not_picked":["Steam Power","Steam"],"picked":"Hologram","floor":1},{"not_picked":["Sweeping Beam","Redo"],"picked":"Defragment","floor":2},{"not_picked":["Gash","Compile Driver"],"picked":"Conserve Battery","floor":3},{"not_picked":["Reinforced Body","Streamline"],"picked":"Rebound","floor":6},{"not_picked":["Hello World","Steam Power"],"picked":"Sweeping Beam","floor":8},{"not_picked":["Buffer","Lockon"],"picked":"Capacitor","floor":10},{"not_picked":["Gash","Melter"],"picked":"Cold Snap","floor":11}],"player_experience":167085,"relics_obtained":[{"floor":6,"key":"Regal Pillow"},{"floor":8,"key":"Turnip"},{"floor":9,"key":"Cables"}],"event_choices":[{"damage_healed":0,"gold_gain":0,"player_choice":"Upgraded","damage_taken":0,"max_hp_gain":0,"max_hp_loss":0,"event_name":"Upgrade Shrine","floor":4,"gold_loss":0,"cards_upgraded":["Defragment"]}],"is_beta":false,"boss_relics":[],"items_purged_floors":[5],"is_endless":false,"potions_floor_spawned":[1,3,10],"killed_by":"Gremlin Nob","ascension_level":13}