{"path_per_floor":["M","M","M","?","?","R","E","M","T","?","M","?","M","M","R","B",null,"M","$","M","?","M","R","E","R","T","E","?","M","M","M","R","B",null,"M","M","?","M","?","R","M","R","T","?","?","E","$","M","R"],"character_chosen":"DEFECT","items_purchased":["Capacitor","Pear","Regal Pillow","EssenceOfSteel","Loop","Secret Weapon","Shuriken"],"gold_per_floor":[112,125,138,138,138,138,171,185,209,174,197,197,215,229,229,348,348,373,61,81,81,99,99,137,137,137,176,176,201,215,235,235,359,359,377,402,402,415,415,415,434,434,461,461,794,829,17,32,32,32],"floor_reached":50,"campfire_rested":7,"playtime":2384,"current_hp_per_floor":[75,63,63,45,45,45,25,25,25,43,33,51,37,33,55,10,75,56,66,31,31,16,41,32,57,57,30,30,30,19,10,39,6,99,69,63,63,16,16,45,31,60,60,60,60,32,32,26,69,0],"items_purged":["Parasite"],"gold":32,"score":643,"play_id":"0d7fe21c-0791-4309-ae43-dbebc9c3a6e9","local_time":"20180511162906","is_prod":false,"is_daily":false,"chose_seed":false,"is_ascension_mode":true,"campfire_upgraded":1,"timestamp":1526020146,"path_taken":["M","M","M","?","?","R","E","M","T","?","M","?","?","M","R","BOSS","M","$","?","?","M","R","E","R","T","E","?","M","?","?","R","BOSS","M","M","?","M","?","R","M","R","T","?","?","E","$","M","R","BOSS"],"build_version":"2018-05-09","seed_source_timestamp":0,"purchased_purges":1,"victory":false,"master_deck":["Strike_B+1","Strike_B+1","Strike_B+1","Strike_B+1","Defend_B+1","Defend_B+1","Defend_B+1","Defend_B+1","Zap","Dualcast","Ball Lightning","Consume","Storm+1","Hello World","Defragment","Defragment","Undo","Stack","Seek","Conserve Battery","Capacitor","Undo","Echo Form","BootSequence","White Noise","Genetic Algorithm","BootSequence","Machine Learning","Ball Lightning","Leap","Auto Shields+1","Dark Shackles","Steam+1","Loop","Secret Weapon"],"max_hp_per_floor":[75,75,75,75,75,75,75,75,75,75,75,75,75,75,75,75,75,75,85,85,85,85,85,85,85,85,99,99,99,99,99,99,99,99,99,99,99,99,99,99,99,99,99,99,99,99,96,96,96,96],"relics":["Cracked Core","Oddly Smooth Stone","Bag of Preparation","Velvet Choker","Pear","Bag of Marbles","Question Card","Mango","White Beast Statue","Juzu Bracelet","Orichalcum","Regal Pillow","Shuriken"],"card_choices":[{"not_picked":["Barrage","Streamline"],"picked":"Ball Lightning","floor":0.0},{"not_picked":["Sweeping Beam","Steam"],"picked":"Consume","floor":1.0},{"not_picked":["Turbo","Coolheaded"],"picked":"Storm","floor":2.0},{"not_picked":["Conserve Battery","Ball Lightning"],"picked":"Hello World","floor":3.0},{"not_picked":["Stack","Rip and Tear"],"picked":"Defragment","floor":7},{"not_picked":["Coolheaded","Axe Kick"],"picked":"Defragment","floor":8},{"not_picked":["Auto Shields","Sunder"],"picked":"Undo","floor":11},{"not_picked":["Blizzard","Coolheaded"],"picked":"FTL","floor":13},{"not_picked":["Turbo","Coolheaded"],"picked":"Stack","floor":14},{"not_picked":["Rainbow","Reboot"],"picked":"Seek","floor":16},{"not_picked":["Steam","Stack"],"picked":"Conserve Battery","floor":18},{"not_picked":["Coolheaded","Aggregate"],"picked":"Undo","floor":22},{"not_picked":["Consume","Axe Kick"],"picked":"Echo Form","floor":24},{"not_picked":["Steam","Steam Power","Double Energy"],"picked":"BootSequence","floor":27},{"not_picked":["Lockon","Skim","Recycle"],"picked":"White Noise","floor":29},{"not_picked":["Loop","Go for the Eyes","Axe Kick"],"picked":"Genetic Algorithm","floor":30},{"not_picked":["Steam","Scrape","Coolheaded"],"picked":"BootSequence","floor":31},{"not_picked":["Thunder Strike","Multi-Cast","Hyperbeam"],"picked":"Machine Learning","floor":33},{"not_picked":["Redo","Gash","Glacier"],"picked":"Ball Lightning","floor":35},{"not_picked":["Cold Snap","Double Energy","Barrage"],"picked":"Leap","floor":36},{"not_picked":["FTL","Hologram","Loop"],"picked":"Auto Shields","floor":38},{"not_picked":["Madness","Secret Weapon","Swift Strike"],"picked":"Dark Shackles","floor":39},{"not_picked":["Cold Snap","BootSequence","Barrage"],"picked":"Steam","floor":41}],"player_experience":39765,"potions_floor_usage":[8,8,24,27,33,33,41,41,50,50],"damage_taken":[{"damage":0.0,"enemies":"2 Louse","floor":1.0,"turns":2.0},{"damage":12.0,"enemies":"Jaw Worm","floor":2.0,"turns":2.0},{"damage":0.0,"enemies":"Cultist","floor":3.0,"turns":2.0},{"damage":20.0,"enemies":"Gremlin Nob","floor":7.0,"turns":4.0},{"damage":0,"enemies":"Large Slime","floor":8,"turns":2},{"damage":10,"enemies":"Looter","floor":11,"turns":3},{"damage":14,"enemies":"Blue Slaver","floor":13,"turns":3},{"damage":4,"enemies":"2 Fungi Beasts","floor":14,"turns":3},{"damage":45,"enemies":"The Guardian","floor":16,"turns":9},{"damage":31,"enemies":"Chosen","floor":18,"turns":4},{"damage":35,"enemies":"2 Thieves","floor":20,"turns":4},{"damage":19,"enemies":"Snecko","floor":22,"turns":4},{"damage":55,"enemies":"Slavers","floor":24,"turns":6},{"damage":59,"enemies":"Book of Stabbing","floor":27,"turns":6},{"damage":13,"enemies":"Snake Plant","floor":29,"turns":3},{"damage":11,"enemies":"Centurion and Healer","floor":30,"turns":7},{"damage":23,"enemies":"Snecko","floor":31,"turns":4},{"damage":33,"enemies":"Automaton","floor":33,"turns":11},{"damage":30,"enemies":"3 Darklings","floor":35,"turns":5},{"damage":6,"enemies":"Orb Walker","floor":36,"turns":4},{"damage":47,"enemies":"Flame Bruiser 2 Orb","floor":38,"turns":6},{"damage":14,"enemies":"4 Shapes","floor":41,"turns":4},{"damage":74,"enemies":"2 Orb Walkers","floor":46,"turns":6},{"damage":6,"enemies":"3 Darklings","floor":48,"turns":5},{"damage":80,"enemies":"Awakened One","floor":50,"turns":8}],"event_choices":[{"event_name":"Golden Idol","player_choice":"Take Damage","floor":4.0,"damage_taken":0.0},{"event_name":"Shining Light","player_choice":"Ignored","floor":5.0,"damage_taken":0.0},{"event_name":"The Cleric","player_choice":"Healed","floor":10,"damage_taken":0},{"event_name":"Mushrooms","player_choice":"Healed and dodged fight","floor":12,"damage_taken":0},{"event_name":"The Lab","player_choice":"Got Potions","floor":21,"damage_taken":0},{"event_name":"Back to Basics","player_choice":"Simplicity","floor":28,"damage_taken":0},{"event_name":"SensoryStone","player_choice":"Memory 1","floor":39,"damage_taken":0},{"event_name":"Tomb of Lord Red Mask","player_choice":"Ignored","floor":44,"damage_taken":0},{"event_name":"The Moai Head","player_choice":"Gave Idol","floor":45,"damage_taken":0}],"boss_relics":[{"not_picked":["Orrery","Philosopher\u0027s Stone"],"picked":"Velvet Choker"},{"not_picked":["Runic Pyramid","Nuclear Battery"],"picked":"White Beast Statue"}],"potions_floor_spawned":[2,7,13,20,27,30,31,35,36,38,41,46,48],"seed_played":"299151282856189900","killed_by":"Awakened One","ascension_level":2,"is_trial":false}