{"path_per_floor":["M","?","?","M","?","E","R","M","T","M","M","?","$","M","R"],"character_chosen":"DEFECT","items_purchased":["Hello World"],"gold_per_floor":[111,111,111,124,124,160,160,180,180,204,228,228,147,161,161,161],"floor_reached":16,"campfire_rested":1,"playtime":527,"item_purchase_floors":[13],"current_hp_per_floor":[73,73,73,73,78,52,52,49,49,45,45,45,45,33,57,0],"items_purged":[],"gold":161,"score":122,"play_id":"875c5fbb-71ee-4236-82ea-88c601b27893","local_time":"20180603074907","is_prod":false,"is_daily":false,"chose_seed":false,"is_ascension_mode":true,"campfire_upgraded":1,"win_rate":0,"timestamp":1527976147,"campfire_choices":[{"data":"Core Surge","floor":7,"key":"SMITH"},{"floor":15,"key":"REST"}],"path_taken":["M","?","?","?","?","E","R","M","T","M","M","?","$","M","R","BOSS"],"build_version":"2018-05-31","seed_source_timestamp":184954846249365,"purchased_purges":0,"victory":false,"master_deck":["Strike_B","Strike_B","Strike_B","Strike_B","Defend_B","Defend_B","Defend_B","Zap","Dualcast","Core Surge+1","Gash","Storm","Injury","Leap","Conserve Battery","Capacitor","Genetic Algorithm","Redo","Hello World","Melter"],"max_hp_per_floor":[75,75,75,75,80,80,80,80,80,80,80,80,80,80,80,80],"relics":["Cracked Core","Golden Idol","Matryoshka","Vajra","Gambling Chip"],"card_choices":[{"not_picked":["BootSequence","Go for the Eyes"],"picked":"Gash","floor":1},{"not_picked":["Steam","Go for the Eyes"],"picked":"Leap","floor":4},{"not_picked":["Stack","Turbo"],"picked":"Conserve Battery","floor":6},{"not_picked":["Rainbow","Cold Snap"],"picked":"Capacitor","floor":8},{"not_picked":["Stack","Redo"],"picked":"Genetic Algorithm","floor":10},{"not_picked":["Coolheaded","Chaos"],"picked":"Redo","floor":11},{"not_picked":["Compile Driver","Gash"],"picked":"Melter","floor":14}],"player_experience":146381,"potions_floor_usage":[4],"damage_taken":[{"damage":2,"enemies":"Jaw Worm","floor":1,"turns":3},{"damage":0,"enemies":"2 Louse","floor":4,"turns":1},{"damage":26,"enemies":"3 Sentries","floor":6,"turns":7},{"damage":3,"enemies":"Small Slimes","floor":8,"turns":2},{"damage":4,"enemies":"2 Fungi Beasts","floor":10,"turns":2},{"damage":0,"enemies":"Large Slime","floor":11,"turns":5},{"damage":12,"enemies":"Lots of Slimes","floor":14,"turns":3},{"damage":57,"enemies":"Slime Boss","floor":16,"turns":7}],"relics_obtained":[{"floor":6,"key":"Matryoshka"},{"floor":9,"key":"Vajra"},{"floor":9,"key":"Gambling Chip"}],"event_choices":[{"event_name":"Living Wall","player_choice":"Change","floor":2,"damage_taken":0},{"event_name":"Golden Idol","player_choice":"Take Wound","floor":3,"damage_taken":0},{"event_name":"Big Fish","player_choice":"Donut","floor":5,"damage_taken":0},{"event_name":"The Cleric","player_choice":"Leave","floor":12,"damage_taken":0}],"boss_relics":[],"items_purged_floors":[],"potions_floor_spawned":[1,8,14],"seed_played":"-6781789319272837207","killed_by":"Slime Boss","ascension_level":4,"potions_obtained":[{"floor":1,"key":"Explosive Potion"},{"floor":8,"key":"Ancient Potion"},{"floor":14,"key":"SpeedPotion"}],"is_trial":false}