{"gold_per_floor":[109,89,107,117,134,145,145,70,95,113,113,128,128,128,128,202,202,216,216,233,233,245,245,255,255,255,272,272,272,272,288,288,359,359,370,381,392,404,52,52],"floor_reached":40,"playtime":2443,"items_purged":["Shame"],"score":730,"play_id":"b17d6af6-d5c2-4f91-82f8-beb3b3c67607","local_time":"20190210164250","is_ascension_mode":true,"campfire_choices":[{"data":"Hemokinesis","floor":7.0,"key":"SMITH"},{"data":"Carnage","floor":11.0,"key":"SMITH"},{"data":"Uppercut","floor":15,"key":"SMITH"},{"data":"Double Tap","floor":23,"key":"SMITH"},{"floor":28,"key":"REST"},{"data":"Clash","floor":30,"key":"SMITH"},{"floor":32,"key":"REST"}],"neow_cost":"NONE","seed_source_timestamp":0,"circlet_count":0,"master_deck":["AscendersBane","Strike_R","Strike_R","Strike_R","Strike_R","Strike_R","Defend_R","Defend_R","Defend_R","Bash","Double Tap+1","Rage","Hemokinesis+1","Carnage+1","Rupture","Uppercut+1","Impervious","Pummel+1","Clash+1","Brutality","Impervious"],"special_seed":0,"relics":["Burning Blood","Bag of Marbles","Cursed Key","Nilry\u0027s Codex","Self Forming Clay","Busted Crown","Ornamental Fan"],"potions_floor_usage":[16,27,27,27,38,40],"damage_taken":[{"damage":12.0,"enemies":"Jaw Worm","floor":1.0,"turns":3.0},{"damage":0.0,"enemies":"Cultist","floor":3.0,"turns":3.0},{"damage":6.0,"enemies":"2 Louse","floor":4.0,"turns":2.0},{"damage":7.0,"enemies":"Large Slime","floor":5.0,"turns":5.0},{"damage":3.0,"enemies":"Looter","floor":6.0,"turns":3.0},{"damage":5.0,"enemies":"Blue Slaver","floor":10.0,"turns":2.0},{"damage":2.0,"enemies":"3 Louse","floor":12.0,"turns":4.0},{"damage":32,"enemies":"The Guardian","floor":16,"turns":5},{"damage":4,"enemies":"Spheric Guardian","floor":18,"turns":3},{"damage":2,"enemies":"Chosen","floor":20,"turns":3},{"damage":23,"enemies":"3 Cultists","floor":22,"turns":6},{"damage":15,"enemies":"Chosen and Byrds","floor":24,"turns":5},{"damage":0,"enemies":"Snecko","floor":27,"turns":2},{"damage":4,"enemies":"Centurion and Healer","floor":31,"turns":1},{"damage":38,"enemies":"Champ","floor":33,"turns":7},{"damage":1,"enemies":"Orb Walker","floor":35,"turns":2},{"damage":11,"enemies":"3 Shapes","floor":36,"turns":5},{"damage":4,"enemies":"Sphere and 2 Shapes","floor":37,"turns":3},{"damage":28,"enemies":"Maw","floor":38,"turns":7},{"damage":71,"enemies":"Giant Head","floor":40,"turns":6}],"seed_played":"-8668226756707960182","potions_obtained":[{"floor":1.0,"key":"Dexterity Potion"},{"floor":2.0,"key":"Fruit Juice"},{"floor":3.0,"key":"PowerPotion"},{"floor":4.0,"key":"Strength Potion"},{"floor":18,"key":"FearPotion"},{"floor":22,"key":"Fire Potion"},{"floor":24,"key":"EntropicBrew"},{"floor":35,"key":"SkillPotion"},{"floor":38,"key":"EssenceOfSteel"}],"is_trial":false,"path_per_floor":["M","?","M","M","M","M","R","?","T","M","R","M","?","?","R","B",null,"M","?","M","$","M","R","M","?","T","M","R","?","R","M","R","B",null,"M","M","M","M","$","E"],"character_chosen":"IRONCLAD","items_purchased":["Ornamental Fan"],"campfire_rested":2,"item_purchase_floors":[39],"current_hp_per_floor":[62,62,73,73,72,75,75,75,75,76,76,80,80,85,85,59,79,81,60,64,64,47,47,38,13,13,19,46,46,46,48,75,43,78,83,78,80,58,58,0],"gold":52,"neow_bonus":"ONE_RANDOM_RARE_CARD","is_prod":false,"is_daily":false,"chose_seed":false,"campfire_upgraded":5,"win_rate":0,"timestamp":1549813370,"path_taken":["M","?","M","M","?","M","R","?","T","M","R","M","?","?","R","BOSS","M","?","M","$","M","R","M","?","T","M","R","?","R","M","R","BOSS","M","M","M","M","$","E"],"build_version":"2019-01-23","purchased_purges":1,"victory":false,"max_hp_per_floor":[75,75,80,80,80,80,80,80,80,80,80,80,80,85,85,85,85,85,85,85,85,85,85,85,90,90,90,90,90,90,90,90,90,90,90,90,90,90,90,90],"card_choices":[{"not_picked":["Pommel Strike","Headbutt"],"picked":"Rage","floor":1.0},{"not_picked":["Havoc","Corruption"],"picked":"Hemokinesis","floor":3.0},{"not_picked":["Headbutt","Cleave","Thunderclap"],"picked":"SKIP","floor":4.0},{"not_picked":["Twin Strike","True Grit"],"picked":"Carnage","floor":5.0},{"not_picked":["Shockwave","Sever Soul","Dark Embrace"],"picked":"SKIP","floor":6.0},{"not_picked":["Twin Strike","Headbutt"],"picked":"Rupture","floor":10.0},{"not_picked":["Intimidate","Burning Pact"],"picked":"Uppercut","floor":12},{"not_picked":["Bludgeon","Immolate"],"picked":"Impervious","floor":16},{"not_picked":["Pommel Strike","Twin Strike","Body Slam"],"picked":"SKIP","floor":18},{"not_picked":["Anger","Warcry"],"picked":"Pummel+1","floor":20},{"not_picked":["Body Slam","Twin Strike","Pommel Strike+1"],"picked":"SKIP","floor":22},{"not_picked":["Twin Strike","Heavy Blade","Feel No Pain"],"picked":"SKIP","floor":24},{"not_picked":["Twin Strike","Heavy Blade","Feel No Pain"],"picked":"SKIP","floor":24},{"not_picked":["Heavy Blade","Pommel Strike"],"picked":"Clash","floor":27},{"not_picked":["Flex","Disarm"],"picked":"Brutality","floor":31},{"not_picked":["Feed","Fiend Fire"],"picked":"Impervious","floor":33},{"not_picked":["Warcry"],"picked":"SKIP","floor":35},{"not_picked":["Headbutt"],"picked":"SKIP","floor":36},{"not_picked":["Heavy Blade"],"picked":"SKIP","floor":37},{"not_picked":["Iron Wave"],"picked":"SKIP","floor":38}],"player_experience":762757,"relics_obtained":[{"floor":9.0,"key":"Bag of Marbles"},{"floor":19,"key":"Nilry\u0027s Codex"},{"floor":26,"key":"Self Forming Clay"}],"event_choices":[{"damage_healed":0.0,"max_hp_gain":0.0,"max_hp_loss":0.0,"gold_gain":0.0,"event_name":"The Woman in Blue","player_choice":"Bought 1 Potion","floor":2.0,"gold_loss":0.0,"damage_taken":0.0},{"cards_removed":["Defend_R"],"damage_healed":0.0,"max_hp_gain":0.0,"max_hp_loss":0.0,"gold_gain":0.0,"event_name":"The Cleric","player_choice":"Card Removal","floor":8.0,"gold_loss":75.0,"damage_taken":0.0},{"damage_healed":0,"gold_gain":0,"player_choice":"Ignored","damage_taken":0,"max_hp_gain":0,"max_hp_loss":0,"event_name":"Liars Game","floor":13,"gold_loss":0},{"damage_healed":0,"gold_gain":0,"player_choice":"Donut","damage_taken":0,"max_hp_gain":5,"max_hp_loss":0,"event_name":"Big Fish","floor":14,"gold_loss":0},{"damage_healed":0,"gold_gain":0,"player_choice":"Obtained Book","damage_taken":21,"max_hp_gain":0,"max_hp_loss":0,"event_name":"Cursed Tome","floor":19,"gold_loss":0},{"damage_healed":0,"gold_gain":0,"player_choice":"Shed Blood","damage_taken":30,"max_hp_gain":5,"max_hp_loss":0,"event_name":"Forgotten Altar","floor":25,"gold_loss":0},{"damage_healed":0,"gold_gain":0,"player_choice":"Ignored","damage_taken":0,"max_hp_gain":0,"max_hp_loss":0,"event_name":"Ghosts","floor":29,"gold_loss":0}],"is_beta":false,"boss_relics":[{"not_picked":["Runic Cube","White Beast Statue"],"picked":"Cursed Key"},{"not_picked":["Mark of Pain","Black Blood"],"picked":"Busted Crown"}],"items_purged_floors":[39],"is_endless":false,"potions_floor_spawned":[1,3,4,18,22,24,35,38],"killed_by":"Giant Head","ascension_level":18}