{"gold_per_floor":[111,111,122,135,135,166,183,203,229,247,247,261,261,336,336,466,466,484,507,356,435,454,454],"floor_reached":23,"playtime":2501,"items_purged":["Strike_R"],"score":224,"play_id":"71e2a489-7449-4ddb-9b1e-fa36b613be13","local_time":"20180721230239","is_ascension_mode":true,"campfire_choices":[{"data":"Searing Blow","floor":11,"key":"SMITH"},{"data":"Searing Blow+1","floor":15,"key":"SMITH"}],"neow_cost":"NONE","seed_source_timestamp":0,"circlet_count":0,"master_deck":["Strike_R","Strike_R","Defend_R","Defend_R","Defend_R","Defend_R","Bash","Immolate","Rampage","Searing Blow+2","Disarm","Warcry","Injury","Fiend Fire","Headbutt","Burning Pact","Flame Barrier","Decay","Shrug It Off"],"special_seed":0,"relics":["Burning Blood","Darkstone Periapt","Du-Vu Doll","Ancient Tea Set","Golden Idol","Cursed Key","Kunai"],"potions_floor_usage":[16,16,23],"damage_taken":[{"damage":1,"enemies":"Cultist","floor":1,"turns":3},{"damage":0,"enemies":"2 Louse","floor":3,"turns":1},{"damage":6,"enemies":"Small Slimes","floor":4,"turns":4},{"damage":21,"enemies":"3 Sentries","floor":6,"turns":6},{"damage":7,"enemies":"2 Fungi Beasts","floor":7,"turns":2},{"damage":4,"enemies":"Large Slime","floor":8,"turns":4},{"damage":0,"enemies":"Lots of Slimes","floor":10,"turns":1},{"damage":0,"enemies":"Blue Slaver","floor":12,"turns":1},{"damage":43,"enemies":"Hexaghost","floor":16,"turns":9},{"damage":26,"enemies":"3 Byrds","floor":18,"turns":5},{"damage":15,"enemies":"Shell Parasite","floor":19,"turns":5},{"damage":12,"enemies":"Snecko","floor":22,"turns":4},{"damage":66,"enemies":"Gremlin Leader","floor":23,"turns":7}],"seed_played":"1067522708621956993","potions_obtained":[{"floor":1,"key":"Strength Potion"},{"floor":4,"key":"SmokeBomb"},{"floor":6,"key":"SmokeBomb"},{"floor":10,"key":"Strength Potion"},{"floor":12,"key":"Regen Potion"},{"floor":18,"key":"Dexterity Potion"},{"floor":19,"key":"SkillPotion"}],"is_trial":false,"path_per_floor":["M","T","M","M","?","E","M","M","T","M","R","M","?","?","R","B",null,"M","M","$","T","M"],"character_chosen":"IRONCLAD","items_purchased":["Flame Barrier"],"campfire_rested":0,"item_purchase_floors":[20],"current_hp_per_floor":[80,80,80,80,80,65,64,66,66,72,72,78,84,73,73,48,86,66,57,57,63,57,0],"gold":454,"neow_bonus":"TRANSFORM_CARD","is_prod":false,"is_daily":false,"chose_seed":false,"campfire_upgraded":2,"win_rate":0,"timestamp":1532206959,"path_taken":["M","?","M","?","?","E","M","M","T","M","R","?","?","?","R","BOSS","M","M","$","?","M","E"],"build_version":"2018-07-19v2","purchased_purges":1,"victory":false,"max_hp_per_floor":[80,80,80,80,80,80,80,80,80,80,80,80,86,86,86,86,86,86,86,86,92,92,92],"card_choices":[{"not_picked":["Combust","Flex"],"picked":"Rampage","floor":1},{"not_picked":["Feel No Pain","Whirlwind"],"picked":"Searing Blow","floor":3},{"not_picked":["Rampage","Havoc","True Grit"],"picked":"SKIP","floor":4},{"not_picked":["Sword Boomerang","Carnage","Whirlwind"],"picked":"SKIP","floor":6},{"not_picked":["Combust","Searing Blow","True Grit"],"picked":"SKIP","floor":7},{"not_picked":["Fire Breathing","Anger"],"picked":"Disarm","floor":8},{"not_picked":["Spot Weakness","Twin Strike"],"picked":"Warcry","floor":10},{"not_picked":["Perfected Strike","Heavy Blade","True Grit"],"picked":"SKIP","floor":12},{"not_picked":["Berserk","Demon Form"],"picked":"Fiend Fire","floor":16},{"not_picked":["Flex","Clothesline"],"picked":"Headbutt","floor":18},{"not_picked":["Dual Wield+1","Havoc"],"picked":"Burning Pact","floor":19},{"not_picked":["Bloodletting","Sword Boomerang"],"picked":"Shrug It Off","floor":22}],"player_experience":140756,"relics_obtained":[{"floor":2,"key":"Darkstone Periapt"},{"floor":6,"key":"Du-Vu Doll"},{"floor":9,"key":"Ancient Tea Set"},{"floor":21,"key":"Kunai"}],"event_choices":[{"event_name":"Purifier","player_choice":"One Purge","floor":5,"damage_taken":0},{"event_name":"Golden Idol","player_choice":"Take Wound","floor":13,"damage_taken":0},{"event_name":"World of Goop","player_choice":"Gather Gold","floor":14,"damage_taken":0}],"is_beta":false,"boss_relics":[{"not_picked":["Pandora\u0027s Box","Eternal Feather"],"picked":"Cursed Key"}],"items_purged_floors":[20],"is_endless":false,"potions_floor_spawned":[1,4,6,10,12,18,19],"killed_by":"Gremlin Leader","ascension_level":3}