{"gold_per_floor":[119,69,144,159,11,45,45,58,58,58,68,80,111,121,121,217,217,230,230,230,241,241,275,275,80,80,98,118,118,150,162,162,264,264,276,293,293,138,138,153,153,170,216,216,229,229,229],"floor_reached":47,"playtime":1416,"items_purged":["Corruption+1"],"score":685,"play_id":"3970c219-3dfb-4085-b98b-3a5683d30cd9","local_time":"20190111224610","is_ascension_mode":true,"campfire_choices":[{"data":"Whirlwind","floor":7,"key":"SMITH"},{"data":"Iron Wave","floor":10,"key":"SMITH"},{"data":"Bash","floor":15,"key":"SMITH"},{"floor":24,"key":"REST"},{"floor":29,"key":"REST"},{"floor":32,"key":"DIG"},{"data":"Impervious","floor":41,"key":"SMITH"},{"floor":44,"key":"REST"}],"neow_cost":"NONE","seed_source_timestamp":245633217846612,"circlet_count":0,"master_deck":["Strike_R+1","Strike_R+1","Strike_R+1","Strike_R+1","Defend_R+1","Defend_R+1","Defend_R+1","Bash+1","Whirlwind+1","Iron Wave+1","Heavy Blade","Thunderclap","Dropkick","Reaper","Bludgeon+1","Feel No Pain+1","Twin Strike+1","Iron Wave","Twin Strike","Inflame+1","Impervious+1","Warcry+1","Shockwave","Flex"],"relics":["Burning Blood","NeowsBlessing","PreservedInsect","Champion Belt","Frozen Egg 2","Bottled Lightning","Lizard Tail","Pen Nib","Chemical X","Shuriken","Shovel","StoneCalendar","Velvet Choker","Vajra"],"potions_floor_usage":[16,23,33,36],"damage_taken":[{"damage":0,"enemies":"Small Slimes","floor":1,"turns":1},{"damage":0,"enemies":"2 Louse","floor":4,"turns":1},{"damage":0,"enemies":"Gremlin Nob","floor":6,"turns":1},{"damage":13,"enemies":"Jaw Worm","floor":8,"turns":4},{"damage":16,"enemies":"Lots of Slimes","floor":11,"turns":2},{"damage":7,"enemies":"Gremlin Gang","floor":12,"turns":3},{"damage":23,"enemies":"Lagavulin","floor":13,"turns":4},{"damage":8,"enemies":"Looter","floor":14,"turns":2},{"damage":17,"enemies":"Slime Boss","floor":16,"turns":7},{"damage":37,"enemies":"Spheric Guardian","floor":18,"turns":6},{"damage":0,"enemies":"Chosen","floor":21,"turns":4},{"damage":51,"enemies":"Book of Stabbing","floor":23,"turns":5},{"damage":50,"enemies":"Centurion and Healer","floor":27,"turns":4},{"damage":18,"enemies":"Snake Plant","floor":28,"turns":2},{"damage":5,"enemies":"Gremlin Leader","floor":30,"turns":5},{"damage":12,"enemies":"3 Cultists","floor":31,"turns":3},{"damage":39,"enemies":"Collector","floor":33,"turns":5},{"damage":3,"enemies":"Orb Walker","floor":35,"turns":3},{"damage":13,"enemies":"3 Shapes","floor":36,"turns":1},{"damage":0,"enemies":"Jaw Worm Horde","floor":40,"turns":3},{"damage":58,"enemies":"4 Shapes","floor":42,"turns":5},{"damage":34,"enemies":"Writhing Mass","floor":45,"turns":3},{"damage":35,"enemies":"Spire Growth","floor":47,"turns":4}],"seed_played":"2095197677549515489","potions_obtained":[{"floor":4,"key":"GamblersBrew"},{"floor":6,"key":"SkillPotion"},{"floor":11,"key":"Ancient Potion"},{"floor":16,"key":"SkillPotion"},{"floor":21,"key":"Fire Potion"},{"floor":27,"key":"FearPotion"},{"floor":42,"key":"Explosive Potion"}],"is_trial":false,"path_per_floor":["M","?","?","M","$","E","R","M","T","R","M","M","E","M","R","B",null,"M","?","?","M","?","E","R","$","T","M","M","R","E","M","R","B",null,"M","M","?","$","?","M","R","M","T","R","M","T","M"],"character_chosen":"IRONCLAD","items_purchased":["PreservedInsect","Chemical X","Shockwave"],"campfire_rested":3,"item_purchase_floors":[5,25,38],"current_hp_per_floor":[78,78,67,73,73,79,79,72,72,72,62,61,44,42,42,31,68,37,37,37,49,49,10,34,34,34,37,25,49,62,68,68,35,69,80,73,73,73,73,76,76,29,29,51,23,23,0],"gold":229,"neow_bonus":"THREE_ENEMY_KILL","is_prod":false,"is_daily":false,"chose_seed":false,"campfire_upgraded":4,"win_rate":0,"timestamp":1547268370,"path_taken":["M","?","?","M","?","E","R","?","T","R","M","?","E","M","R","BOSS","M","?","?","M","?","E","R","$","T","?","M","R","E","M","R","BOSS","M","M","?","$","?","M","R","M","T","R","M","?","M"],"build_version":"2019-01-10","purchased_purges":1,"victory":false,"max_hp_per_floor":[80,80,80,80,80,80,80,80,80,80,80,80,80,80,80,80,80,80,80,80,80,80,80,80,80,80,80,80,80,80,80,80,80,80,80,80,80,80,76,76,76,76,76,76,76,76,76],"card_choices":[{"not_picked":["Body Slam","Twin Strike"],"picked":"Whirlwind","floor":1},{"not_picked":["Twin Strike","Heavy Blade"],"picked":"Havoc","floor":4},{"not_picked":["Twin Strike","Bloodletting"],"picked":"Iron Wave","floor":6},{"not_picked":["Sword Boomerang","Feel No Pain"],"picked":"Heavy Blade","floor":8},{"not_picked":["Clothesline","Body Slam"],"picked":"Thunderclap","floor":11},{"not_picked":["Sever Soul","Thunderclap"],"picked":"Dropkick","floor":12},{"not_picked":["Wild Strike","Anger","Rupture+1"],"picked":"SKIP","floor":13},{"not_picked":["Pommel Strike","Whirlwind"],"picked":"Metallicize+1","floor":14},{"not_picked":["Dark Embrace+1","Feed"],"picked":"Reaper","floor":16},{"not_picked":["Havoc","Body Slam","True Grit+1"],"picked":"SKIP","floor":18},{"not_picked":["Bloodletting","Immolate"],"picked":"Twin Strike+1","floor":21},{"not_picked":["Uppercut","Wild Strike+1"],"picked":"Corruption+1","floor":23},{"not_picked":["Perfected Strike","Entrench","Heavy Blade"],"picked":"SKIP","floor":27},{"not_picked":["Clash+1","Twin Strike"],"picked":"Iron Wave","floor":28},{"not_picked":["Warcry","Bloodletting"],"picked":"Twin Strike","floor":30},{"not_picked":["Shrug It Off","Second Wind+1"],"picked":"Inflame+1","floor":31},{"not_picked":["Berserk+1","Immolate"],"picked":"Impervious","floor":33},{"not_picked":["Clash+1","Pummel+1"],"picked":"Warcry+1","floor":35},{"not_picked":["Corruption+1","Heavy Blade+1","Carnage+1"],"picked":"SKIP","floor":36},{"not_picked":["Sever Soul","Searing Blow+1","Cleave+1"],"picked":"SKIP","floor":40},{"not_picked":["Clash+1","Entrench"],"picked":"Flex","floor":42},{"not_picked":["Havoc+1","Thunderclap","Fire Breathing+1"],"picked":"SKIP","floor":45}],"player_experience":94338,"relics_obtained":[{"floor":6,"key":"Champion Belt"},{"floor":9,"key":"Frozen Egg 2"},{"floor":13,"key":"Bottled Lightning"},{"floor":23,"key":"Pen Nib"},{"floor":26,"key":"Shuriken"},{"floor":30,"key":"Shovel"},{"floor":32,"key":"StoneCalendar"},{"floor":46,"key":"Vajra"}],"event_choices":[{"cards_removed":["Defend_R"],"damage_healed":0,"gold_gain":0,"player_choice":"Card Removal","damage_taken":0,"max_hp_gain":0,"max_hp_loss":0,"event_name":"The Cleric","floor":2,"gold_loss":50},{"damage_healed":0,"gold_gain":75,"player_choice":"Gather Gold","damage_taken":11,"max_hp_gain":0,"max_hp_loss":0,"event_name":"World of Goop","floor":3,"gold_loss":0},{"damage_healed":0,"gold_gain":0,"player_choice":"Simplicity","damage_taken":0,"max_hp_gain":0,"max_hp_loss":0,"event_name":"Back to Basics","floor":19,"gold_loss":0,"cards_upgraded":["Strike_R","Strike_R","Strike_R","Strike_R","Strike_R","Defend_R","Defend_R","Defend_R"]},{"damage_healed":0,"gold_gain":0,"cards_transformed":["Havoc","Strike_R"],"player_choice":"Became Test Subject","damage_taken":0,"max_hp_gain":0,"max_hp_loss":0,"event_name":"Drug Dealer","floor":20,"gold_loss":0,"cards_obtained":["Bludgeon","Feel No Pain"]},{"damage_healed":0,"gold_gain":0,"player_choice":"Forge","damage_taken":0,"max_hp_gain":0,"max_hp_loss":0,"event_name":"Accursed Blacksmith","floor":22,"gold_loss":0,"cards_upgraded":["Bludgeon"]},{"cards_removed":["Metallicize"],"damage_healed":0,"gold_gain":0,"player_choice":"Removed Power","damage_taken":0,"max_hp_gain":0,"max_hp_loss":0,"event_name":"Falling","floor":37,"gold_loss":0},{"damage_healed":0,"gold_gain":0,"player_choice":"Max HP","damage_taken":0,"max_hp_gain":0,"max_hp_loss":4,"event_name":"Winding Halls","floor":39,"gold_loss":0}],"is_beta":false,"boss_relics":[{"not_picked":["White Beast Statue","Runic Cube"],"picked":"Lizard Tail"},{"not_picked":["Mark of Pain","Runic Dome"],"picked":"Velvet Choker"}],"items_purged_floors":[38],"is_endless":false,"potions_floor_spawned":[4,6,11,16,21,27,28,42],"killed_by":"Spire Growth","ascension_level":6}