{"gold_per_floor":[115,125,143,143,153,166,241,241,291,291,326,326,72,157,157,231,231,271,271,227,241,241,241,308,308,334,349,362,431,72,72,72,72],"floor_reached":33,"playtime":2407,"items_purged":["Strike_G","Strike_G"],"score":473,"play_id":"e7c7a7cc-ab4c-4022-8e79-bf164e7f95fc","local_time":"20190119130114","is_ascension_mode":true,"campfire_choices":[{"data":"Backflip","floor":8,"key":"SMITH"},{"floor":10,"key":"REST"},{"data":"Survivor","floor":12,"key":"SMITH"},{"floor":15,"key":"REST"},{"data":"Leg Sweep","floor":23,"key":"SMITH"},{"data":"Neutralize","floor":25,"key":"SMITH"},{"floor":32,"key":"REST"}],"neow_cost":"NONE","seed_source_timestamp":3200955961246,"circlet_count":0,"master_deck":["AscendersBane","Defend_G","Defend_G","Defend_G","Defend_G","Defend_G","Strike_G","Strike_G","Survivor+1","Neutralize+1","Backflip+1","Adrenaline","HandOfGreed+1","Night Terror","Skewer+1","Leg Sweep+1","Storm of Steel","Heel Hook+1","Dash+1","Backflip"],"relics":["Busted Crown","Snake Skull","Molten Egg 2","Sozu","Lantern","Regal Pillow"],"potions_floor_usage":[11,28],"damage_taken":[{"damage":6,"enemies":"Cultist","floor":1,"turns":6},{"damage":2,"enemies":"Small Slimes","floor":2,"turns":4},{"damage":7,"enemies":"Jaw Worm","floor":3,"turns":5},{"damage":1,"enemies":"2 Fungi Beasts","floor":5,"turns":4},{"damage":1,"enemies":"Looter","floor":6,"turns":4},{"damage":19,"enemies":"Gremlin Nob","floor":11,"turns":4},{"damage":2,"enemies":"Gremlin Gang","floor":14,"turns":6},{"damage":43,"enemies":"The Guardian","floor":16,"turns":15},{"damage":5,"enemies":"Spheric Guardian","floor":18,"turns":7},{"damage":4,"enemies":"2 Thieves","floor":21,"turns":4},{"damage":8,"enemies":"Centurion and Healer","floor":24,"turns":7},{"damage":8,"enemies":"Snecko","floor":27,"turns":7},{"damage":14,"enemies":"Cultist and Chosen","floor":28,"turns":11},{"damage":0,"enemies":"Centurion and Healer","floor":29,"turns":5},{"damage":62,"enemies":"Automaton","floor":33,"turns":14}],"seed_played":"-5716767856550461752","potions_obtained":[{"floor":3,"key":"LiquidBronze"},{"floor":5,"key":"PowerPotion"},{"floor":16,"key":"Regen Potion"}],"is_trial":false,"path_per_floor":["M","M","M","?","M","M","?","R","T","R","E","R","$","M","R","B",null,"M","?","$","M","?","R","M","R","T","M","M","M","$","?","R","B"],"character_chosen":"THE_SILENT","items_purchased":["HandOfGreed+1","Skewer+1","Dash+1","Regal Pillow"],"campfire_rested":3,"item_purchase_floors":[13,20,30,30],"current_hp_per_floor":[53,51,44,44,43,42,31,31,31,50,31,31,31,29,48,5,51,46,46,46,42,42,42,34,34,34,26,27,27,27,27,61,0],"gold":72,"neow_bonus":"BOSS_RELIC","is_prod":false,"is_daily":false,"chose_seed":false,"campfire_upgraded":4,"win_rate":0,"timestamp":1547899274,"path_taken":["M","M","?","?","M","M","?","R","T","R","E","R","?","M","R","BOSS","M","?","$","M","?","R","M","R","T","M","M","?","$","?","R","BOSS"],"build_version":"2019-01-17v2","purchased_purges":2,"victory":false,"max_hp_per_floor":[66,66,66,66,66,66,66,66,66,66,66,66,66,66,66,66,66,66,66,66,66,66,66,66,66,66,66,66,66,66,66,66,66],"card_choices":[{"not_picked":[],"picked":"Backflip","floor":1},{"not_picked":["Blade Dance"],"picked":"SKIP","floor":2},{"not_picked":["Eviscerate"],"picked":"SKIP","floor":3},{"not_picked":["Deflect"],"picked":"SKIP","floor":5},{"not_picked":["Dagger Spray"],"picked":"SKIP","floor":6},{"not_picked":[],"picked":"Adrenaline","floor":11},{"not_picked":["Deadly Poison"],"picked":"SKIP","floor":14},{"not_picked":[],"picked":"Night Terror","floor":16},{"not_picked":["Infinite Blades"],"picked":"SKIP","floor":18},{"not_picked":[],"picked":"Leg Sweep","floor":21},{"not_picked":[],"picked":"Heel Hook+1","floor":24},{"not_picked":["Eviscerate+1"],"picked":"SKIP","floor":27},{"not_picked":["Setup"],"picked":"SKIP","floor":28},{"not_picked":["Slice+1"],"picked":"SKIP","floor":29}],"player_experience":714899,"relics_obtained":[{"floor":9,"key":"Snake Skull"},{"floor":11,"key":"Molten Egg 2"},{"floor":26,"key":"Lantern"}],"event_choices":[{"damage_healed":0,"gold_gain":0,"player_choice":"Ignored","damage_taken":0,"max_hp_gain":0,"max_hp_loss":0,"event_name":"Liars Game","floor":4,"gold_loss":0},{"damage_healed":0,"gold_gain":75,"player_choice":"Gather Gold","damage_taken":11,"max_hp_gain":0,"max_hp_loss":0,"event_name":"World of Goop","floor":7,"gold_loss":0},{"damage_healed":0,"gold_gain":0,"player_choice":"Ignored","damage_taken":0,"max_hp_gain":0,"max_hp_loss":0,"event_name":"Cursed Tome","floor":19,"gold_loss":0},{"damage_healed":0,"gold_gain":0,"cards_transformed":["Strike_G"],"player_choice":"Transformed","damage_taken":0,"max_hp_gain":0,"max_hp_loss":0,"event_name":"Transmorgrifier","floor":22,"gold_loss":0,"cards_obtained":["Storm of Steel"]},{"damage_healed":0,"gold_gain":0,"player_choice":"Read","damage_taken":0,"max_hp_gain":0,"max_hp_loss":0,"event_name":"The Library","floor":31,"gold_loss":0,"cards_obtained":["Backflip"]}],"is_beta":false,"boss_relics":[{"not_picked":["Calling Bell","Cursed Key"],"picked":"Sozu"}],"items_purged_floors":[13,30],"is_endless":false,"potions_floor_spawned":[3,5,16,21,29],"killed_by":"Automaton","ascension_level":18}