{"gold_per_floor":[114,129,79,94,94,94,124,124,124,154,169,169,229,67,67,167,167,182,132,64,79,79,109,124,124,124,154,154,184,184,199,199,299,299,314,329,29,44,44,74,1,1,1,16,91,121,121,136,136,136],"floor_reached":51,"playtime":2436,"items_purged":[],"score":1081,"play_id":"0dc45a41-679d-468e-9281-e1572a4e2936","local_time":"20190207015216","daily_mods":["Chimera","Hoarder","Elite Swarm"],"is_ascension_mode":false,"campfire_choices":[{"data":"Zap","floor":6,"key":"SMITH"},{"floor":8,"key":"REST"},{"floor":12,"key":"REST"},{"data":"Madness","floor":15,"key":"SMITH"},{"floor":25,"key":"REST"},{"data":"Armaments","floor":28,"key":"SMITH"},{"floor":30,"key":"REST"},{"floor":32,"key":"REST"},{"data":"Flame Barrier","floor":42,"key":"SMITH"},{"data":"Demon Form","floor":47,"key":"SMITH"},{"floor":49,"key":"REST"}],"neow_cost":"","seed_source_timestamp":1829490969869416,"circlet_count":0,"master_deck":["Bash","Survivor","Zap+1","Strike_R","Strike_G","Strike_B","Defend_R","Defend_G","Defend_B","Headbutt","Headbutt","Headbutt","Feel No Pain","Feel No Pain","Feel No Pain","Body Slam","Body Slam","Body Slam","Barricade","Barricade","Barricade","Fiend Fire","Fiend Fire","Fiend Fire","Shrug It Off","Shrug It Off","Shrug It Off","Impervious","Impervious","Impervious","Flame Barrier+1","Flame Barrier+1","Flame Barrier","Madness","Madness","Madness+1","Dark Embrace","Dark Embrace","Dark Embrace","Armaments+1","Armaments","Ghostly Armor","Ghostly Armor+1","Ghostly Armor","Demon Form+1","Demon Form","Demon Form","Juggernaut","Juggernaut","Juggernaut","Sentinel","Sentinel","Sentinel","Seeing Red+1","Seeing Red+1","Seeing Red+1"],"special_seed":17934,"relics":["Burning Blood","Gremlin Horn","Red Skull","Self Forming Clay","Tiny Chest","Snecko Eye","Lantern","Singing Bowl","Pen Nib","Bottled Lightning","Sozu","Calipers","War Paint","Bottled Flame","Art of War"],"potions_floor_usage":[7,13,13,23,29,33,50],"damage_taken":[{"damage":0,"enemies":"Small Slimes","floor":1,"turns":4},{"damage":1,"enemies":"Cultist","floor":2,"turns":3},{"damage":7,"enemies":"2 Louse","floor":4,"turns":3},{"damage":28,"enemies":"Gremlin Nob","floor":7,"turns":4},{"damage":41,"enemies":"3 Sentries","floor":10,"turns":9},{"damage":6,"enemies":"2 Fungi Beasts","floor":11,"turns":2},{"damage":0,"enemies":"Gremlin Nob","floor":13,"turns":2},{"damage":30,"enemies":"Slime Boss","floor":16,"turns":8},{"damage":0,"enemies":"Spheric Guardian","floor":18,"turns":2},{"damage":7,"enemies":"3 Byrds","floor":21,"turns":5},{"damage":13,"enemies":"Slavers","floor":23,"turns":5},{"damage":0,"enemies":"Cultist and Chosen","floor":24,"turns":5},{"damage":0,"enemies":"Book of Stabbing","floor":27,"turns":4},{"damage":44,"enemies":"Slavers","floor":29,"turns":7},{"damage":0,"enemies":"Snake Plant","floor":31,"turns":3},{"damage":0,"enemies":"Collector","floor":33,"turns":9},{"damage":0,"enemies":"3 Darklings","floor":35,"turns":6},{"damage":3,"enemies":"Orb Walker","floor":36,"turns":3},{"damage":11,"enemies":"Jaw Worm Horde","floor":38,"turns":5},{"damage":0,"enemies":"Giant Head","floor":40,"turns":5},{"damage":0,"enemies":"Maw","floor":44,"turns":5},{"damage":0,"enemies":"Nemesis","floor":46,"turns":7},{"damage":9,"enemies":"Spire Growth","floor":48,"turns":5},{"damage":0,"enemies":"Awakened One","floor":50,"turns":10}],"seed_played":"-7067944116089753152","potions_obtained":[{"floor":4,"key":"Swift Potion"},{"floor":7,"key":"Weak Potion"},{"floor":10,"key":"FearPotion"},{"floor":21,"key":"FearPotion"},{"floor":24,"key":"LiquidBronze"},{"floor":27,"key":"PowerPotion"}],"is_trial":false,"path_per_floor":["M","M","$","M","?","R","E","R","T","E","M","R","E","$","R","B",null,"M","$","$","M","?","E","M","R","T","E","R","E","R","M","R","B",null,"M","M","$","M","?","E","$","R","T","M","?","E","R","M","R","B",null],"character_chosen":"IRONCLAD","items_purchased":["PowerPotion","Flame Barrier","Madness","PowerPotion","Ghostly Armor","Calipers","Sentinel"],"campfire_rested":6,"item_purchase_floors":[3,14,14,19,20,37,41],"current_hp_per_floor":[80,80,80,79,79,79,57,80,80,45,45,69,75,75,75,51,80,80,80,80,79,64,57,63,85,85,85,85,47,72,80,87,89,89,91,93,93,90,90,97,97,97,97,97,88,96,96,95,101,101],"gold":136,"neow_bonus":"","is_prod":false,"is_daily":true,"chose_seed":false,"campfire_upgraded":5,"win_rate":0,"timestamp":1549522336,"path_taken":["M","M","$","M","?","R","E","R","T","E","?","R","E","$","R","BOSS","M","?","$","M","?","E","M","R","T","E","R","E","R","M","R","BOSS","M","M","$","M","?","E","$","R","T","M","?","E","R","M","R","BOSS"],"build_version":"2019-01-23","purchased_purges":0,"victory":true,"max_hp_per_floor":[80,80,80,80,80,80,80,80,80,80,80,80,80,80,80,80,80,80,80,80,80,85,85,85,85,85,85,85,85,85,87,87,89,89,91,93,93,95,95,97,97,97,97,97,97,99,99,101,101,101],"card_choices":[{"not_picked":["Cleave","Anger"],"picked":"Headbutt","floor":1},{"not_picked":["Flex","Clothesline"],"picked":"Feel No Pain","floor":2},{"not_picked":["Corruption","Second Wind"],"picked":"Body Slam","floor":4},{"not_picked":["Exhume","Limit Break"],"picked":"Barricade","floor":7},{"not_picked":["Berserk","Bludgeon"],"picked":"Fiend Fire","floor":10},{"not_picked":["Rage","Clash"],"picked":"Shrug It Off","floor":11},{"not_picked":["Feed","Dark Embrace"],"picked":"Impervious","floor":13},{"not_picked":["Impervious","Fiend Fire"],"picked":"Dark Embrace","floor":16},{"not_picked":["Rampage","Havoc"],"picked":"Armaments","floor":18},{"not_picked":["Fire Breathing","Rupture","Ghostly Armor+1"],"picked":"SKIP","floor":21},{"not_picked":["Immolate","Exhume","Feed"],"picked":"SKIP","floor":23},{"not_picked":["Wild Strike","Warcry+1","Dual Wield"],"picked":"SKIP","floor":24},{"not_picked":["Offering","Reaper"],"picked":"Demon Form","floor":27},{"not_picked":["Limit Break","Offering"],"picked":"Juggernaut","floor":29},{"not_picked":["Flex+1","Clash","Iron Wave"],"picked":"Singing Bowl","floor":31},{"not_picked":["Limit Break","Double Tap","Exhume"],"picked":"Singing Bowl","floor":33},{"not_picked":["Inflame","Body Slam+1","Clothesline"],"picked":"Singing Bowl","floor":35},{"not_picked":["Dropkick+1","Uppercut+1","Anger+1"],"picked":"Singing Bowl","floor":36},{"not_picked":["Havoc","Corruption+1","Feed"],"picked":"Singing Bowl","floor":38},{"not_picked":["Feed","Impervious","Limit Break"],"picked":"Singing Bowl","floor":40},{"not_picked":["Flex","Shrug It Off+1"],"picked":"Seeing Red+1","floor":44},{"not_picked":["Impervious","Brutality","Immolate"],"picked":"Singing Bowl","floor":46},{"not_picked":["Flex+1","Dual Wield","Iron Wave+1"],"picked":"Singing Bowl","floor":48}],"player_experience":399772,"relics_obtained":[{"floor":7,"key":"Gremlin Horn"},{"floor":9,"key":"Red Skull"},{"floor":10,"key":"Self Forming Clay"},{"floor":13,"key":"Tiny Chest"},{"floor":23,"key":"Lantern"},{"floor":26,"key":"Singing Bowl"},{"floor":27,"key":"Pen Nib"},{"floor":29,"key":"Bottled Lightning"},{"floor":40,"key":"War Paint"},{"floor":43,"key":"Bottled Flame"},{"floor":46,"key":"Art of War"}],"event_choices":[{"damage_healed":0,"gold_gain":0,"player_choice":"0 cards matched","damage_taken":0,"max_hp_gain":0,"max_hp_loss":0,"event_name":"Match and Keep!","floor":5,"gold_loss":0,"cards_obtained":[]},{"damage_healed":0,"gold_gain":0,"player_choice":"Shed Blood","damage_taken":20,"max_hp_gain":5,"max_hp_loss":0,"event_name":"Forgotten Altar","floor":22,"gold_loss":0},{"cards_removed":["Armaments"],"damage_healed":0,"gold_gain":0,"player_choice":"Removed Skill","damage_taken":0,"max_hp_gain":0,"max_hp_loss":0,"event_name":"Falling","floor":39,"gold_loss":0},{"damage_healed":0,"gold_gain":75,"player_choice":"Touch","damage_taken":9,"max_hp_gain":0,"max_hp_loss":0,"event_name":"FaceTrader","floor":45,"gold_loss":0}],"is_beta":false,"boss_relics":[{"not_picked":["Black Star","Lizard Tail"],"picked":"Snecko Eye"},{"not_picked":["Astrolabe","White Beast Statue"],"picked":"Sozu"}],"items_purged_floors":[],"is_endless":false,"potions_floor_spawned":[4,7,10,21,24,27,35,36,46,48],"ascension_level":0}