{"gold_per_floor":[13,29,39,0,10,10,10,10,10,10,10,10,10,33,33,163,163,133,156,71,87,87,87,33,33,87,108,133,86,86,13,13,13],"floor_reached":33,"playtime":1284,"items_purged":[],"score":260,"play_id":"daf01833-3277-4606-a4e6-c7983e4f8d77","local_time":"20190120014135","is_ascension_mode":false,"campfire_choices":[{"floor":6,"key":"REST"},{"data":"Defragment","floor":8,"key":"SMITH"},{"data":"Zap","floor":11,"key":"SMITH"},{"floor":15,"key":"REST"},{"floor":23,"key":"REST"},{"data":"Conserve Battery","floor":32,"key":"SMITH"}],"neow_cost":"NO_GOLD","seed_source_timestamp":277363301094607,"circlet_count":0,"master_deck":["Defend_B","Defend_B","Defend_B","Defend_B","Zap+1","Dualcast","Deep Breath","Deep Breath","Sweeping Beam","Defragment+1","Melter","Heatsinks","Glacier","Self Repair+1","Buffer+1","Blizzard+1","Go for the Eyes+1","Go for the Eyes+1","Beam Cell","Gash+1","Multi-Cast","Conserve Battery+1","Bite","Bite","Bite","Bite","Bite","Sunder"],"relics":["Cracked Core","Frozen Egg 2","Golden Idol","Question Card","Lizard Tail","Calipers","Nilry\u0027s Codex","Nloth\u0027s Gift"],"potions_floor_usage":[16,16,16,21,27,33,33],"damage_taken":[{"damage":6,"enemies":"Jaw Worm","floor":1,"turns":3},{"damage":7,"enemies":"2 Louse","floor":2,"turns":2},{"damage":14,"enemies":"Small Slimes","floor":3,"turns":3},{"damage":16,"enemies":"3 Louse","floor":5,"turns":3},{"damage":4,"enemies":"Blue Slaver","floor":14,"turns":3},{"damage":32,"enemies":"The Guardian","floor":16,"turns":11},{"damage":28,"enemies":"2 Thieves","floor":18,"turns":5},{"damage":6,"enemies":"Chosen","floor":19,"turns":9},{"damage":68,"enemies":"3 Cultists","floor":21,"turns":8},{"damage":0,"enemies":"Centurion and Healer","floor":27,"turns":7},{"damage":8,"enemies":"Shelled Parasite and Fungi","floor":28,"turns":8},{"damage":64,"enemies":"Collector","floor":33,"turns":7}],"seed_played":"-9195098940579828830","potions_obtained":[{"floor":3,"key":"Swift Potion"},{"floor":5,"key":"Fire Potion"},{"floor":14,"key":"SkillPotion"},{"floor":18,"key":"FearPotion"},{"floor":19,"key":"SkillPotion"},{"floor":21,"key":"AttackPotion"},{"floor":27,"key":"Ancient Potion"}],"is_trial":false,"path_per_floor":["M","M","M","$","M","R","?","R","T","?","R","?","?","M","R","B",null,"M","M","?","M","?","R","$","?","T","M","M","$","?","$","R","B"],"character_chosen":"DEFECT","items_purchased":["Heatsinks","Beam Cell","Conserve Battery","Sunder"],"campfire_rested":3,"item_purchase_floors":[4,24,29,31],"current_hp_per_floor":[69,62,48,48,32,54,54,54,54,47,47,47,40,36,56,24,69,51,55,55,31,15,35,35,35,35,47,51,51,51,51,51,0],"gold":13,"neow_bonus":"RANDOM_COLORLESS_2","is_prod":false,"is_daily":false,"chose_seed":false,"campfire_upgraded":3,"win_rate":0.0,"timestamp":1547966495,"path_taken":["M","M","M","$","M","R","?","R","T","?","R","?","?","M","R","BOSS","M","M","?","M","?","R","$","?","T","M","?","$","?","$","R","BOSS"],"build_version":"2019-01-17v2","purchased_purges":0,"victory":false,"max_hp_per_floor":[75,75,75,75,75,75,75,75,75,75,75,69,69,69,69,69,69,69,69,69,69,69,69,69,69,69,69,69,69,69,69,69,69],"card_choices":[{"not_picked":["Auto Shields","Redo"],"picked":"Sweeping Beam","floor":1},{"not_picked":["Ball Lightning","Fusion"],"picked":"Defragment","floor":2},{"not_picked":["Cold Snap","Barrage"],"picked":"Melter","floor":3},{"not_picked":["Scrape","Loop"],"picked":"Glacier","floor":5},{"not_picked":["Steam Power","Fusion","Beam Cell"],"picked":"Self Repair+1","floor":14},{"not_picked":["All For One","Amplify","Hyperbeam"],"picked":"Buffer+1","floor":16},{"not_picked":["Force Field","Ball Lightning","Barrage"],"picked":"Blizzard+1","floor":18},{"not_picked":["Glacier","Chill","Self Repair+1"],"picked":"Go for the Eyes+1","floor":19},{"not_picked":["Rebound","Compile Driver","Chill"],"picked":"Go for the Eyes+1","floor":21},{"not_picked":["Coolheaded","Stack+1","Ball Lightning"],"picked":"Gash+1","floor":27},{"not_picked":["Cold Snap","Coolheaded","Stack"],"picked":"Multi-Cast","floor":28}],"player_experience":134400,"relics_obtained":[{"floor":9,"key":"Frozen Egg 2"},{"floor":22,"key":"Nilry\u0027s Codex"},{"floor":26,"key":"Blood Vial"}],"event_choices":[{"damage_healed":0,"gold_gain":0,"player_choice":"Box","damage_taken":0,"relics_obtained":["Du-Vu Doll"],"max_hp_gain":0,"max_hp_loss":0,"event_name":"Big Fish","floor":7,"gold_loss":0,"cards_obtained":["Regret"]},{"cards_removed":["Regret"],"damage_healed":0,"gold_gain":0,"player_choice":"Card Removal","damage_taken":7,"max_hp_gain":0,"max_hp_loss":0,"event_name":"Golden Wing","floor":10,"gold_loss":0},{"damage_healed":0,"gold_gain":0,"player_choice":"Lose Max HP","damage_taken":0,"relics_obtained":["Golden Idol"],"max_hp_gain":0,"max_hp_loss":6,"event_name":"Golden Idol","floor":12,"gold_loss":0},{"damage_healed":0,"gold_gain":0,"player_choice":"Success","damage_taken":7,"relics_obtained":["Question Card"],"max_hp_gain":0,"max_hp_loss":0,"event_name":"Scrap Ooze","floor":13,"gold_loss":0},{"damage_healed":0,"gold_gain":0,"player_choice":"Obtained Relic","damage_taken":0,"relics_obtained":["Calipers"],"max_hp_gain":0,"max_hp_loss":0,"event_name":"Addict","floor":20,"gold_loss":85},{"damage_healed":0,"gold_gain":0,"player_choice":"Obtained Book","damage_taken":16,"max_hp_gain":0,"max_hp_loss":0,"event_name":"Cursed Tome","floor":22,"gold_loss":0},{"damage_healed":0,"gold_gain":0,"player_choice":"Traded Relic","damage_taken":0,"relics_obtained":["Nloth\u0027s Gift"],"max_hp_gain":0,"max_hp_loss":0,"event_name":"N\u0027loth","floor":25,"relics_lost":["Du-Vu Doll"],"gold_loss":0},{"damage_healed":0,"gold_gain":0,"player_choice":"Became a vampire (Vial)","damage_taken":0,"max_hp_gain":0,"max_hp_loss":0,"event_name":"Vampires","floor":30,"relics_lost":["Blood Vial"],"gold_loss":0,"cards_obtained":["Bite","Bite","Bite","Bite","Bite"]}],"is_beta":false,"boss_relics":[{"not_picked":["Runic Pyramid","Calling Bell"],"picked":"Lizard Tail"}],"items_purged_floors":[],"is_endless":false,"potions_floor_spawned":[3,5,14,18,19,21,27],"killed_by":"Collector","ascension_level":0}