{"gold_per_floor":[109,186,186,203,203,203,213,241,241,241,263,294,304,330,330,330],"floor_reached":16,"playtime":815,"items_purged":[],"score":214,"play_id":"af655b90-81a1-4325-8f54-e68b6c6c91da","local_time":"20190210181254","is_ascension_mode":true,"campfire_choices":[{"data":"Hemokinesis","floor":6,"key":"SMITH"},{"data":"Armaments","floor":10,"key":"SMITH"},{"floor":15,"key":"REST"}],"neow_cost":"NONE","seed_source_timestamp":104112024612400,"circlet_count":0,"master_deck":["AscendersBane","Strike_R","Strike_R","Strike_R","Strike_R","Strike_R","Defend_R","Defend_R","Defend_R","Defend_R","Bash","Hemokinesis+1","Pommel Strike","Armaments+1","Twin Strike","Sever Soul","Searing Blow"],"relics":["Burning Blood","Mango","Du-Vu Doll","Odd Mushroom","Orichalcum","Letter Opener"],"potions_floor_usage":[11],"damage_taken":[{"damage":0,"enemies":"2 Louse","floor":1,"turns":4},{"damage":6,"enemies":"Jaw Worm","floor":4,"turns":4},{"damage":5,"enemies":"Small Slimes","floor":7,"turns":3},{"damage":42,"enemies":"Lagavulin","floor":8,"turns":6},{"damage":31,"enemies":"The Mushroom Lair","floor":11,"turns":5},{"damage":10,"enemies":"Gremlin Nob","floor":12,"turns":3},{"damage":3,"enemies":"Blue Slaver","floor":13,"turns":5},{"damage":21,"enemies":"Lagavulin","floor":14,"turns":7},{"damage":54,"enemies":"The Guardian","floor":16,"turns":6}],"seed_played":"5171901073127048546","potions_obtained":[{"floor":0,"key":"EssenceOfSteel"},{"floor":0,"key":"Ancient Potion"},{"floor":8,"key":"AttackPotion"},{"floor":11,"key":"BloodPotion"},{"floor":13,"key":"GamblersBrew"}],"is_trial":false,"path_per_floor":["M","?","?","M","?","R","M","E","T","R","?","E","M","E","R","B"],"character_chosen":"IRONCLAD","items_purchased":[],"campfire_rested":1,"item_purchase_floors":[],"current_hp_per_floor":[78,78,78,78,83,83,84,62,62,62,37,33,36,21,50,0],"gold":330,"neow_bonus":"THREE_SMALL_POTIONS","is_prod":false,"is_daily":false,"chose_seed":false,"campfire_upgraded":2,"win_rate":0,"timestamp":1549793574,"path_taken":["M","?","?","M","?","R","M","E","T","R","?","E","?","E","R","BOSS"],"build_version":"2019-01-23","purchased_purges":0,"victory":false,"max_hp_per_floor":[80,80,80,80,85,85,85,99,99,99,99,99,99,99,99,99],"card_choices":[{"not_picked":["Shrug It Off","Havoc"],"picked":"Hemokinesis","floor":1},{"not_picked":["Infernal Blade","Flex"],"picked":"Pommel Strike","floor":4},{"not_picked":["Infernal Blade","Searing Blow","Limit Break"],"picked":"SKIP","floor":7},{"not_picked":["Entrench","Twin Strike"],"picked":"Armaments","floor":8},{"not_picked":["Clash","Thunderclap"],"picked":"Twin Strike","floor":11},{"not_picked":["Cleave","Sword Boomerang","Clash"],"picked":"SKIP","floor":12},{"not_picked":["Clash","Rupture"],"picked":"Sever Soul","floor":13},{"not_picked":["Iron Wave","Thunderclap"],"picked":"Searing Blow","floor":14}],"player_experience":381200,"relics_obtained":[{"floor":8,"key":"Mango"},{"floor":9,"key":"Du-Vu Doll"},{"floor":11,"key":"Odd Mushroom"},{"floor":12,"key":"Orichalcum"},{"floor":14,"key":"Letter Opener"}],"event_choices":[{"damage_healed":0,"gold_gain":77,"player_choice":"Gained Gold","damage_taken":0,"max_hp_gain":0,"max_hp_loss":0,"event_name":"Golden Wing","floor":2,"gold_loss":0},{"damage_healed":0,"gold_gain":0,"player_choice":"Ignored","damage_taken":0,"max_hp_gain":0,"max_hp_loss":0,"event_name":"Liars Game","floor":3,"gold_loss":0},{"damage_healed":0,"gold_gain":0,"player_choice":"Donut","damage_taken":0,"max_hp_gain":5,"max_hp_loss":0,"event_name":"Big Fish","floor":5,"gold_loss":0},{"damage_healed":0,"gold_gain":0,"player_choice":"Fought Mushrooms","damage_taken":0,"max_hp_gain":0,"max_hp_loss":0,"event_name":"Mushrooms","floor":11,"gold_loss":0}],"is_beta":false,"boss_relics":[],"items_purged_floors":[],"is_endless":false,"potions_floor_spawned":[8,11,13],"killed_by":"The Guardian","ascension_level":12}