{"gold_per_floor":[99,114,124,134,153,153,153,181,218,240,265,307,66,98,98,202,202,218,178,192,209,209],"floor_reached":22,"playtime":1612,"items_purged":["Strike_B"],"score":192,"play_id":"d640f051-c8b2-40d1-b5a5-e25203f76d42","local_time":"20190125213158","is_ascension_mode":false,"campfire_choices":[{"data":"Gash","floor":6,"key":"SMITH"},{"floor":15,"key":"REST"}],"neow_cost":"NONE","seed_source_timestamp":554746406624609,"circlet_count":0,"master_deck":["Strike_B","Strike_B","Strike_B","Defend_B","Defend_B+1","Defend_B","Defend_B","Zap","Dualcast","Gash+1","Conserve Battery+1","Storm","BootSequence","BootSequence","Rainbow","Transmutation","Seek","Gash"],"relics":["Cracked Core","NeowsBlessing","MawBank","Omamori","Inserter"],"potions_floor_usage":[4,16,16,21,21],"damage_taken":[{"damage":0,"enemies":"2 Louse","floor":1,"turns":1},{"damage":0,"enemies":"Small Slimes","floor":2,"turns":1},{"damage":0,"enemies":"Jaw Worm","floor":3,"turns":1},{"damage":19,"enemies":"Exordium Wildlife","floor":4,"turns":5},{"damage":16,"enemies":"Gremlin Gang","floor":5,"turns":5},{"damage":30,"enemies":"3 Sentries","floor":8,"turns":9},{"damage":1,"enemies":"Large Slime","floor":10,"turns":6},{"damage":2,"enemies":"Blue Slaver","floor":11,"turns":4},{"damage":0,"enemies":"Looter","floor":14,"turns":3},{"damage":2,"enemies":"Slime Boss","floor":16,"turns":5},{"damage":37,"enemies":"Spheric Guardian","floor":18,"turns":8},{"damage":7,"enemies":"Chosen","floor":20,"turns":5},{"damage":32,"enemies":"Sentry and Sphere","floor":21,"turns":8},{"damage":10,"enemies":"Centurion and Healer","floor":22,"turns":3}],"seed_played":"3808527754585168664","potions_obtained":[{"floor":2,"key":"SteroidPotion"},{"floor":3,"key":"SpeedPotion"},{"floor":10,"key":"LiquidBronze"},{"floor":11,"key":"PowerPotion"},{"floor":16,"key":"Strength Potion"},{"floor":18,"key":"Fire Potion"},{"floor":20,"key":"SkillPotion"}],"is_trial":false,"path_per_floor":["M","M","M","M","M","R","?","E","T","M","M","?","$","M","R","B",null,"M","?","M","M","M"],"character_chosen":"DEFECT","items_purchased":["Transmutation"],"campfire_rested":1,"item_purchase_floors":[13],"current_hp_per_floor":[75,75,75,56,40,40,45,15,15,14,12,12,12,12,36,34,80,43,43,36,4,0],"gold":209,"neow_bonus":"THREE_ENEMY_KILL","is_prod":false,"is_daily":false,"chose_seed":false,"campfire_upgraded":1,"win_rate":0.0,"timestamp":1548448318,"path_taken":["M","M","M","M","M","R","?","E","T","M","M","?","?","M","R","BOSS","M","?","?","M","M"],"build_version":"2019-01-23","purchased_purges":1,"victory":false,"max_hp_per_floor":[75,75,75,75,75,75,80,80,80,80,80,80,80,80,80,80,80,80,80,80,80,80],"card_choices":[{"not_picked":["Coolheaded","Loop"],"picked":"Gash","floor":1},{"not_picked":["Streamline","Hello World"],"picked":"Conserve Battery","floor":2},{"not_picked":["Cold Snap","Double Energy"],"picked":"Storm","floor":3},{"not_picked":["Cold Snap","Leap"],"picked":"BootSequence","floor":4},{"not_picked":["Scrape","Stack"],"picked":"BootSequence","floor":5},{"not_picked":["Barrage","Compile Driver"],"picked":"Rainbow","floor":8},{"not_picked":["Sweeping Beam","Stack","Conserve Battery"],"picked":"SKIP","floor":10},{"not_picked":["Rebound","Cold Snap","Steam"],"picked":"SKIP","floor":11},{"not_picked":["Steam Power","Rebound","Hologram"],"picked":"SKIP","floor":14},{"not_picked":["Meteor Strike","Thunder Strike"],"picked":"Seek","floor":16},{"not_picked":["Rebound","Steam Power","Stack+1"],"picked":"SKIP","floor":18},{"not_picked":["Ball Lightning","Hologram+1"],"picked":"Gash","floor":20},{"not_picked":["Storm","Barrage","Rip and Tear"],"picked":"SKIP","floor":21}],"player_experience":72477,"relics_obtained":[{"floor":8,"key":"MawBank"},{"floor":9,"key":"Omamori"}],"event_choices":[{"damage_healed":0,"gold_gain":0,"player_choice":"Donut","damage_taken":0,"max_hp_gain":5,"max_hp_loss":0,"event_name":"Big Fish","floor":7,"gold_loss":0},{"damage_healed":0,"gold_gain":30,"player_choice":"Searched \u00271\u0027 times","damage_taken":0,"max_hp_gain":0,"max_hp_loss":0,"event_name":"Dead Adventurer","floor":12,"gold_loss":0},{"damage_healed":0,"gold_gain":0,"player_choice":"Upgraded Two","damage_taken":0,"max_hp_gain":0,"max_hp_loss":0,"event_name":"Designer","floor":19,"gold_loss":40,"cards_upgraded":["Defend_B","Conserve Battery"]}],"is_beta":false,"boss_relics":[{"not_picked":["Philosopher\u0027s Stone","Fusion Hammer"],"picked":"Inserter"}],"items_purged_floors":[13],"is_endless":false,"potions_floor_spawned":[2,3,10,11,16,18,20],"killed_by":"Centurion and Healer","ascension_level":0}