{"gold_per_floor":[116,41,41,0,0,0,13,26,71,84,84,111,111,124,124,201,201,218,268,193,211,266,266,298,310,336,336,31,131,131,150,150,221,221,241,241,241,255,267,267,297,297,345,345,29,40,114,131,131,131],"floor_reached":50,"playtime":1641,"items_purged":[],"score":1051,"play_id":"d8d88d6e-5246-4de3-8442-9bae2d3e8797","local_time":"20190215184506","is_ascension_mode":true,"campfire_choices":[{"data":"Defragment","floor":6.0,"key":"SMITH"},{"data":"Zap","floor":11.0,"key":"SMITH"},{"data":"Self Repair","floor":13.0,"key":"SMITH"},{"data":"Ball Lightning","floor":15.0,"key":"SMITH"},{"data":"Biased Cognition","floor":23.0,"key":"SMITH"},{"data":"Hologram","floor":27.0,"key":"SMITH"},{"data":"Chill","floor":30.0,"key":"SMITH"},{"data":"Amplify","floor":32.0,"key":"SMITH"},{"data":"Amplify","floor":40,"key":"SMITH"},{"data":"Electrodynamics","floor":42,"key":"SMITH"},{"data":"Electrodynamics","floor":49,"key":"SMITH"}],"neow_cost":"NONE","seed_source_timestamp":0,"circlet_count":0,"master_deck":["AscendersBane","Defend_B+1","Defend_B+1","Zap+1","Dualcast","Tempest","Defragment+1","Cold Snap","Ball Lightning+1","Ball Lightning+1","Self Repair+1","Amplify+1","Coolheaded","Cold Snap","Biased Cognition+1","Chill+1","Compile Driver","Hologram+1","Defragment+1","Cold Snap","Electrodynamics+1","Reboot+1","Machine Learning+1","Static Discharge+1","Amplify+1","FTL+1","Storm+1","FTL","Hologram+1","Electrodynamics+1"],"special_seed":0,"relics":["Coffee Dripper","Anchor","Whetstone","Orrery","Bronze Scales","The Courier","Oddly Smooth Stone","DataDisk","DollysMirror","Prayer Wheel","Question Card","Astrolabe","Kunai","Toxic Egg 2","Dream Catcher","ClockworkSouvenir","Potion Belt","Sundial"],"potions_floor_usage":[33,49,50,50],"damage_taken":[{"damage":5.0,"enemies":"Small Slimes","floor":1.0,"turns":3.0},{"damage":7.0,"enemies":"Jaw Worm","floor":7.0,"turns":4.0},{"damage":0.0,"enemies":"2 Louse","floor":8.0,"turns":3.0},{"damage":1.0,"enemies":"Blue Slaver","floor":10.0,"turns":2.0},{"damage":4.0,"enemies":"Lagavulin","floor":12.0,"turns":4.0},{"damage":0.0,"enemies":"Gremlin Gang","floor":14.0,"turns":3.0},{"damage":34.0,"enemies":"The Guardian","floor":16.0,"turns":9.0},{"damage":4.0,"enemies":"3 Byrds","floor":18.0,"turns":4.0},{"damage":4.0,"enemies":"Chosen","floor":21.0,"turns":5.0},{"damage":0.0,"enemies":"Gremlin Leader","floor":24.0,"turns":7.0},{"damage":10.0,"enemies":"Snake Plant","floor":25.0,"turns":4.0},{"damage":8.0,"enemies":"Colosseum Slavers","floor":29.0,"turns":3.0},{"damage":19.0,"enemies":"Colosseum Nobs","floor":29.0,"turns":4.0},{"damage":2.0,"enemies":"Centurion and Healer","floor":31.0,"turns":5.0},{"damage":49,"enemies":"Champ","floor":33,"turns":10},{"damage":19,"enemies":"3 Darklings","floor":35,"turns":4},{"damage":5,"enemies":"3 Shapes","floor":38,"turns":3},{"damage":1,"enemies":"Sphere and 2 Shapes","floor":39,"turns":5},{"damage":19,"enemies":"Nemesis","floor":41,"turns":7},{"damage":8,"enemies":"Writhing Mass","floor":46,"turns":3},{"damage":26,"enemies":"Maw","floor":48,"turns":2},{"damage":76,"enemies":"Awakened One","floor":50,"turns":3}],"seed_played":"-1767649128741816220","potions_obtained":[{"floor":1.0,"key":"GamblersBrew"},{"floor":7.0,"key":"Regen Potion"},{"floor":12.0,"key":"Explosive Potion"},{"floor":21.0,"key":"FocusPotion"},{"floor":24.0,"key":"Regen Potion"},{"floor":29.0,"key":"Dexterity Potion"},{"floor":33,"key":"AttackPotion"},{"floor":48,"key":"Fruit Juice"}],"is_trial":false,"path_per_floor":["M","?","?","$","?","R","M","M","T","M","R","E","R","M","R","B",null,"M","?","?","M","T","R","E","M","T","R","$","?","R","M","R","B",null,"M","?","T","M","M","R","E","R","T","?","$","M","T","M","R","B"],"character_chosen":"DEFECT","items_purchased":["Defragment","DataDisk","DollysMirror","ClockworkSouvenir","Potion Belt"],"campfire_rested":0,"item_purchase_floors":[4,28,28,45,45],"current_hp_per_floor":[59,59,38,38,31,31,24,24,24,23,23,19,19,29,29,20,58,64,64,64,70,70,70,71,71,71,71,71,62,62,70,70,31,61,52,52,52,67,71,71,71,71,71,71,71,71,71,45,50,0],"gold":131,"neow_bonus":"BOSS_RELIC","is_prod":false,"is_daily":false,"chose_seed":false,"campfire_upgraded":11,"win_rate":0,"timestamp":1550216706,"path_taken":["M","?","?","?","?","R","M","?","T","?","R","E","R","M","R","BOSS","M","?","?","M","?","R","E","?","T","R","$","?","R","M","R","BOSS","M","?","?","M","M","R","E","R","T","?","$","?","?","M","R","BOSS"],"build_version":"2019-01-23","purchased_purges":0,"victory":false,"max_hp_per_floor":[71,71,71,71,71,71,71,71,71,71,71,71,71,71,71,71,71,71,71,71,71,71,71,71,71,71,71,71,71,71,71,71,71,71,71,71,71,71,71,71,71,71,71,71,71,71,71,71,76,76],"card_choices":[{"not_picked":["Go for the Eyes","Hello World"],"picked":"Tempest","floor":1.0},{"not_picked":["Go for the Eyes","Rebound"],"picked":"Cold Snap","floor":7.0},{"not_picked":["Turbo","Aggregate"],"picked":"Ball Lightning","floor":8.0},{"not_picked":["Consume","Rebound"],"picked":"Ball Lightning","floor":10.0},{"not_picked":["Genetic Algorithm","Rip and Tear"],"picked":"Self Repair","floor":12.0},{"not_picked":["Redo","Rip and Tear","Beam Cell"],"picked":"SKIP","floor":14.0},{"not_picked":["Core Surge","Reboot"],"picked":"Amplify","floor":16.0},{"not_picked":["Leap","Steam Power"],"picked":"Coolheaded","floor":17.0},{"not_picked":["Skim","Force Field"],"picked":"Ball Lightning","floor":17.0},{"not_picked":["Darkness","Turbo"],"picked":"Cold Snap","floor":17.0},{"not_picked":["Conserve Battery","Force Field"],"picked":"Biased Cognition","floor":17.0},{"not_picked":["Hello World","Compile Driver"],"picked":"Chill","floor":18.0},{"not_picked":["Doom and Gloom","Rebound"],"picked":"Compile Driver","floor":21.0},{"not_picked":["Leap","Darkness","Go for the Eyes"],"picked":"SKIP","floor":24.0},{"not_picked":["Reprogram","Stack+1"],"picked":"Hologram","floor":25.0},{"not_picked":["Leap","Coolheaded"],"picked":"Cold Snap","floor":29.0},{"not_picked":["Meteor Strike","Steam","Ball Lightning","Heatsinks"],"picked":"SKIP","floor":31.0},{"not_picked":["Force Field","Conserve Battery","Streamline","Heatsinks"],"picked":"SKIP","floor":31.0},{"not_picked":["Fission","Amplify","All For One"],"picked":"Electrodynamics","floor":33},{"not_picked":["Conserve Battery+1","Stack+1","Go for the Eyes+1","Cold Snap"],"picked":"SKIP","floor":35},{"not_picked":["Barrage","Aggregate","Redo","Streamline"],"picked":"SKIP","floor":35},{"not_picked":["Loop+1","Skim","Turbo"],"picked":"Amplify","floor":38},{"not_picked":["Turbo","Sweeping Beam","Steam+1","Sunder"],"picked":"SKIP","floor":38},{"not_picked":["Redo+1","Cold Snap","Streamline"],"picked":"FTL","floor":39},{"not_picked":["Redo","Leap","Turbo","Hologram"],"picked":"SKIP","floor":39},{"not_picked":["Beam Cell","Aggregate+1","Redo"],"picked":"Storm+1","floor":41},{"not_picked":["Blizzard","Undo+1","Sunder"],"picked":"FTL","floor":46},{"not_picked":["Gash","Ball Lightning","Compile Driver"],"picked":"Hologram+1","floor":46},{"not_picked":["Leap+1","Rebound+1","Go for the Eyes"],"picked":"Electrodynamics","floor":48},{"not_picked":["Steam+1","Reinforced Body+1","Turbo+1","Storm"],"picked":"SKIP","floor":48}],"player_experience":350170,"relics_obtained":[{"floor":9.0,"key":"Anchor"},{"floor":12.0,"key":"Whetstone"},{"floor":22.0,"key":"Bronze Scales"},{"floor":24.0,"key":"The Courier"},{"floor":26.0,"key":"Oddly Smooth Stone"},{"floor":29.0,"key":"Prayer Wheel"},{"floor":29.0,"key":"Question Card"},{"floor":37,"key":"Kunai"},{"floor":41,"key":"Toxic Egg 2"},{"floor":43,"key":"Dream Catcher"},{"floor":47,"key":"Sundial"}],"event_choices":[{"cards_removed":["Strike_B"],"damage_healed":0.0,"max_hp_gain":0.0,"max_hp_loss":0.0,"gold_gain":0.0,"event_name":"The Cleric","player_choice":"Card Removal","floor":2.0,"gold_loss":75.0,"damage_taken":0.0},{"damage_healed":0.0,"max_hp_gain":0.0,"max_hp_loss":0.0,"gold_gain":0.0,"event_name":"Shining Light","player_choice":"Entered Light","floor":3.0,"gold_loss":0.0,"damage_taken":21.0,"cards_upgraded":["Defend_B","Defend_B"]},{"cards_removed":["Strike_B"],"damage_healed":0.0,"max_hp_gain":0.0,"max_hp_loss":0.0,"gold_gain":0.0,"event_name":"Golden Wing","player_choice":"Card Removal","floor":5.0,"gold_loss":0.0,"damage_taken":7.0},{"damage_healed":0.0,"max_hp_gain":0.0,"max_hp_loss":0.0,"gold_gain":50.0,"event_name":"Nest","player_choice":"Stole From Cult","floor":19.0,"gold_loss":0.0,"damage_taken":0.0},{"cards_removed":["Strike_B"],"damage_healed":0.0,"max_hp_gain":0.0,"max_hp_loss":0.0,"gold_gain":0.0,"event_name":"Beggar","player_choice":"Gave Gold","floor":20.0,"gold_loss":75.0,"damage_taken":0.0},{"damage_healed":0.0,"max_hp_gain":0.0,"max_hp_loss":0.0,"gold_gain":0.0,"event_name":"Colosseum","player_choice":"Fight","floor":29.0,"gold_loss":0.0,"damage_taken":0.0},{"damage_healed":0.0,"max_hp_gain":0.0,"max_hp_loss":0.0,"gold_gain":0.0,"event_name":"Colosseum","player_choice":"Fought Nobs","floor":29.0,"gold_loss":0.0,"damage_taken":0.0},{"cards_removed":["Ball Lightning"],"damage_healed":0,"gold_gain":0,"player_choice":"Removed Attack","damage_taken":0,"max_hp_gain":0,"max_hp_loss":0,"event_name":"Falling","floor":36,"gold_loss":0},{"damage_healed":0,"gold_gain":0,"player_choice":"Upgraded","damage_taken":0,"max_hp_gain":0,"max_hp_loss":0,"event_name":"Upgrade Shrine","floor":44,"gold_loss":0,"cards_upgraded":["FTL"]}],"is_beta":false,"boss_relics":[{"not_picked":["Philosopher\u0027s Stone","Fusion Hammer"],"picked":"Orrery"},{"not_picked":["Tiny House","Runic Dome"],"picked":"Astrolabe"}],"items_purged_floors":[],"is_endless":false,"potions_floor_spawned":[1,7,10,12,21,24,29,31,33,38,48],"killed_by":"Awakened One","ascension_level":20}