{"gold_per_floor":[117,117,131,131,206,206,206],"floor_reached":7,"playtime":412,"items_purged":[],"score":72,"play_id":"67b9edc3-8f44-485f-b90a-5db0ef039d6b","local_time":"20181227130829","is_ascension_mode":true,"campfire_choices":[{"data":"Deflect","floor":6,"key":"SMITH"}],"neow_cost":"NONE","seed_source_timestamp":6010675319661,"circlet_count":0,"master_deck":["AscendersBane","Defend_G","Defend_G","Defend_G","Defend_G","Defend_G","Strike_G","Strike_G","Strike_G","Strike_G","Strike_G","Survivor","Neutralize","Blade Dance","PiercingWail","Endless Agony","Cloak And Dagger+1","Riddle With Holes","Deflect+1"],"relics":["Orrery"],"potions_floor_usage":[],"damage_taken":[{"damage":1,"enemies":"2 Louse","floor":1,"turns":4},{"damage":1,"enemies":"Small Slimes","floor":3,"turns":5},{"damage":51,"enemies":"Lagavulin","floor":7,"turns":10}],"seed_played":"215794589902564682","potions_obtained":[],"is_trial":false,"path_per_floor":["M","?","M","?","?","R","E"],"character_chosen":"THE_SILENT","items_purchased":[],"campfire_rested":0,"item_purchase_floors":[],"current_hp_per_floor":[58,58,57,57,46,46,0],"gold":206,"neow_bonus":"BOSS_RELIC","is_prod":false,"is_daily":false,"chose_seed":false,"campfire_upgraded":1,"win_rate":0,"timestamp":1545912509,"path_taken":["M","?","M","?","?","R","E"],"build_version":"2018-12-20","purchased_purges":0,"victory":false,"max_hp_per_floor":[66,66,66,66,66,66,66],"card_choices":[{"not_picked":["Eviscerate","Dagger Throw"],"picked":"Blade Dance","floor":0},{"not_picked":["Flechettes","Bane"],"picked":"PiercingWail","floor":0},{"not_picked":["Backflip","Dodge and Roll"],"picked":"Endless Agony","floor":0},{"not_picked":["Poisoned Stab","Backflip"],"picked":"Cloak And Dagger","floor":0},{"not_picked":["Underhanded Strike","Skewer"],"picked":"Riddle With Holes","floor":0},{"not_picked":["Quick Slash","Cloak And Dagger"],"picked":"Deflect","floor":1},{"not_picked":["Dodge and Roll","Reflex","Outmaneuver"],"picked":"SKIP","floor":3}],"player_experience":688716,"relics_obtained":[],"event_choices":[{"damage_healed":0,"gold_gain":0,"player_choice":"Grow","damage_taken":0,"max_hp_gain":0,"max_hp_loss":0,"event_name":"Living Wall","floor":2,"gold_loss":0,"cards_upgraded":["Cloak And Dagger"]},{"damage_healed":0,"gold_gain":0,"player_choice":"Fled","damage_taken":0,"max_hp_gain":0,"max_hp_loss":0,"event_name":"Scrap Ooze","floor":4,"gold_loss":0},{"damage_healed":0,"gold_gain":75,"player_choice":"Gather Gold","damage_taken":11,"max_hp_gain":0,"max_hp_loss":0,"event_name":"World of Goop","floor":5,"gold_loss":0}],"is_beta":false,"boss_relics":[],"items_purged_floors":[],"is_endless":false,"potions_floor_spawned":[],"killed_by":"Lagavulin","ascension_level":17}