{"gold_per_floor":[113,188,203,203,217,217,235,235,289,65,130,130,130,148,148,241,241,256,5,5,5,5,43,43,83,83,99,99],"floor_reached":28,"playtime":2043,"items_purged":["Strike_B","Strike_B"],"score":427,"play_id":"8d89c90e-1ede-4165-8db6-878af227bad5","local_time":"20181216133312","is_ascension_mode":true,"campfire_choices":[{"data":"Zap","floor":6.0,"key":"SMITH"},{"data":"Conserve Battery","floor":8.0,"key":"SMITH"},{"floor":13.0,"key":"REST"},{"data":"Leap","floor":15.0,"key":"SMITH"},{"floor":24.0,"key":"REST"}],"neow_cost":"TEN_PERCENT_HP_LOSS","seed_source_timestamp":9276447511374,"circlet_count":0,"master_deck":["AscendersBane","Defend_B","Defend_B","Defend_B","Defend_B","Zap+1","Dualcast","Conserve Battery+1","Doom and Gloom","Genetic Algorithm","Leap+1","Good Instincts","Gash","Gash","All For One","Go for the Eyes","Reboot","BootSequence","Reinforced Body","Steam Power","Hologram"],"special_seed":0,"relics":["Cracked Core","Lantern","Regal Pillow","Golden Idol","Sozu","Centennial Puzzle","Bag of Marbles","Cables"],"potions_floor_usage":[],"damage_taken":[{"damage":0.0,"enemies":"2 Louse","floor":1.0,"turns":3.0},{"damage":3.0,"enemies":"Small Slimes","floor":3.0,"turns":6.0},{"damage":2.0,"enemies":"Jaw Worm","floor":5.0,"turns":4.0},{"damage":0.0,"enemies":"2 Fungi Beasts","floor":7.0,"turns":3.0},{"damage":15.0,"enemies":"3 Sentries","floor":11.0,"turns":7.0},{"damage":8.0,"enemies":"3 Louse","floor":14.0,"turns":3.0},{"damage":25.0,"enemies":"The Guardian","floor":16.0,"turns":10.0},{"damage":24.0,"enemies":"3 Byrds","floor":18.0,"turns":6.0},{"damage":2.0,"enemies":"Colosseum Slavers","floor":20.0,"turns":6.0},{"damage":5.0,"enemies":"Slavers","floor":23.0,"turns":6.0},{"damage":31,"enemies":"Gremlin Leader","floor":25,"turns":6},{"damage":0,"enemies":"Spheric Guardian","floor":27,"turns":3},{"damage":35,"enemies":"Cultist and Chosen","floor":28,"turns":7}],"seed_played":"809865235197696172","potions_obtained":[{"floor":3.0,"key":"SteroidPotion"},{"floor":7.0,"key":"FearPotion"}],"is_trial":false,"path_per_floor":["M","?","M","?","M","R","M","R","T","$","?","?","R","M","R","B",null,"M","$","?","?","?","E","R","E","T","M","M"],"character_chosen":"DEFECT","items_purchased":["Leap","Good Instincts","Reboot","BootSequence"],"campfire_rested":2,"item_purchase_floors":[10,10,19,19],"current_hp_per_floor":[64,53,50,55,53,53,53,53,53,53,38,14,49,41,41,16,56,32,32,30,30,30,25,60,29,29,29,0],"gold":99,"neow_bonus":"REMOVE_TWO","is_prod":false,"is_daily":false,"chose_seed":false,"campfire_upgraded":3,"win_rate":0,"timestamp":1544963592,"path_taken":["M","?","M","?","M","R","M","R","T","$","?","?","R","M","R","BOSS","M","$","?","?","?","E","R","E","T","M","M"],"build_version":"2018-12-13","purchased_purges":2,"victory":false,"max_hp_per_floor":[64,64,64,69,69,69,69,69,69,69,69,69,69,69,69,69,69,69,69,69,69,69,69,69,69,69,69,69],"card_choices":[{"not_picked":["Go for the Eyes","Redo"],"picked":"Conserve Battery","floor":1.0},{"not_picked":["Static Discharge","Steam"],"picked":"Doom and Gloom","floor":3.0},{"not_picked":["Go for the Eyes","Steam Power","Beam Cell"],"picked":"SKIP","floor":5.0},{"not_picked":["Barrage","Coolheaded"],"picked":"Genetic Algorithm","floor":7.0},{"not_picked":["Sweeping Beam","Streamline"],"picked":"Gash","floor":11.0},{"not_picked":["Redo","Rebound"],"picked":"Gash","floor":14.0},{"not_picked":["Meteor Strike","Electrodynamics"],"picked":"All For One","floor":16.0},{"not_picked":["Streamline+1","Redo"],"picked":"Go for the Eyes","floor":18.0},{"not_picked":["Stack","Compile Driver"],"picked":"Reinforced Body","floor":23.0},{"not_picked":["Loop","Doom and Gloom"],"picked":"Steam Power","floor":25},{"not_picked":["Conserve Battery","Sweeping Beam"],"picked":"Hologram","floor":27}],"player_experience":633072,"relics_obtained":[{"floor":9.0,"key":"Lantern"},{"floor":11.0,"key":"Regal Pillow"},{"floor":23.0,"key":"Centennial Puzzle"},{"floor":25,"key":"Bag of Marbles"},{"floor":26,"key":"Cables"}],"event_choices":[{"damage_healed":0.0,"max_hp_gain":0.0,"max_hp_loss":0.0,"gold_gain":75.0,"event_name":"World of Goop","player_choice":"Gather Gold","floor":2.0,"gold_loss":0.0,"damage_taken":11.0},{"damage_healed":0.0,"max_hp_gain":5.0,"max_hp_loss":0.0,"gold_gain":0.0,"event_name":"Big Fish","player_choice":"Donut","floor":4.0,"gold_loss":0.0,"damage_taken":0.0},{"damage_healed":0.0,"max_hp_gain":0.0,"max_hp_loss":0.0,"gold_gain":0.0,"event_name":"Dead Adventurer","player_choice":"Searched \u00272\u0027 times","floor":11.0,"gold_loss":0.0,"damage_taken":0.0},{"damage_healed":0.0,"max_hp_gain":0.0,"max_hp_loss":0.0,"gold_gain":0.0,"event_name":"Golden Idol","player_choice":"Take Damage","floor":12.0,"gold_loss":0.0,"damage_taken":24.0,"relics_obtained":["Golden Idol"]},{"damage_healed":0.0,"max_hp_gain":0.0,"max_hp_loss":0.0,"gold_gain":0.0,"event_name":"Colosseum","player_choice":"Fight","floor":20.0,"gold_loss":0.0,"damage_taken":0.0},{"damage_healed":0.0,"max_hp_gain":0.0,"max_hp_loss":0.0,"gold_gain":0.0,"event_name":"Colosseum","player_choice":"Fled From Nobs","floor":20.0,"gold_loss":0.0,"damage_taken":0.0},{"damage_healed":0.0,"max_hp_gain":0.0,"max_hp_loss":0.0,"gold_gain":0.0,"event_name":"Beggar","player_choice":"Ignored","floor":21.0,"gold_loss":0.0,"damage_taken":0.0},{"damage_healed":0.0,"max_hp_gain":0.0,"max_hp_loss":0.0,"gold_gain":0.0,"event_name":"Lab","player_choice":"Got Potions","floor":22.0,"gold_loss":0.0,"damage_taken":0.0}],"is_beta":false,"boss_relics":[{"not_picked":["White Beast Statue","Philosopher\u0027s Stone"],"picked":"Sozu"}],"items_purged_floors":[10,19],"is_endless":false,"potions_floor_spawned":[3,7,16,18,25,27],"killed_by":"Cultist and Chosen","ascension_level":15}