{"gold_per_floor":[110,39,39,51,51,78,88,38,83,33,33,47,58,69,69,165,165,179,167,167,187,203,203,230,241,268,280,292,304,316,123,123,225,225,241,241,257,274,294,294,326,111,137,137,155,171,571,582,582,582],"floor_reached":51,"playtime":2282,"items_purged":["Strike_B","Defend_B"],"score":1200,"play_id":"3db2ac73-4c08-4bd6-901d-3fda2fd57dbd","local_time":"20190203014622","is_ascension_mode":true,"campfire_choices":[{"data":"Zap","floor":11.0,"key":"SMITH"},{"data":"Defragment","floor":15.0,"key":"SMITH"},{"data":"Sunder","floor":23.0,"key":"SMITH"},{"floor":27.0,"key":"REST"},{"data":"Defragment","floor":29.0,"key":"SMITH"},{"data":"Chaos","floor":32.0,"key":"SMITH"},{"data":"Defragment","floor":40.0,"key":"SMITH"},{"floor":44.0,"key":"REST"},{"data":"Coolheaded","floor":49.0,"key":"SMITH"}],"neow_cost":"NONE","seed_source_timestamp":83148843707193,"circlet_count":0,"master_deck":["AscendersBane","Defend_B","Zap+1","Dualcast","Cold Snap","Defragment+1","Chaos+1","Ball Lightning","FTL","Glacier","Genetic Algorithm","Echo Form","Coolheaded+1","Sunder+1","Leap","White Noise","Defragment+1","Chill","Force Field","Defragment+1","Leap","Go for the Eyes","Electrodynamics","Coolheaded","Conserve Battery","BootSequence","Cold Snap+1","Self Repair","Conserve Battery","Impatience","Conserve Battery","Coolheaded+1","Force Field+1","Skim"],"special_seed":0,"relics":["Cracked Core","NeowsBlessing","Blood Vial","Smiling Mask","Sozu","Bottled Flame","MawBank","Runic Dome","Nunchaku","Lantern","Old Coin"],"potions_floor_usage":[],"damage_taken":[{"damage":0.0,"enemies":"Small Slimes","floor":1.0,"turns":1.0},{"damage":0.0,"enemies":"Jaw Worm","floor":4.0,"turns":1.0},{"damage":0.0,"enemies":"3 Sentries","floor":6.0,"turns":1.0},{"damage":4.0,"enemies":"2 Louse","floor":7.0,"turns":2.0},{"damage":0.0,"enemies":"Gremlin Gang","floor":12.0,"turns":2.0},{"damage":0.0,"enemies":"Large Slime","floor":13.0,"turns":4.0},{"damage":0.0,"enemies":"Exordium Thugs","floor":14.0,"turns":4.0},{"damage":42.0,"enemies":"Hexaghost","floor":16.0,"turns":12.0},{"damage":0.0,"enemies":"Chosen","floor":18.0,"turns":4.0},{"damage":3.0,"enemies":"2 Thieves","floor":19.0,"turns":4.0},{"damage":0.0,"enemies":"3 Cultists","floor":21.0,"turns":5.0},{"damage":9.0,"enemies":"Sentry and Sphere","floor":22.0,"turns":7.0},{"damage":53.0,"enemies":"Gremlin Leader","floor":24.0,"turns":5.0},{"damage":0.0,"enemies":"Snake Plant","floor":25.0,"turns":6.0},{"damage":0.0,"enemies":"Automaton","floor":33.0,"turns":13.0},{"damage":32.0,"enemies":"3 Darklings","floor":35.0,"turns":4.0},{"damage":3.0,"enemies":"Orb Walker","floor":37.0,"turns":5.0},{"damage":13.0,"enemies":"Spire Growth","floor":38.0,"turns":6.0},{"damage":3.0,"enemies":"Transient","floor":39.0,"turns":5.0},{"damage":8.0,"enemies":"Reptomancer","floor":41.0,"turns":5.0},{"damage":6.0,"enemies":"Sphere and 2 Shapes","floor":45.0,"turns":6.0},{"damage":19.0,"enemies":"4 Shapes","floor":46.0,"turns":11.0},{"damage":0.0,"enemies":"Mind Bloom Boss Battle","floor":47.0,"turns":5.0},{"damage":0.0,"enemies":"Writhing Mass","floor":48.0,"turns":5.0},{"damage":54,"enemies":"Time Eater","floor":50,"turns":12}],"seed_played":"-3338085454918263245","potions_obtained":[{"floor":4.0,"key":"SmokeBomb"},{"floor":6.0,"key":"PowerPotion"},{"floor":7.0,"key":"FairyPotion"},{"floor":12.0,"key":"SkillPotion"}],"is_trial":false,"path_per_floor":["M","$","?","M","?","E","M","?","T","$","R","M","M","M","R","B",null,"M","M","?","M","M","R","E","M","T","R","$","R","?","$","R","B",null,"M","?","M","M","M","R","E","$","T","R","M","M","?","M","R","B",null],"character_chosen":"DEFECT","items_purchased":["Defragment","Defragment","Leap","Go for the Eyes","Self Repair","Conserve Battery","Impatience"],"campfire_rested":2,"item_purchase_floors":[2,31,31,31,42,42,42],"current_hp_per_floor":[68,68,68,68,61,61,59,59,59,59,59,61,63,65,65,25,63,65,64,64,66,59,59,8,10,10,32,32,32,32,32,32,34,65,35,35,34,23,22,22,16,16,16,38,48,45,54,63,63,18],"gold":582,"neow_bonus":"THREE_ENEMY_KILL","is_prod":false,"is_daily":false,"chose_seed":false,"campfire_upgraded":7,"win_rate":0,"timestamp":1549179982,"path_taken":["M","$","?","M","?","E","?","?","T","?","R","M","M","M","R","BOSS","M","M","?","M","?","R","E","M","T","R","$","R","?","?","R","BOSS","M","?","M","M","M","R","E","$","T","R","M","M","?","M","R","BOSS"],"build_version":"2019-01-23","purchased_purges":2,"victory":true,"max_hp_per_floor":[75,75,75,75,75,75,75,75,75,75,75,75,75,75,75,75,75,75,75,75,75,75,75,75,75,75,75,75,75,75,75,75,75,75,75,75,75,75,75,75,75,75,75,75,75,75,75,75,75,75],"card_choices":[{"not_picked":["Melter","Turbo"],"picked":"Cold Snap","floor":1.0},{"not_picked":["Storm","Barrage","Hello World"],"picked":"SKIP","floor":4.0},{"not_picked":["Lockon","Beam Cell"],"picked":"Chaos","floor":6.0},{"not_picked":["Storm","Conserve Battery"],"picked":"Ball Lightning","floor":7.0},{"not_picked":["Turbo","Sweeping Beam"],"picked":"FTL","floor":12.0},{"not_picked":["Static Discharge","Hologram"],"picked":"Glacier","floor":13.0},{"not_picked":["Hello World","Go for the Eyes"],"picked":"Genetic Algorithm","floor":14.0},{"not_picked":["Fission","Hyperbeam"],"picked":"Echo Form","floor":16.0},{"not_picked":["Streamline+1","Barrage"],"picked":"Coolheaded","floor":18.0},{"not_picked":["Force Field","Consume"],"picked":"Sunder","floor":19.0},{"not_picked":["Turbo","Rebound"],"picked":"Leap","floor":21.0},{"not_picked":["Cold Snap+1","Hologram"],"picked":"White Noise","floor":22.0},{"not_picked":["Cold Snap","Echo Form"],"picked":"Defragment","floor":24.0},{"not_picked":["Genetic Algorithm+1","Steam"],"picked":"Chill","floor":25.0},{"not_picked":["Creative AI","Echo Form"],"picked":"Electrodynamics","floor":33.0},{"not_picked":["Recycle","Gash+1"],"picked":"Coolheaded","floor":35.0},{"not_picked":["Storm","Fusion","Streamline+1"],"picked":"SKIP","floor":37.0},{"not_picked":["Compile Driver","Redo+1"],"picked":"Conserve Battery","floor":38.0},{"not_picked":["Redo","Coolheaded"],"picked":"BootSequence","floor":39.0},{"not_picked":["Echo Form","Streamline+1"],"picked":"Cold Snap+1","floor":41.0},{"not_picked":["Redo+1","Fusion+1"],"picked":"Conserve Battery","floor":45.0},{"not_picked":["BootSequence+1","Rebound"],"picked":"Coolheaded+1","floor":46.0},{"not_picked":["Hologram+1","Darkness+1"],"picked":"Force Field+1","floor":47.0},{"not_picked":["Self Repair+1","Consume"],"picked":"Skim","floor":48.0}],"player_experience":162965,"relics_obtained":[{"floor":6.0,"key":"Blood Vial"},{"floor":9.0,"key":"Smiling Mask"},{"floor":24.0,"key":"Bottled Flame"},{"floor":26.0,"key":"MawBank"},{"floor":41.0,"key":"Nunchaku"},{"floor":43.0,"key":"Lantern"},{"floor":47.0,"key":"Old Coin"}],"event_choices":[{"cards_removed":["Strike_B"],"damage_healed":0.0,"max_hp_gain":0.0,"max_hp_loss":0.0,"gold_gain":0.0,"event_name":"Living Wall","player_choice":"Forget","floor":3.0,"gold_loss":0.0,"damage_taken":0.0},{"cards_removed":["Strike_B"],"damage_healed":0.0,"max_hp_gain":0.0,"max_hp_loss":0.0,"gold_gain":0.0,"event_name":"Golden Wing","player_choice":"Card Removal","floor":5.0,"gold_loss":0.0,"damage_taken":7.0},{"cards_removed":["Strike_B"],"damage_healed":0.0,"max_hp_gain":0.0,"max_hp_loss":0.0,"gold_gain":0.0,"event_name":"The Cleric","player_choice":"Card Removal","floor":8.0,"gold_loss":50.0,"damage_taken":0.0},{"cards_removed":["Defend_B"],"damage_healed":0.0,"max_hp_gain":0.0,"max_hp_loss":0.0,"gold_gain":0.0,"event_name":"Purifier","player_choice":"Purged","floor":20.0,"gold_loss":0.0,"damage_taken":0.0},{"damage_healed":0.0,"max_hp_gain":0.0,"max_hp_loss":0.0,"gold_gain":0.0,"cards_transformed":["Defend_B"],"event_name":"Transmorgrifier","player_choice":"Transformed","floor":30.0,"gold_loss":0.0,"damage_taken":0.0,"cards_obtained":["Force Field"]},{"damage_healed":0.0,"max_hp_gain":0.0,"max_hp_loss":0.0,"gold_gain":0.0,"event_name":"Tomb of Lord Red Mask","player_choice":"Ignored","floor":36.0,"gold_loss":0.0,"damage_taken":0.0},{"damage_healed":0.0,"max_hp_gain":0.0,"max_hp_loss":0.0,"gold_gain":0.0,"event_name":"MindBloom","player_choice":"Fight","floor":47.0,"gold_loss":0.0,"damage_taken":0.0}],"is_beta":false,"boss_relics":[{"not_picked":["Coffee Dripper","Busted Crown"],"picked":"Sozu"},{"not_picked":["Pandora\u0027s Box","Philosopher\u0027s Stone"],"picked":"Runic Dome"}],"items_purged_floors":[10,31],"is_endless":false,"potions_floor_spawned":[4,6,7,12,21,24,33,35,37,41,46,47,48],"ascension_level":11}