{"gold_per_floor":[115,115,125,4,17,17,17,17,17,32,43,43,76,76,76,173,173,190,209,228,48,62,62],"floor_reached":23,"playtime":1166,"items_purged":["Defend_G","Defend_G"],"score":257,"play_id":"02ca89b5-3361-4447-b581-95bc7d669baa","local_time":"20190218173208","is_ascension_mode":true,"campfire_choices":[{"data":"Neutralize","floor":6,"key":"SMITH"},{"data":"Deadly Poison","floor":8,"key":"SMITH"},{"data":"Dodge and Roll","floor":15,"key":"SMITH"}],"neow_cost":"NONE","seed_source_timestamp":508128238382583,"circlet_count":0,"master_deck":["Defend_G","Defend_G","Defend_G","Strike_G","Strike_G","Strike_G","Strike_G","Survivor","Neutralize+1","Dodge and Roll+1","Backflip","Deadly Poison+1","Caltrops","Neutralize","Blade Dance","Poisoned Stab","Malaise+1","Doppelganger","Well Laid Plans+1","Finisher","Backflip+1","Heel Hook","Footwork"],"relics":["Ring of the Snake","Pear","Anchor","Black Star"],"potions_floor_usage":[18,23,23,23],"damage_taken":[{"damage":10,"enemies":"Jaw Worm","floor":1,"turns":7},{"damage":3,"enemies":"Cultist","floor":3,"turns":5},{"damage":0,"enemies":"2 Louse","floor":5,"turns":2},{"damage":0,"enemies":"Exordium Wildlife","floor":10,"turns":3},{"damage":6,"enemies":"Large Slime","floor":11,"turns":7},{"damage":17,"enemies":"Lagavulin","floor":13,"turns":6},{"damage":15,"enemies":"Hexaghost","floor":16,"turns":9},{"damage":15,"enemies":"2 Thieves","floor":18,"turns":4},{"damage":7,"enemies":"Chosen","floor":19,"turns":8},{"damage":15,"enemies":"Snecko","floor":20,"turns":5},{"damage":16,"enemies":"Centurion and Healer","floor":22,"turns":9},{"damage":37,"enemies":"Gremlin Leader","floor":23,"turns":9}],"seed_played":"-1020845234297801273","potions_obtained":[{"floor":3,"key":"Explosive Potion"},{"floor":10,"key":"Fire Potion"},{"floor":11,"key":"Fire Potion"},{"floor":19,"key":"AttackPotion"}],"is_trial":false,"path_per_floor":["M","?","M","$","M","R","?","R","T","M","M","$","E","?","R","B",null,"M","M","M","$","M","E"],"character_chosen":"THE_SILENT","items_purchased":["Deadly Poison","Heel Hook"],"campfire_rested":0,"item_purchase_floors":[4,21],"current_hp_per_floor":[67,60,57,57,57,57,57,57,67,67,61,61,44,44,44,29,87,72,65,50,50,34,0],"gold":62,"neow_bonus":"TEN_PERCENT_HP_BONUS","is_prod":false,"is_daily":false,"chose_seed":false,"campfire_upgraded":3,"win_rate":0,"timestamp":1550532728,"path_taken":["M","?","M","$","M","R","?","R","T","?","M","$","E","?","R","BOSS","M","?","M","$","M","E"],"build_version":"2019-01-23","purchased_purges":2,"victory":false,"max_hp_per_floor":[77,77,77,77,77,77,77,77,87,87,87,87,87,87,87,87,87,87,87,87,87,87,87],"card_choices":[{"not_picked":["Prepared","Deadly Poison"],"picked":"Dodge and Roll","floor":1},{"not_picked":["Prepared","Sucker Punch"],"picked":"Backflip","floor":3},{"not_picked":["Predator","Dodge and Roll"],"picked":"Caltrops","floor":5},{"not_picked":["Outmaneuver","Prepared"],"picked":"Blade Dance","floor":10},{"not_picked":["Skewer","Dash"],"picked":"Poisoned Stab","floor":11},{"not_picked":["Unload","Calculated Gamble"],"picked":"Malaise","floor":13},{"not_picked":["Storm of Steel","Wraith Form v2"],"picked":"Doppelganger","floor":16},{"not_picked":["Endless Agony","Poisoned Stab"],"picked":"Well Laid Plans+1","floor":18},{"not_picked":["Prepared","Underhanded Strike"],"picked":"Finisher","floor":19},{"not_picked":["PiercingWail+1","Bouncing Flask"],"picked":"Backflip+1","floor":20},{"not_picked":["Underhanded Strike","Deflect"],"picked":"Footwork","floor":22}],"player_experience":192343,"relics_obtained":[{"floor":9,"key":"Pear"},{"floor":13,"key":"Anchor"}],"event_choices":[{"cards_removed":["Strike_G"],"damage_healed":0,"gold_gain":0,"player_choice":"Card Removal","damage_taken":7,"max_hp_gain":0,"max_hp_loss":0,"event_name":"Golden Wing","floor":2,"gold_loss":0},{"damage_healed":0,"gold_gain":0,"player_choice":"1 cards matched","damage_taken":0,"max_hp_gain":0,"max_hp_loss":0,"event_name":"Match and Keep!","floor":7,"gold_loss":0,"cards_obtained":["Neutralize"]},{"damage_healed":0,"gold_gain":0,"player_choice":"Forge","damage_taken":0,"max_hp_gain":0,"max_hp_loss":0,"event_name":"Accursed Blacksmith","floor":14,"gold_loss":0,"cards_upgraded":["Malaise"]}],"is_beta":false,"boss_relics":[{"not_picked":["HoveringKite","Philosopher\u0027s Stone"],"picked":"Black Star"}],"items_purged_floors":[4,21],"is_endless":false,"potions_floor_spawned":[3,10,11,13,16,19,22],"killed_by":"Gremlin Leader","ascension_level":4}