{"gold_per_floor":[119,119,129,146,160,160,176,176,232,259,259,4,4,36,36,114,114,131,144,174,174,188,222,222,222,222,147,174,193,193,222,222,222],"floor_reached":33,"playtime":1905,"items_purged":[],"score":660,"play_id":"2bd63391-d05e-4f80-8e1e-0fa41e591048","local_time":"20181216163425","is_ascension_mode":true,"campfire_choices":[{"data":"Perfected Strike","floor":6.0,"key":"SMITH"},{"data":"Bash","floor":8.0,"key":"SMITH"},{"floor":11.0,"key":"REST"},{"data":"Dual Wield","floor":15.0,"key":"SMITH"},{"data":"Perfected Strike","floor":25,"key":"SMITH"},{"data":"Perfected Strike","floor":30,"key":"SMITH"},{"floor":32,"key":"REST"}],"neow_cost":"PERCENT_DAMAGE","seed_source_timestamp":6080241001795,"circlet_count":0,"master_deck":["AscendersBane","Strike_R","Strike_R","Strike_R","Strike_R","Strike_R","Defend_R","Defend_R+1","Defend_R","Bash+1","Shrug It Off+1","Perfected Strike+1","Feed","Wild Strike","Power Through","Dual Wield+1","Twin Strike","Double Tap","Dual Wield+1","Perfected Strike+1","Body Slam","Disarm","Perfected Strike+1","Flame Barrier+1"],"special_seed":0,"relics":["Burning Blood","Tiny Chest","PreservedInsect","Paper Frog","Happy Flower","Sozu","Red Mask","Toxic Egg 2","Incense Burner","The Courier","Bottled Flame","Shuriken"],"potions_floor_usage":[],"damage_taken":[{"damage":7.0,"enemies":"Jaw Worm","floor":1.0,"turns":3.0},{"damage":8.0,"enemies":"Small Slimes","floor":3.0,"turns":5.0},{"damage":7.0,"enemies":"2 Louse","floor":4.0,"turns":2.0},{"damage":9.0,"enemies":"Exordium Thugs","floor":5.0,"turns":9.0},{"damage":1.0,"enemies":"3 Louse","floor":7.0,"turns":4.0},{"damage":33.0,"enemies":"Lagavulin","floor":10.0,"turns":7.0},{"damage":0.0,"enemies":"Gremlin Nob","floor":14.0,"turns":2.0},{"damage":57.0,"enemies":"Hexaghost","floor":16.0,"turns":11.0},{"damage":3.0,"enemies":"Chosen","floor":18.0,"turns":4.0},{"damage":1,"enemies":"3 Byrds","floor":19,"turns":5},{"damage":39,"enemies":"Masked Bandits","floor":20,"turns":5},{"damage":10,"enemies":"Snecko","floor":22,"turns":4},{"damage":3,"enemies":"Book of Stabbing","floor":23,"turns":2},{"damage":19,"enemies":"Slavers","floor":28,"turns":4},{"damage":4,"enemies":"Snake Plant","floor":29,"turns":3},{"damage":0,"enemies":"Gremlin Leader","floor":31,"turns":3},{"damage":125,"enemies":"Champ","floor":33,"turns":7}],"seed_played":"-7770399179270497332","potions_obtained":[{"floor":3.0,"key":"GamblersBrew"},{"floor":14.0,"key":"EssenceOfSteel"}],"is_trial":false,"path_per_floor":["M","?","M","M","M","R","M","R","T","E","R","$","?","E","R","B",null,"M","M","?","?","M","E","?","R","T","?","E","M","R","E","R","B"],"character_chosen":"IRONCLAD","items_purchased":["Paper Frog"],"campfire_rested":2,"item_purchase_floors":[12],"current_hp_per_floor":[63,36,34,33,33,33,41,41,41,14,42,42,73,79,79,28,78,81,89,59,59,55,58,58,58,58,58,48,50,50,56,87,0],"gold":222,"neow_bonus":"TWENTY_PERCENT_HP_BONUS","is_prod":false,"is_daily":false,"chose_seed":false,"campfire_upgraded":5,"win_rate":0,"timestamp":1544974465,"path_taken":["M","?","M","M","M","R","M","R","T","E","R","$","?","E","R","BOSS","M","M","?","?","?","E","?","R","T","?","E","M","R","E","R","BOSS"],"build_version":"2018-12-13","purchased_purges":0,"victory":false,"max_hp_per_floor":[89,89,89,89,92,92,95,95,95,95,95,95,95,95,95,95,95,95,98,101,101,101,101,101,101,101,101,104,104,104,104,104,104],"card_choices":[{"not_picked":["Anger","Infernal Blade"],"picked":"Shrug It Off","floor":1.0},{"not_picked":["Havoc","Shrug It Off"],"picked":"Perfected Strike","floor":3.0},{"not_picked":["Wild Strike","Clash"],"picked":"Feed","floor":4.0},{"not_picked":["Sever Soul","Clash"],"picked":"Wild Strike","floor":5.0},{"not_picked":["Sword Boomerang","Armaments"],"picked":"Power Through","floor":7.0},{"not_picked":["True Grit","Clothesline"],"picked":"Dual Wield","floor":10.0},{"not_picked":["Dual Wield","Spot Weakness"],"picked":"Twin Strike","floor":14.0},{"not_picked":["Brutality","Exhume"],"picked":"Double Tap","floor":16.0},{"not_picked":["Flex","Body Slam"],"picked":"Dual Wield+1","floor":18.0},{"not_picked":["Pommel Strike","Flex"],"picked":"Perfected Strike","floor":19},{"not_picked":["Entrench","Havoc"],"picked":"Disarm","floor":22},{"not_picked":["Barricade","Cleave"],"picked":"Perfected Strike","floor":23},{"not_picked":["Warcry+1","Intimidate+1"],"picked":"Flame Barrier+1","floor":28},{"not_picked":["Dropkick","Second Wind+1","Clash"],"picked":"SKIP","floor":29},{"not_picked":["Heavy Blade","Headbutt","Armaments+1"],"picked":"SKIP","floor":31}],"player_experience":635115,"relics_obtained":[{"floor":9.0,"key":"Tiny Chest"},{"floor":10.0,"key":"PreservedInsect"},{"floor":14.0,"key":"Happy Flower"},{"floor":20,"key":"Red Mask"},{"floor":23,"key":"Toxic Egg 2"},{"floor":26,"key":"The Courier"},{"floor":28,"key":"Bottled Flame"},{"floor":31,"key":"Shuriken"}],"event_choices":[{"damage_healed":0.0,"max_hp_gain":0.0,"max_hp_loss":0.0,"gold_gain":0.0,"event_name":"Shining Light","player_choice":"Entered Light","floor":2.0,"gold_loss":0.0,"damage_taken":27.0,"cards_upgraded":["Shrug It Off","Defend_R"]},{"damage_healed":31.0,"max_hp_gain":0.0,"max_hp_loss":0.0,"gold_gain":0.0,"event_name":"Big Fish","player_choice":"Banana","floor":13.0,"gold_loss":0.0,"damage_taken":0.0},{"damage_healed":0,"gold_gain":0,"player_choice":"Fought Bandits","damage_taken":0,"max_hp_gain":0,"max_hp_loss":0,"event_name":"Masked Bandits","floor":20,"gold_loss":0},{"damage_healed":0,"gold_gain":0,"cards_transformed":["Defend_R"],"player_choice":"Transformed","damage_taken":0,"max_hp_gain":0,"max_hp_loss":0,"event_name":"Transmorgrifier","floor":21,"gold_loss":0,"cards_obtained":["Body Slam"]},{"damage_healed":0,"gold_gain":0,"player_choice":"Opened","damage_taken":0,"relics_obtained":["Incense Burner"],"max_hp_gain":0,"max_hp_loss":0,"event_name":"The Mausoleum","floor":24,"gold_loss":0,"cards_obtained":["Writhe"]},{"cards_removed":["Writhe"],"damage_healed":0,"gold_gain":0,"player_choice":"Gave Gold","damage_taken":0,"max_hp_gain":0,"max_hp_loss":0,"event_name":"Beggar","floor":27,"gold_loss":75}],"is_beta":false,"boss_relics":[{"not_picked":["Cursed Key","Mark of Pain"],"picked":"Sozu"}],"items_purged_floors":[],"is_endless":false,"potions_floor_spawned":[3,14,18,22],"killed_by":"Champ","ascension_level":15}