{"gold_per_floor":[113,130,130,143,155,185,185,213,213,152,152,179,198,210,210,284,284,303,36,36,47,67,67,102,102],"floor_reached":25,"playtime":2429,"items_purged":[],"score":425,"play_id":"39f24aa3-a713-4192-9642-7209ac5ea916","local_time":"20190217215355","is_ascension_mode":true,"campfire_choices":[{"data":"Cloak And Dagger","floor":7,"key":"SMITH"},{"floor":15,"key":"REST"},{"data":"Well Laid Plans","floor":23,"key":"SMITH"}],"neow_cost":"NONE","seed_source_timestamp":414698598417165,"circlet_count":0,"master_deck":["AscendersBane","Survivor","Neutralize+1","Quick Slash","Leg Sweep","Backflip","Well Laid Plans+1","Cloak And Dagger+1","Calculated Gamble","Glass Knife","Poisoned Stab","Accuracy+1","Night Terror","Caltrops+1","Caltrops+1","Finisher","Crippling Poison","Escape Plan","Burst","Reflex","A Thousand Cuts+1","Flying Knee","Phantasmal Killer","Dodge and Roll","Dagger Throw","Backstab","Dodge and Roll"],"relics":["Ring of the Snake","Bottled Lightning","Vajra","Frozen Egg 2","Pocketwatch","Pandora\u0027s Box","Kunai","Gambling Chip"],"potions_floor_usage":[8,16,18,18,24,25],"damage_taken":[{"damage":4,"enemies":"Small Slimes","floor":1,"turns":5},{"damage":0,"enemies":"Cultist","floor":2,"turns":3},{"damage":0,"enemies":"Jaw Worm","floor":4,"turns":6},{"damage":0,"enemies":"Blue Slaver","floor":5,"turns":8},{"damage":15,"enemies":"3 Sentries","floor":6,"turns":17},{"damage":15,"enemies":"Gremlin Nob","floor":8,"turns":6},{"damage":9,"enemies":"Lagavulin","floor":12,"turns":9},{"damage":2,"enemies":"Large Slime","floor":13,"turns":5},{"damage":0,"enemies":"2 Fungi Beasts","floor":14,"turns":3},{"damage":11,"enemies":"The Guardian","floor":16,"turns":16},{"damage":2,"enemies":"2 Thieves","floor":18,"turns":4},{"damage":6,"enemies":"Chosen","floor":21,"turns":4},{"damage":4,"enemies":"Snecko","floor":22,"turns":5},{"damage":35,"enemies":"Slavers","floor":24,"turns":4},{"damage":12,"enemies":"Colosseum Slavers","floor":25,"turns":1}],"seed_played":"4456895617864622213","potions_obtained":[{"floor":0,"key":"GhostInAJar"},{"floor":0,"key":"GhostInAJar"},{"floor":8,"key":"Explosive Potion"},{"floor":13,"key":"GhostInAJar"},{"floor":16,"key":"SkillPotion"},{"floor":21,"key":"Strength Potion"},{"floor":22,"key":"Fire Potion"}],"is_trial":false,"path_per_floor":["M","M","?","M","M","E","R","E","T","?","?","E","M","M","R","B",null,"M","$","?","M","M","R","E","?"],"character_chosen":"THE_SILENT","items_purchased":["Kunai","Dodge and Roll"],"campfire_rested":1,"item_purchase_floors":[19,19],"current_hp_per_floor":[55,55,55,55,55,40,40,25,25,25,25,16,14,14,33,22,55,53,53,53,47,43,43,8,0],"gold":102,"neow_bonus":"THREE_SMALL_POTIONS","is_prod":false,"is_daily":false,"chose_seed":false,"campfire_upgraded":2,"win_rate":0,"timestamp":1550469235,"path_taken":["M","M","?","?","M","E","R","E","T","?","?","E","M","M","R","BOSS","M","$","?","M","M","R","E","?"],"build_version":"2019-01-23","purchased_purges":0,"victory":false,"max_hp_per_floor":[66,66,66,66,66,66,66,66,66,66,66,66,66,66,66,66,66,66,66,66,66,66,66,66,66],"card_choices":[{"not_picked":["Dodge and Roll","Outmaneuver"],"picked":"Quick Slash","floor":1},{"not_picked":["Acrobatics","Endless Agony"],"picked":"Leg Sweep","floor":2},{"not_picked":["Outmaneuver","Slice"],"picked":"Backflip","floor":4},{"not_picked":["Poisoned Stab","Dagger Spray"],"picked":"Well Laid Plans","floor":5},{"not_picked":["Concentrate","Slice"],"picked":"Cloak And Dagger","floor":6},{"not_picked":["Eviscerate","Underhanded Strike"],"picked":"Calculated Gamble","floor":8},{"not_picked":["Bouncing Flask","Cloak And Dagger"],"picked":"Glass Knife","floor":12},{"not_picked":["Terror","Blade Dance"],"picked":"Poisoned Stab","floor":13},{"not_picked":["Riddle With Holes","Slice"],"picked":"Accuracy+1","floor":14},{"not_picked":["Bullet Time","Glass Knife"],"picked":"Night Terror","floor":16},{"not_picked":["Endless Agony","Deadly Poison","Concentrate"],"picked":"SKIP","floor":18},{"not_picked":["Deadly Poison","Endless Agony"],"picked":"Dagger Throw","floor":21},{"not_picked":["Flying Knee","Deflect"],"picked":"Backstab","floor":22},{"not_picked":["Outmaneuver","Caltrops+1"],"picked":"Dodge and Roll","floor":24}],"player_experience":615243,"relics_obtained":[{"floor":6,"key":"Bottled Lightning"},{"floor":8,"key":"Vajra"},{"floor":9,"key":"Frozen Egg 2"},{"floor":12,"key":"Pocketwatch"},{"floor":24,"key":"Gambling Chip"}],"event_choices":[{"damage_healed":0,"gold_gain":0,"player_choice":"Upgraded","damage_taken":0,"max_hp_gain":0,"max_hp_loss":0,"event_name":"Upgrade Shrine","floor":3,"gold_loss":0,"cards_upgraded":["Neutralize"]},{"damage_healed":0,"gold_gain":0,"player_choice":"Left Gold","damage_taken":0,"max_hp_gain":0,"max_hp_loss":0,"event_name":"World of Goop","floor":10,"gold_loss":61},{"damage_healed":0,"gold_gain":0,"player_choice":"Ignored","damage_taken":0,"max_hp_gain":0,"max_hp_loss":0,"event_name":"Shining Light","floor":11,"gold_loss":0},{"damage_healed":0,"gold_gain":0,"player_choice":"Ignored","damage_taken":0,"max_hp_gain":0,"max_hp_loss":0,"event_name":"The Mausoleum","floor":20,"gold_loss":0},{"damage_healed":0,"gold_gain":0,"player_choice":"Fight","damage_taken":0,"max_hp_gain":0,"max_hp_loss":0,"event_name":"Colosseum","floor":25,"gold_loss":0}],"is_beta":false,"boss_relics":[{"not_picked":["Black Star","HoveringKite"],"picked":"Pandora\u0027s Box"}],"items_purged_floors":[],"is_endless":false,"potions_floor_spawned":[4,8,13,14,16,21,22],"killed_by":"Colosseum Slavers","ascension_level":15}