{"gold_per_floor":[211,211,12,31,55,55,91,105,132,147,167,201,201,201,201,320,320,344,24,24,38,38,81,81,116,187,187,187,187,39,39,39,165,165,186,19,43,59,8,8,26,26,26,51,51,0,0,0],"floor_reached":49,"playtime":3731,"items_purged":[],"score":706,"play_id":"8f1f164c-4988-4309-9647-c97f43d3ac35","local_time":"20190117111958","is_ascension_mode":false,"campfire_choices":[{"floor":6,"key":"REST"},{"floor":15,"key":"REST"},{"floor":24,"key":"REST"},{"data":"Blind","floor":27,"key":"SMITH"},{"data":"Adrenaline","floor":29,"key":"SMITH"},{"floor":32,"key":"REST"},{"data":"Infinite Blades","floor":40,"key":"SMITH"},{"data":"Terror","floor":42,"key":"SMITH"},{"floor":45,"key":"REST"}],"neow_cost":"NONE","seed_source_timestamp":50374233204198,"circlet_count":0,"master_deck":["Defend_G+1","Defend_G+1","Defend_G+1","Defend_G+1","Defend_G+1","Survivor","Neutralize","Footwork+1","Prepared","Escape Plan+1","Distraction","Reflex","Cloak And Dagger","Noxious Fumes","PiercingWail","Blur","Adrenaline+1","PiercingWail","Blind+1","Infinite Blades+1","Sadistic Nature","Adrenaline","Terror+1","Flechettes","Flying Knee","Backflip+1","Bite","Bite","Bite","Bite","Bite","Dodge and Roll","Corpse Explosion","Slice+1","Dramatic Entrance","Endless Agony","Flying Knee+1","Caltrops+1","Sucker Punch+1","Blade Dance+1"],"relics":["Ring of the Snake","Golden Idol","Toy Ornithopter","Regal Pillow","Dream Catcher","Busted Crown","Pen Nib","Snake Skull","Sundial","Bag of Marbles","Lizard Tail","Omamori","Red Mask"],"potions_floor_usage":[7,7,12,12,18,25,37,41,48],"damage_taken":[{"damage":0,"enemies":"2 Louse","floor":1,"turns":3},{"damage":1,"enemies":"Jaw Worm","floor":4,"turns":5},{"damage":0,"enemies":"Cultist","floor":5,"turns":5},{"damage":19,"enemies":"3 Sentries","floor":7,"turns":12},{"damage":0,"enemies":"Blue Slaver","floor":8,"turns":7},{"damage":8,"enemies":"2 Fungi Beasts","floor":10,"turns":5},{"damage":14,"enemies":"Exordium Thugs","floor":11,"turns":7},{"damage":14,"enemies":"Lagavulin","floor":12,"turns":10},{"damage":34,"enemies":"The Guardian","floor":16,"turns":11},{"damage":38,"enemies":"Chosen","floor":18,"turns":10},{"damage":2,"enemies":"Spheric Guardian","floor":21,"turns":6},{"damage":13,"enemies":"Book of Stabbing","floor":23,"turns":8},{"damage":20,"enemies":"Gremlin Leader","floor":25,"turns":7},{"damage":7,"enemies":"Champ","floor":33,"turns":15},{"damage":16,"enemies":"3 Shapes","floor":35,"turns":5},{"damage":4,"enemies":"3 Darklings","floor":37,"turns":5},{"damage":0,"enemies":"4 Shapes","floor":38,"turns":4},{"damage":24,"enemies":"Writhing Mass","floor":41,"turns":8},{"damage":11,"enemies":"Jaw Worm Horde","floor":44,"turns":2},{"damage":49,"enemies":"Donu and Deca","floor":48,"turns":8}],"seed_played":"-1630851911076495012","potions_obtained":[{"floor":1,"key":"Explosive Potion"},{"floor":5,"key":"Poison Potion"},{"floor":7,"key":"Ancient Potion"},{"floor":10,"key":"Weak Potion"},{"floor":11,"key":"SneckoOil"},{"floor":23,"key":"Swift Potion"},{"floor":25,"key":"Block Potion"},{"floor":35,"key":"EssenceOfSteel"}],"is_trial":false,"path_per_floor":["M","?","$","M","M","R","E","M","T","M","M","E","?","?","R","B",null,"M","$","?","M","$","E","R","E","T","R","?","R","$","?","R","B",null,"M","$","M","M","$","R","M","R","T","M","R","?","?","B",null],"character_chosen":"THE_SILENT","items_purchased":["Toy Ornithopter","Blind","Infinite Blades","Sadistic Nature","Bag of Marbles","Dramatic Entrance","Endless Agony","AttackPotion"],"campfire_rested":5,"item_purchase_floors":[3,19,19,19,30,36,36,39],"current_hp_per_floor":[70,53,53,52,52,70,55,57,57,51,39,37,23,23,59,27,70,37,37,37,37,37,26,62,49,49,49,49,49,49,49,70,63,70,64,64,70,70,70,70,53,53,53,42,70,70,70,29],"gold":0,"neow_bonus":"HUNDRED_GOLD","is_prod":false,"is_daily":false,"chose_seed":false,"campfire_upgraded":4,"win_rate":0,"timestamp":1547741998,"path_taken":["M","?","?","M","M","R","E","M","T","M","?","E","?","?","R","BOSS","M","$","?","M","?","E","R","E","T","R","?","R","$","?","R","BOSS","M","$","M","M","$","R","M","R","T","M","R","?","?","BOSS"],"build_version":"2019-01-10","purchased_purges":0,"victory":true,"max_hp_per_floor":[70,70,70,70,70,70,70,70,70,70,70,70,70,70,70,70,70,70,70,70,70,70,70,70,70,70,70,70,70,70,70,70,70,70,70,70,70,70,70,70,70,70,70,70,70,70,70,70],"card_choices":[{"not_picked":["Outmaneuver","PiercingWail"],"picked":"Footwork","floor":1},{"not_picked":["Tactician","Underhanded Strike"],"picked":"Prepared","floor":4},{"not_picked":["Poisoned Stab","Dodge and Roll"],"picked":"Escape Plan","floor":5},{"not_picked":["Cloak And Dagger","Flying Knee"],"picked":"Distraction","floor":7},{"not_picked":["Prepared","Predator"],"picked":"Reflex","floor":8},{"not_picked":["Dagger Spray","Flying Knee"],"picked":"Cloak And Dagger","floor":10},{"not_picked":["Expertise","Bane"],"picked":"Noxious Fumes","floor":11},{"not_picked":["Riddle With Holes","Reflex"],"picked":"PiercingWail","floor":12},{"not_picked":["Endless Agony","Cloak And Dagger"],"picked":"Blur","floor":15},{"not_picked":["Bullet Time","Burst"],"picked":"Adrenaline","floor":16},{"not_picked":[],"picked":"PiercingWail","floor":18},{"not_picked":[],"picked":"Terror","floor":21},{"not_picked":[],"picked":"Flechettes","floor":23},{"not_picked":[],"picked":"Flying Knee","floor":24},{"not_picked":[],"picked":"Backflip+1","floor":25},{"not_picked":[],"picked":"Dodge and Roll","floor":32},{"not_picked":[],"picked":"Corpse Explosion","floor":33},{"not_picked":[],"picked":"Slice+1","floor":35},{"not_picked":[],"picked":"Flying Knee+1","floor":37},{"not_picked":[],"picked":"Caltrops+1","floor":38},{"not_picked":[],"picked":"Sucker Punch+1","floor":41},{"not_picked":[],"picked":"Blade Dance+1","floor":44}],"player_experience":86058,"relics_obtained":[{"floor":7,"key":"Blood Vial"},{"floor":9,"key":"Regal Pillow"},{"floor":12,"key":"Dream Catcher"},{"floor":23,"key":"Pen Nib"},{"floor":25,"key":"Snake Skull"},{"floor":26,"key":"Sundial"},{"floor":43,"key":"Omamori"}],"event_choices":[{"damage_healed":0,"gold_gain":0,"player_choice":"Take Damage","damage_taken":17,"relics_obtained":["Golden Idol"],"max_hp_gain":0,"max_hp_loss":0,"event_name":"Golden Idol","floor":2,"gold_loss":0},{"damage_healed":0,"gold_gain":0,"player_choice":"Entered Light","damage_taken":14,"max_hp_gain":0,"max_hp_loss":0,"event_name":"Shining Light","floor":13,"gold_loss":0,"cards_upgraded":["Footwork","Escape Plan"]},{"damage_healed":0,"gold_gain":0,"player_choice":"Ignored","damage_taken":0,"max_hp_gain":0,"max_hp_loss":0,"event_name":"Golden Wing","floor":14,"gold_loss":0},{"damage_healed":0,"gold_gain":0,"cards_transformed":["Strike_G"],"player_choice":"Transformed","damage_taken":0,"max_hp_gain":0,"max_hp_loss":0,"event_name":"Transmorgrifier","floor":20,"gold_loss":0,"cards_obtained":["Adrenaline"]},{"damage_healed":0,"gold_gain":0,"player_choice":"Simplicity","damage_taken":0,"max_hp_gain":0,"max_hp_loss":0,"event_name":"Back to Basics","floor":28,"gold_loss":0,"cards_upgraded":["Defend_G","Defend_G","Defend_G","Defend_G","Defend_G","Strike_G","Strike_G","Strike_G","Strike_G"]},{"damage_healed":0,"gold_gain":0,"player_choice":"Became a vampire (Vial)","damage_taken":0,"max_hp_gain":0,"max_hp_loss":0,"event_name":"Vampires","floor":31,"relics_lost":["Blood Vial"],"gold_loss":0,"cards_obtained":["Bite","Bite","Bite","Bite","Bite"]},{"damage_healed":0,"gold_gain":0,"player_choice":"Paid","damage_taken":0,"relics_obtained":["Red Mask"],"max_hp_gain":0,"max_hp_loss":0,"event_name":"Tomb of Lord Red Mask","floor":46,"gold_loss":51},{"damage_healed":0,"gold_gain":0,"player_choice":"Took Portal","damage_taken":0,"max_hp_gain":0,"max_hp_loss":0,"event_name":"SecretPortal","floor":47,"gold_loss":0}],"is_beta":false,"boss_relics":[{"not_picked":["Empty Cage","Snecko Eye"],"picked":"Busted Crown"},{"not_picked":["Runic Pyramid","HoveringKite"],"picked":"Lizard Tail"}],"items_purged_floors":[],"is_endless":false,"potions_floor_spawned":[1,5,7,10,11,23,25,35],"ascension_level":0}