{"gold_per_floor":[111,186,203,203,44,44,68,84,111,111,124,138,159,17,17,147,147,147,147,147,121,121,121,121,121,121,121,121,121,121,121],"floor_reached":31,"playtime":1013,"items_purged":["Strike_B"],"score":398,"play_id":"750ebf18-5a86-44b1-be8a-bb6024ea2322","local_time":"20190218184212","is_ascension_mode":true,"campfire_choices":[{"floor":6,"key":"REST"},{"floor":15,"key":"REST"},{"floor":23,"key":"REST"}],"neow_cost":"NONE","seed_source_timestamp":435287952277464,"circlet_count":0,"master_deck":["AscendersBane","Strike_B+1","Strike_B+1","Strike_B+1","Defend_B+1","Defend_B+1","Defend_B+1","Defend_B+1","Zap","Dualcast","Dramatic Entrance+1","Chill","Gash+1","Defragment","Bandage Up","Coolheaded","Chaos","FTL","BootSequence","Hello World","Electrodynamics","White Noise","Loop","Conserve Battery","Melter"],"relics":["Cracked Core","Golden Idol","Whetstone","Ectoplasm","Orichalcum","Shuriken","Meat on the Bone"],"potions_floor_usage":[16,28,28],"damage_taken":[{"damage":4,"enemies":"2 Louse","floor":1,"turns":2},{"damage":0,"enemies":"Small Slimes","floor":3,"turns":3},{"damage":7,"enemies":"Cultist","floor":7,"turns":4},{"damage":11,"enemies":"Large Slime","floor":8,"turns":6},{"damage":15,"enemies":"Gremlin Gang","floor":11,"turns":4},{"damage":3,"enemies":"2 Fungi Beasts","floor":12,"turns":2},{"damage":0,"enemies":"Large Slime","floor":13,"turns":6},{"damage":7,"enemies":"Slime Boss","floor":16,"turns":12},{"damage":19,"enemies":"Spheric Guardian","floor":18,"turns":6},{"damage":0,"enemies":"Chosen","floor":20,"turns":4},{"damage":12,"enemies":"Centurion and Healer","floor":22,"turns":5},{"damage":16,"enemies":"Chosen and Byrds","floor":24,"turns":7},{"damage":25,"enemies":"Slavers","floor":28,"turns":4},{"damage":31,"enemies":"Snake Plant","floor":30,"turns":5},{"damage":27,"enemies":"Cultist and Chosen","floor":31,"turns":6}],"seed_played":"-3682750804409855441","potions_obtained":[{"floor":1,"key":"Block Potion"},{"floor":3,"key":"Ancient Potion"},{"floor":10,"key":"PowerPotion"},{"floor":10,"key":"LiquidBronze"},{"floor":18,"key":"FocusPotion"},{"floor":20,"key":"SteroidPotion"}],"is_trial":false,"path_per_floor":["M","?","M","?","$","R","M","M","T","?","M","M","M","$","R","B",null,"M","?","M","$","M","R","M","?","T","$","E","?","M","M"],"character_chosen":"DEFECT","items_purchased":["Defragment","Bandage Up","Hello World","Conserve Battery"],"campfire_rested":3,"item_purchase_floors":[5,5,14,21],"current_hp_per_floor":[64,53,53,35,35,57,54,47,47,47,36,37,41,41,63,60,71,56,56,60,60,48,70,58,58,58,58,37,37,22,0],"gold":121,"neow_bonus":"RANDOM_COLORLESS","is_prod":false,"is_daily":false,"chose_seed":false,"campfire_upgraded":0,"win_rate":0,"timestamp":1550533332,"path_taken":["M","?","M","?","$","R","M","M","T","?","M","M","?","$","R","BOSS","M","?","?","$","M","R","M","?","T","$","E","?","M","M"],"build_version":"2019-01-23","purchased_purges":1,"victory":false,"max_hp_per_floor":[75,75,75,75,75,75,75,75,75,75,75,75,75,75,75,75,75,75,75,75,75,75,75,75,75,75,75,75,75,75,75],"card_choices":[{"not_picked":["Hologram","Leap"],"picked":"Chill","floor":1},{"not_picked":["Rebound","Loop"],"picked":"Gash","floor":3},{"not_picked":["Reinforced Body","Steam Power"],"picked":"Coolheaded","floor":7},{"not_picked":["Stack","Recycle"],"picked":"Chaos","floor":8},{"not_picked":["Static Discharge","Melter"],"picked":"FTL","floor":11},{"not_picked":["Force Field","Reinforced Body"],"picked":"BootSequence","floor":12},{"not_picked":["Compile Driver","Coolheaded","Redo"],"picked":"SKIP","floor":13},{"not_picked":["Multi-Cast","Creative AI"],"picked":"Electrodynamics","floor":16},{"not_picked":["Static Discharge","Gash"],"picked":"White Noise","floor":18},{"not_picked":["Steam","Leap"],"picked":"Loop","floor":20},{"not_picked":["Coolheaded","Loop","Redo"],"picked":"SKIP","floor":22},{"not_picked":["Force Field","Doom and Gloom","Chill"],"picked":"SKIP","floor":24},{"not_picked":["Coolheaded","Conserve Battery"],"picked":"Melter","floor":28},{"not_picked":["Genetic Algorithm","FTL","Turbo+1"],"picked":"SKIP","floor":30}],"player_experience":535381,"relics_obtained":[{"floor":9,"key":"Whetstone"},{"floor":26,"key":"Shuriken"},{"floor":28,"key":"Meat on the Bone"}],"event_choices":[{"damage_healed":0,"gold_gain":75,"player_choice":"Gather Gold","damage_taken":11,"max_hp_gain":0,"max_hp_loss":0,"event_name":"World of Goop","floor":2,"gold_loss":0},{"damage_healed":0,"gold_gain":0,"player_choice":"Take Damage","damage_taken":18,"relics_obtained":["Golden Idol"],"max_hp_gain":0,"max_hp_loss":0,"event_name":"Golden Idol","floor":4,"gold_loss":0},{"damage_healed":0,"gold_gain":0,"player_choice":"Got Potions","damage_taken":0,"max_hp_gain":0,"max_hp_loss":0,"event_name":"Lab","floor":10,"gold_loss":0},{"damage_healed":0,"gold_gain":0,"player_choice":"Gave Potion","damage_taken":0,"relics_obtained":["Orichalcum"],"max_hp_gain":0,"max_hp_loss":0,"event_name":"WeMeetAgain","floor":19,"gold_loss":0},{"damage_healed":0,"gold_gain":0,"player_choice":"Simplicity","damage_taken":0,"max_hp_gain":0,"max_hp_loss":0,"event_name":"Back to Basics","floor":25,"gold_loss":0,"cards_upgraded":["Strike_B","Strike_B","Strike_B","Defend_B","Defend_B","Defend_B","Defend_B"]},{"damage_healed":0,"gold_gain":99,"player_choice":"Stole From Cult","damage_taken":0,"max_hp_gain":0,"max_hp_loss":0,"event_name":"Nest","floor":29,"gold_loss":0}],"is_beta":false,"boss_relics":[{"not_picked":["Black Star","Tiny House"],"picked":"Ectoplasm"}],"items_purged_floors":[14],"is_endless":false,"potions_floor_spawned":[1,3,8,13,18,20,22],"killed_by":"Cultist and Chosen","ascension_level":12}