{"gold_per_floor":[14,14,14,14,14,14,32,32,32,32,32,48,66,102,102,195,195,218,63,63,63,63,55,74,74,149,149,149,185,16,35,35,131,131,145,145,165,189,209,209,209],"floor_reached":41,"playtime":4377,"items_purged":["Decay"],"score":683,"play_id":"483e9bed-4a7c-443a-b854-78f9cd0a2b9f","local_time":"20181209010840","is_ascension_mode":true,"campfire_choices":[{"data":"Reinforced Body","floor":6.0,"key":"SMITH"},{"data":"Creative AI","floor":8.0,"key":"SMITH"},{"data":"Zap","floor":11.0,"key":"SMITH"},{"data":"Seek","floor":15.0,"key":"SMITH"},{"floor":25.0,"key":"REST"},{"data":"Buffer","floor":27.0,"key":"SMITH"},{"floor":32.0,"key":"REST"},{"data":"Storm","floor":40,"key":"SMITH"}],"neow_cost":"NO_GOLD","seed_source_timestamp":0,"circlet_count":0,"master_deck":["AscendersBane","Strike_B","Strike_B","Strike_B","Defend_B","Defend_B","Defend_B","Defend_B","Zap+1","Dualcast","Creative AI+1","Reinforced Body+1","Reinforced Body","Double Energy","Seek+1","Buffer+1","Stack","Conserve Battery+1","Stack","Storm+1","Leap","Force Field","Auto Shields","Auto Shields","Parasite"],"special_seed":0,"relics":["Cracked Core","Golden Idol","Strawberry","Odd Mushroom","Cursed Key","Art of War","Cables","Blood Vial","Sozu"],"potions_floor_usage":[],"damage_taken":[{"damage":9.0,"enemies":"Jaw Worm","floor":1.0,"turns":4.0},{"damage":0.0,"enemies":"2 Louse","floor":7.0,"turns":2.0},{"damage":0.0,"enemies":"Small Slimes","floor":12.0,"turns":3.0},{"damage":0.0,"enemies":"Exordium Thugs","floor":13.0,"turns":4.0},{"damage":32.0,"enemies":"The Mushroom Lair","floor":14.0,"turns":5.0},{"damage":22.0,"enemies":"The Guardian","floor":16.0,"turns":10.0},{"damage":7.0,"enemies":"Shell Parasite","floor":18.0,"turns":9.0},{"damage":21.0,"enemies":"2 Thieves","floor":23.0,"turns":5.0},{"damage":12.0,"enemies":"Centurion and Healer","floor":24.0,"turns":12.0},{"damage":21.0,"enemies":"Slavers","floor":29.0,"turns":6.0},{"damage":0.0,"enemies":"Cultist and Chosen","floor":31.0,"turns":6.0},{"damage":19.0,"enemies":"Automaton","floor":33.0,"turns":12.0},{"damage":20.0,"enemies":"3 Shapes","floor":35.0,"turns":7.0},{"damage":0.0,"enemies":"Orb Walker","floor":37.0,"turns":5.0},{"damage":0.0,"enemies":"Maw","floor":38.0,"turns":9.0},{"damage":0,"enemies":"Writhing Mass","floor":39,"turns":7},{"damage":78,"enemies":"Giant Head","floor":41,"turns":12}],"seed_played":"-5527332862235955626","potions_obtained":[{"floor":1.0,"key":"GamblersBrew"},{"floor":7.0,"key":"PowerPotion"},{"floor":14.0,"key":"Weak Potion"},{"floor":16.0,"key":"Energy Potion"},{"floor":23.0,"key":"Energy Potion"},{"floor":31.0,"key":"AttackPotion"},{"floor":33.0,"key":"LiquidBronze"}],"is_trial":false,"path_per_floor":["M","?","?","?","$","R","M","R","T","?","R","M","M","?","R","B",null,"M","$","?","?","?","M","M","R","T","R","?","E","$","M","R","B",null,"M","?","M","M","M","R","E"],"character_chosen":"DEFECT","items_purchased":["Art of War","Storm","Leap"],"campfire_rested":2,"item_purchase_floors":[19,30,30],"current_hp_per_floor":[59,59,59,52,52,52,52,52,59,64,64,64,64,32,32,10,68,61,61,61,61,61,40,28,54,54,54,54,33,33,35,61,44,76,58,58,60,62,64,64,0],"gold":209,"neow_bonus":"THREE_RARE_CARDS","is_prod":false,"is_daily":false,"chose_seed":false,"campfire_upgraded":6,"win_rate":0,"timestamp":1544314120,"path_taken":["M","?","?","?","?","R","?","R","T","?","R","M","M","?","R","BOSS","M","$","?","?","?","M","?","R","T","R","?","E","?","M","R","BOSS","M","?","M","?","M","R","E"],"build_version":"2018-12-06","purchased_purges":1,"victory":false,"max_hp_per_floor":[75,75,75,75,75,75,75,75,82,87,87,87,87,87,87,87,87,87,87,87,87,87,87,87,87,87,87,87,87,87,87,87,87,87,87,87,87,87,87,87,87],"card_choices":[{"not_picked":["Echo Form","Thunder Strike"],"picked":"Creative AI","floor":0.0},{"not_picked":["Aggregate","Beam Cell"],"picked":"Reinforced Body","floor":1.0},{"not_picked":["Hologram","Sunder","Sweeping Beam"],"picked":"SKIP","floor":7.0},{"not_picked":["Stack","Coolheaded"],"picked":"Reinforced Body","floor":12.0},{"not_picked":["Streamline","White Noise"],"picked":"Double Energy","floor":13.0},{"not_picked":["Blizzard","Rebound"],"picked":"Seek","floor":14.0},{"not_picked":["Biased Cognition","Fission"],"picked":"Buffer","floor":16.0},{"not_picked":["Streamline","Go for the Eyes"],"picked":"Stack","floor":18.0},{"not_picked":["Consume","Sweeping Beam"],"picked":"Conserve Battery+1","floor":23.0},{"not_picked":["Compile Driver","Consume+1"],"picked":"Stack","floor":24.0},{"not_picked":["Reprogram+1","Barrage","Chill"],"picked":"SKIP","floor":29.0},{"not_picked":["Coolheaded","BootSequence+1"],"picked":"Force Field","floor":31.0},{"not_picked":["Barrage","Redo"],"picked":"Auto Shields","floor":35.0},{"not_picked":["Blizzard","Compile Driver"],"picked":"Auto Shields","floor":37.0},{"not_picked":["Turbo","Cold Snap+1","Sunder"],"picked":"SKIP","floor":38.0},{"not_picked":["Sunder","Rebound+1","Beam Cell+1"],"picked":"SKIP","floor":39}],"player_experience":596593,"relics_obtained":[{"floor":9.0,"key":"Strawberry"},{"floor":14.0,"key":"Odd Mushroom"},{"floor":26.0,"key":"Cables"},{"floor":29.0,"key":"Blood Vial"}],"event_choices":[{"damage_healed":0.0,"max_hp_gain":0.0,"max_hp_loss":0.0,"gold_gain":0.0,"event_name":"Golden Idol","player_choice":"Take Wound","floor":2.0,"gold_loss":0.0,"damage_taken":0.0,"relics_obtained":["Golden Idol"],"cards_obtained":["Injury"]},{"damage_healed":0.0,"max_hp_gain":0.0,"max_hp_loss":0.0,"gold_gain":0.0,"event_name":"Liars Game","player_choice":"Ignored","floor":3.0,"gold_loss":0.0,"damage_taken":0.0},{"cards_removed":["Injury"],"damage_healed":0.0,"max_hp_gain":0.0,"max_hp_loss":0.0,"gold_gain":0.0,"event_name":"Golden Wing","player_choice":"Card Removal","floor":4.0,"gold_loss":0.0,"damage_taken":7.0},{"damage_healed":0.0,"max_hp_gain":5.0,"max_hp_loss":0.0,"gold_gain":0.0,"event_name":"Big Fish","player_choice":"Donut","floor":10.0,"gold_loss":0.0,"damage_taken":0.0},{"damage_healed":0.0,"max_hp_gain":0.0,"max_hp_loss":0.0,"gold_gain":0.0,"event_name":"Mushrooms","player_choice":"Fought Mushrooms","floor":14.0,"gold_loss":0.0,"damage_taken":0.0},{"damage_healed":0.0,"max_hp_gain":0.0,"max_hp_loss":0.0,"gold_gain":0.0,"event_name":"Beggar","player_choice":"Ignored","floor":21.0,"gold_loss":0.0,"damage_taken":0.0},{"damage_healed":0.0,"max_hp_gain":0.0,"max_hp_loss":0.0,"gold_gain":0.0,"event_name":"The Woman in Blue","player_choice":"Bought 0 Potions","floor":22.0,"gold_loss":0.0,"damage_taken":0.0},{"damage_healed":0.0,"max_hp_gain":0.0,"max_hp_loss":0.0,"gold_gain":0.0,"event_name":"Ghosts","player_choice":"Ignored","floor":28.0,"gold_loss":0.0,"damage_taken":0.0},{"cards_removed":["Strike_B"],"damage_healed":0.0,"max_hp_gain":0.0,"max_hp_loss":0.0,"gold_gain":0.0,"event_name":"Bonfire Elementals","player_choice":"Offered Basic","floor":36.0,"gold_loss":0.0,"damage_taken":0.0}],"is_beta":false,"boss_relics":[{"not_picked":["Astrolabe","Coffee Dripper"],"picked":"Cursed Key"},{"not_picked":["Orrery","Fusion Hammer"],"picked":"Sozu"}],"items_purged_floors":[30],"is_endless":false,"potions_floor_spawned":[1,7,14,16,23,31,33,35,37,39],"killed_by":"Giant Head","ascension_level":13}