{"path_per_floor":["M","?","T","?","?","R","E","M","T","M","M","M","R","$","R","B",null,"M","?","?","M","M","M","?","R","T","E","M","?","M","M","R","B",null,"M","M","?","T","?","R","?","M","T","E","$","T","M","M","R","B"],"character_chosen":"DEFECT","items_purchased":["Loop","Defragment","Storm","Thunder Strike","Creative AI","Static Discharge"],"gold_per_floor":[15,15,63,63,63,63,104,122,122,142,161,182,182,3,3,129,129,148,148,148,161,184,197,0,0,0,39,62,62,85,101,101,230,230,248,262,262,262,262,262,262,281,281,315,2,2,27,47,47,47],"floor_reached":51,"campfire_rested":6,"playtime":2259,"item_purchase_floors":[],"current_hp_per_floor":[74,56,56,51,56,82,54,54,54,52,42,39,39,39,65,19,87,74,74,74,58,27,21,21,47,47,42,40,40,20,14,40,19,87,36,20,42,42,42,68,68,55,55,62,62,62,70,39,66,41],"items_purged":[],"gold":47,"score":866,"play_id":"2acd8a24-c80b-4a96-95bb-31d080c34673","local_time":"20180601194838","is_prod":false,"is_daily":false,"chose_seed":false,"is_ascension_mode":true,"campfire_upgraded":1,"win_rate":0,"timestamp":1527846518,"campfire_choices":[{"floor":6.0,"key":"REST"},{"data":"Buffer","floor":13.0,"key":"SMITH"},{"floor":15.0,"key":"REST"},{"floor":25,"key":"REST"},{"floor":32,"key":"REST"},{"floor":40,"key":"REST"},{"floor":49,"key":"REST"}],"path_taken":["M","?","?","?","?","R","E","M","T","?","?","M","R","$","R","BOSS","M","?","?","M","M","M","?","R","T","E","M","?","?","M","R","BOSS","M","M","?","?","?","R","?","?","T","E","$","?","M","M","R","BOSS"],"build_version":"2018-05-31","seed_source_timestamp":0,"purchased_purges":0,"victory":true,"master_deck":["Strike_B","Strike_B","Strike_B","Strike_B","Defend_B","Defend_B","Defend_B","Defend_B","Zap","Dualcast","Heatsinks","Buffer+1","Barrage","Cold Snap","Leap","Conserve Battery","Loop","Defragment","Storm+1","Creative AI","Heatsinks","Conserve Battery","Conserve Battery","Hello World+1","Undo","Defragment","Heatsinks","Coolheaded+1","Thunder Strike","White Noise+1","Self Repair","Writhe","Injury","Force Field","Decay","Ball Lightning+1","Thunder Strike","Creative AI","Static Discharge","Writhe","Loop+1"],"max_hp_per_floor":[75,75,75,82,87,87,87,87,87,87,87,87,87,87,87,87,87,87,87,87,87,87,87,87,87,87,87,87,87,87,87,87,87,87,87,87,87,87,87,87,87,92,92,92,92,92,92,92,92,92],"relics":["Cracked Core","Sundial","Golden Idol","Art of War","Strawberry","Vajra","The Courier","Nuclear Battery","Mummified Hand","Peace Pipe","Cursed Key","Blue Candle","Du-Vu Doll","Thread and Needle","Bottled Lightning"],"card_choices":[{"not_picked":["Reinforced Body","Darkness"],"picked":"Heatsinks","floor":1.0},{"not_picked":["Doom and Gloom","Hologram"],"picked":"Buffer","floor":7.0},{"not_picked":["Stack","Leap"],"picked":"Barrage","floor":8.0},{"not_picked":["Recycle","Redo"],"picked":"Cold Snap","floor":10.0},{"not_picked":["Consume","Coolheaded"],"picked":"Leap","floor":11.0},{"not_picked":["Tempest","Undo"],"picked":"Conserve Battery","floor":12.0},{"not_picked":["Thunder Strike","Machine Learning"],"picked":"Creative AI","floor":16.0},{"not_picked":["Rip and Tear","Ball Lightning"],"picked":"Heatsinks","floor":18},{"not_picked":["Cold Snap","Turbo"],"picked":"Conserve Battery","floor":21},{"not_picked":["Steam Power","Double Energy"],"picked":"Conserve Battery","floor":22},{"not_picked":["Scrape","Core Surge"],"picked":"Hello World+1","floor":23},{"not_picked":["Cold Snap","Go for the Eyes+1"],"picked":"Undo","floor":27},{"not_picked":["Cold Snap","Chill","Ball Lightning"],"picked":"SKIP","floor":28},{"not_picked":["Sweeping Beam","Gash"],"picked":"Heatsinks","floor":30},{"not_picked":["Rebound","Gash+1"],"picked":"Coolheaded+1","floor":31},{"not_picked":["Fission","Reboot"],"picked":"Thunder Strike","floor":33},{"not_picked":["Doom and Gloom+1","Leap+1"],"picked":"White Noise+1","floor":35},{"not_picked":["Go for the Eyes","Turbo"],"picked":"Self Repair","floor":36},{"not_picked":["Stack","Sunder"],"picked":"Force Field","floor":42},{"not_picked":["Go for the Eyes","Steam"],"picked":"Ball Lightning+1","floor":44},{"not_picked":["Rebound","Multi-Cast"],"picked":"Loop+1","floor":47},{"not_picked":["Rebound+1","Go for the Eyes+1","Compile Driver"],"picked":"SKIP","floor":48}],"player_experience":132520,"potions_floor_usage":[22,22,22,22,23,31,42,50],"damage_taken":[{"damage":1.0,"enemies":"Cultist","floor":1.0,"turns":3.0},{"damage":28.0,"enemies":"3 Sentries","floor":7.0,"turns":8.0},{"damage":0.0,"enemies":"Jaw Worm","floor":8.0,"turns":3.0},{"damage":2.0,"enemies":"2 Louse","floor":10.0,"turns":2.0},{"damage":10.0,"enemies":"Exordium Thugs","floor":11.0,"turns":5.0},{"damage":3.0,"enemies":"Blue Slaver","floor":12.0,"turns":4.0},{"damage":46.0,"enemies":"The Guardian","floor":16.0,"turns":12.0},{"damage":13,"enemies":"Chosen","floor":18,"turns":4},{"damage":16,"enemies":"3 Byrds","floor":21,"turns":4},{"damage":31,"enemies":"Slaver and Parasite","floor":22,"turns":7},{"damage":6,"enemies":"Sentry and Sphere","floor":23,"turns":6},{"damage":5,"enemies":"Book of Stabbing","floor":27,"turns":5},{"damage":2,"enemies":"Centurion and Healer","floor":28,"turns":6},{"damage":20,"enemies":"3 Cultists","floor":30,"turns":4},{"damage":20,"enemies":"Slaver and Parasite","floor":31,"turns":5},{"damage":21,"enemies":"Champ","floor":33,"turns":10},{"damage":51,"enemies":"3 Darklings","floor":35,"turns":4},{"damage":16,"enemies":"Orb Walker","floor":36,"turns":3},{"damage":25,"enemies":"3 Darklings","floor":42,"turns":4},{"damage":0,"enemies":"Giant Head","floor":44,"turns":5},{"damage":6,"enemies":"Sphere and 2 Shapes","floor":47,"turns":4},{"damage":31,"enemies":"4 Shapes","floor":48,"turns":3},{"damage":32,"enemies":"Awakened One","floor":50,"turns":7}],"relics_obtained":[{"floor":3.0,"key":"Art of War"},{"floor":7.0,"key":"Vajra"},{"floor":9.0,"key":"The Courier"},{"floor":26,"key":"Mummified Hand"},{"floor":27,"key":"Peace Pipe"},{"floor":38,"key":"Blue Candle"},{"floor":43,"key":"Du-Vu Doll"},{"floor":44,"key":"Thread and Needle"},{"floor":46,"key":"Bottled Lightning"}],"event_choices":[{"event_name":"Golden Idol","player_choice":"Take Damage","floor":2.0,"damage_taken":0.0},{"event_name":"Scrap Ooze","player_choice":"success","floor":4.0,"damage_taken":12.0},{"event_name":"Big Fish","player_choice":"Donut","floor":5.0,"damage_taken":0.0},{"event_name":"Accursed Blacksmith","player_choice":"Forge","floor":19,"damage_taken":0},{"event_name":"Vampires","player_choice":"Ignored","floor":20,"damage_taken":0},{"event_name":"Masked Bandits","player_choice":"Paid Bandits 197 gold","floor":24,"damage_taken":0},{"event_name":"The Library","player_choice":"Read","floor":29,"damage_taken":0},{"event_name":"Winding Halls","player_choice":"Writhe","floor":37,"damage_taken":0},{"event_name":"The Lab","player_choice":"Got Potions","floor":39,"damage_taken":0},{"event_name":"The Woman in Blue","player_choice":"Bought 0 Potions","floor":41,"damage_taken":0}],"boss_relics":[{"not_picked":["Black Star","Tiny House"],"picked":"Nuclear Battery"},{"not_picked":["Orrery","Velvet Choker"],"picked":"Cursed Key"}],"items_purged_floors":[],"potions_floor_spawned":[1,11,12,18,22,23,27,30,36,48],"seed_played":"-4242215055003232250","ascension_level":2,"potions_obtained":[{"floor":1.0,"key":"GamblersBrew"},{"floor":11.0,"key":"EntropicBrew"},{"floor":12.0,"key":"Energy Potion"},{"floor":22,"key":"PowerPotion"},{"floor":23,"key":"SpeedPotion"},{"floor":27,"key":"Regen Potion"},{"floor":36,"key":"Ancient Potion"},{"floor":39,"key":"Fruit Juice"},{"floor":39,"key":"SkillPotion"},{"floor":48,"key":"Energy Potion"}],"is_trial":false}