{"gold_per_floor":[363,443,453,465,121,152,152,152,152,152,184,201,60,76,76,173,173,187,187,198,216,228,228,247,280,304,79,0,0,0,11,11,111,111,127,138,138,187,137,137,165,165,191,191,223,223,238,251,251,251],"floor_reached":50,"playtime":4295,"items_purged":["Strike_B","Strike_B","Force Field"],"score":847,"play_id":"9022a69a-b09a-4a36-aeb1-91066e4cc128","local_time":"20190201155552","is_ascension_mode":true,"campfire_choices":[{"floor":7.0,"key":"REST"},{"data":"Defragment","floor":15.0,"key":"SMITH"},{"data":"Fission","floor":23.0,"key":"SMITH"},{"data":"Chaos","floor":30.0,"key":"SMITH"},{"data":"Zap","floor":32.0,"key":"SMITH"},{"data":"Dualcast","floor":40.0,"key":"SMITH"},{"data":"Capacitor","floor":44.0,"key":"SMITH"},{"data":"Consume","floor":46.0,"key":"SMITH"},{"data":"Conserve Battery","floor":49.0,"key":"SMITH"}],"neow_cost":"PERCENT_DAMAGE","seed_source_timestamp":1019294399798516,"circlet_count":0,"master_deck":["AscendersBane","Zap+1","Dualcast+1","Genetic Algorithm","Conserve Battery","Darkness","Self Repair","Conserve Battery+1","Cold Snap","Steam Power","Chaos+1","Bandage Up","Defragment+1","Ball Lightning","Capacitor+1","BootSequence","Fission+1","Ball Lightning+1","Glacier","Stack","Conserve Battery+1","Consume+1","Master of Strategy","Chaos+1","All For One","BootSequence","Fusion","Redo","Machine Learning","Sunder","Defragment+1","Cold Snap","Tempest+1","Coolheaded","Echo Form+1","Double Energy+1"],"special_seed":0,"relics":["Cracked Core","Blue Candle","DataDisk","Smiling Mask","Ornamental Fan","Mercury Hourglass","Eternal Feather","FossilizedHelix","Bag of Marbles","Pandora\u0027s Box","Incense Burner","Frozen Egg 2","Happy Flower","Strawberry"],"potions_floor_usage":[50],"damage_taken":[{"damage":0.0,"enemies":"Cultist","floor":1.0,"turns":4.0},{"damage":17.0,"enemies":"Jaw Worm","floor":3.0,"turns":4.0},{"damage":5.0,"enemies":"Small Slimes","floor":4.0,"turns":3.0},{"damage":21.0,"enemies":"3 Sentries","floor":6.0,"turns":9.0},{"damage":13.0,"enemies":"Lagavulin","floor":11.0,"turns":6.0},{"damage":1.0,"enemies":"3 Louse","floor":12.0,"turns":3.0},{"damage":3.0,"enemies":"Blue Slaver","floor":14.0,"turns":4.0},{"damage":24.0,"enemies":"The Guardian","floor":16.0,"turns":10.0},{"damage":2.0,"enemies":"Chosen","floor":18.0,"turns":4.0},{"damage":13.0,"enemies":"Shell Parasite","floor":20.0,"turns":8.0},{"damage":38.0,"enemies":"Shelled Parasite and Fungi","floor":21.0,"turns":6.0},{"damage":27.0,"enemies":"Snecko","floor":22.0,"turns":7.0},{"damage":18.0,"enemies":"Snake Plant","floor":24.0,"turns":6.0},{"damage":38.0,"enemies":"Gremlin Leader","floor":25.0,"turns":7.0},{"damage":11.0,"enemies":"3 Cultists","floor":31.0,"turns":7.0},{"damage":38.0,"enemies":"Collector","floor":33.0,"turns":13.0},{"damage":7.0,"enemies":"3 Darklings","floor":35.0,"turns":7.0},{"damage":4.0,"enemies":"Orb Walker","floor":36.0,"turns":3.0},{"damage":42.0,"enemies":"2 Orb Walkers","floor":38.0,"turns":6.0},{"damage":73.0,"enemies":"Giant Head","floor":41.0,"turns":11.0},{"damage":45.0,"enemies":"Reptomancer","floor":45.0,"turns":10.0},{"damage":9.0,"enemies":"3 Darklings","floor":47.0,"turns":6.0},{"damage":0.0,"enemies":"Sphere and 2 Shapes","floor":48.0,"turns":4.0},{"damage":78,"enemies":"Awakened One","floor":50,"turns":14}],"seed_played":"-4699333030373882458","potions_obtained":[{"floor":4.0,"key":"SkillPotion"},{"floor":6.0,"key":"PowerPotion"},{"floor":12.0,"key":"Strength Potion"},{"floor":21.0,"key":"GamblersBrew"},{"floor":24.0,"key":"LiquidBronze"},{"floor":25.0,"key":"FairyPotion"},{"floor":36.0,"key":"LiquidBronze"},{"floor":45.0,"key":"Dexterity Potion"}],"is_trial":false,"path_per_floor":["M","T","M","M","$","E","R","?","T","?","E","M","$","M","R","B",null,"M","?","M","M","M","R","M","E","T","$","?","$","R","M","R","B",null,"M","M","?","?","$","R","E","?","T","R","E","R","M","M","R","B"],"character_chosen":"DEFECT","items_purchased":["Self Repair","Conserve Battery","Cold Snap","DataDisk","Explosive Potion","Capacitor","Fire Potion","Master of Strategy"],"campfire_rested":1,"item_purchase_floors":[5,5,5,5,5,13,13,27],"current_hp_per_floor":[50,50,33,28,28,14,36,41,41,41,39,45,45,53,53,40,70,79,79,77,50,34,49,42,15,15,15,15,15,30,23,41,14,64,68,64,64,26,26,44,14,66,66,66,39,60,62,69,73,0],"gold":251,"neow_bonus":"TWO_FIFTY_GOLD","is_prod":false,"is_daily":false,"chose_seed":false,"campfire_upgraded":8,"win_rate":0,"timestamp":1549058152,"path_taken":["M","?","?","M","$","E","R","?","T","?","E","M","$","?","R","BOSS","M","?","M","M","M","R","M","E","T","$","?","$","R","M","R","BOSS","M","M","?","?","$","R","E","?","T","R","E","R","M","M","R","BOSS"],"build_version":"2019-01-23","purchased_purges":3,"victory":false,"max_hp_per_floor":[75,75,75,75,75,75,75,80,80,80,80,80,80,80,80,80,80,80,80,80,80,80,80,80,80,80,80,80,80,80,80,80,80,80,80,80,76,76,76,76,76,66,66,66,73,73,73,73,73,73],"card_choices":[{"not_picked":["Barrage","Storm"],"picked":"Genetic Algorithm","floor":1.0},{"not_picked":["Auto Shields","Leap"],"picked":"Conserve Battery","floor":3.0},{"not_picked":["Consume","Steam"],"picked":"Darkness","floor":4.0},{"not_picked":["Turbo","Streamline"],"picked":"Steam Power","floor":6.0},{"not_picked":["Aggregate","Coolheaded"],"picked":"Defragment","floor":11.0},{"not_picked":["Sweeping Beam","Fission"],"picked":"Ball Lightning","floor":12.0},{"not_picked":["Redo","Hello World"],"picked":"BootSequence","floor":14.0},{"not_picked":["All For One","Amplify"],"picked":"Fission","floor":16.0},{"not_picked":["Undo","Barrage","Reprogram"],"picked":"SKIP","floor":18.0},{"not_picked":["Rebound+1","Sweeping Beam+1"],"picked":"Ball Lightning+1","floor":20.0},{"not_picked":["Coolheaded","Gash"],"picked":"Glacier","floor":21.0},{"not_picked":["Rebound+1","Beam Cell"],"picked":"Stack","floor":22.0},{"not_picked":["Rip and Tear","Rainbow"],"picked":"Conserve Battery+1","floor":24.0},{"not_picked":["Static Discharge","Redo"],"picked":"Consume","floor":25.0},{"not_picked":["Steam","Sweeping Beam"],"picked":"Chaos+1","floor":31.0},{"not_picked":["Hyperbeam","Reboot"],"picked":"All For One","floor":33.0},{"not_picked":["Barrage","Streamline"],"picked":"Defragment+1","floor":35.0},{"not_picked":["Gash","Conserve Battery"],"picked":"Cold Snap","floor":36.0},{"not_picked":["Biased Cognition","Stack"],"picked":"Tempest+1","floor":38.0},{"not_picked":["Hologram","Stack+1"],"picked":"Coolheaded","floor":41.0},{"not_picked":["Double Energy","Chill"],"picked":"Echo Form+1","floor":45.0},{"not_picked":["Aggregate","Sweeping Beam+1","BootSequence"],"picked":"SKIP","floor":47.0},{"not_picked":["Compile Driver+1","Ball Lightning"],"picked":"Double Energy+1","floor":48.0}],"player_experience":157493,"relics_obtained":[{"floor":2.0,"key":"Blue Candle"},{"floor":6.0,"key":"Smiling Mask"},{"floor":9.0,"key":"Ornamental Fan"},{"floor":11.0,"key":"Mercury Hourglass"},{"floor":25.0,"key":"FossilizedHelix"},{"floor":26.0,"key":"Bag of Marbles"},{"floor":38.0,"key":"Incense Burner"},{"floor":41.0,"key":"Frozen Egg 2"},{"floor":43.0,"key":"Happy Flower"},{"floor":45.0,"key":"Strawberry"}],"event_choices":[{"damage_healed":0.0,"max_hp_gain":5.0,"max_hp_loss":0.0,"gold_gain":0.0,"event_name":"Big Fish","player_choice":"Donut","floor":8.0,"gold_loss":0.0,"damage_taken":0.0},{"damage_healed":0.0,"max_hp_gain":0.0,"max_hp_loss":0.0,"gold_gain":0.0,"event_name":"Match and Keep!","player_choice":"2 cards matched","floor":10.0,"gold_loss":0.0,"damage_taken":0.0,"cards_obtained":["Chaos","Bandage Up"]},{"damage_healed":0.0,"max_hp_gain":0.0,"max_hp_loss":0.0,"gold_gain":0.0,"event_name":"Vampires","player_choice":"Ignored","floor":19.0,"gold_loss":0.0,"damage_taken":0.0},{"damage_healed":0.0,"max_hp_gain":0.0,"max_hp_loss":0.0,"gold_gain":0.0,"event_name":"Masked Bandits","player_choice":"Paid Fearfully","floor":28.0,"gold_loss":79.0,"damage_taken":0.0},{"damage_healed":0.0,"max_hp_gain":0.0,"max_hp_loss":4.0,"gold_gain":0.0,"event_name":"Winding Halls","player_choice":"Max HP","floor":37.0,"gold_loss":0.0,"damage_taken":0.0},{"damage_healed":0.0,"max_hp_gain":0.0,"max_hp_loss":0.0,"gold_gain":0.0,"event_name":"Mysterious Sphere","player_choice":"Fight","floor":38.0,"gold_loss":0.0,"damage_taken":0.0},{"damage_healed":66.0,"max_hp_gain":0.0,"max_hp_loss":10.0,"gold_gain":0.0,"event_name":"The Moai Head","player_choice":"Heal","floor":42.0,"gold_loss":0.0,"damage_taken":0.0}],"is_beta":false,"boss_relics":[{"not_picked":["Ectoplasm","Coffee Dripper"],"picked":"Eternal Feather"},{"not_picked":["Fusion Hammer","Black Star"],"picked":"Pandora\u0027s Box"}],"items_purged_floors":[13,27,39],"is_endless":false,"potions_floor_spawned":[4,6,12,21,22,24,25,36,45],"killed_by":"Awakened One","ascension_level":11}