{"gold_per_floor":[118,135,152,102,115,148,167,167],"floor_reached":8,"playtime":290,"items_purged":[],"score":78,"play_id":"39a3110c-2184-412f-a3f3-6580aa8339ff","local_time":"20190125004500","is_ascension_mode":true,"campfire_choices":[],"neow_cost":"NONE","seed_source_timestamp":363975882128417,"circlet_count":0,"master_deck":["Strike_B","Strike_B","Strike_B","Strike_B","Defend_B","Defend_B","Defend_B","Zap","Dualcast","Capacitor","Go for the Eyes","Ball Lightning","FTL","Genetic Algorithm","Go for the Eyes"],"special_seed":0,"relics":["Cracked Core","Dream Catcher","Bronze Scales"],"potions_floor_usage":[6,8],"damage_taken":[{"damage":0.0,"enemies":"Small Slimes","floor":1.0,"turns":2.0},{"damage":3.0,"enemies":"2 Louse","floor":2.0,"turns":2.0},{"damage":4.0,"enemies":"Cultist","floor":3.0,"turns":3.0},{"damage":16,"enemies":"Lots of Slimes","floor":5,"turns":4},{"damage":20,"enemies":"Gremlin Nob","floor":6,"turns":3},{"damage":13,"enemies":"Exordium Thugs","floor":7,"turns":3},{"damage":21,"enemies":"Lagavulin","floor":8,"turns":5}],"seed_played":"-894447460352447841","potions_obtained":[{"floor":1.0,"key":"Ancient Potion"},{"floor":2.0,"key":"GamblersBrew"},{"floor":5,"key":"Fire Potion"}],"is_trial":false,"path_per_floor":["M","M","M","?","M","E","M","E"],"character_chosen":"DEFECT","items_purchased":[],"campfire_rested":0,"item_purchase_floors":[],"current_hp_per_floor":[68,65,61,61,45,25,12,0],"gold":167,"neow_bonus":"RANDOM_COMMON_RELIC","is_prod":false,"is_daily":false,"chose_seed":false,"campfire_upgraded":0,"win_rate":0,"timestamp":1548398700,"path_taken":["M","M","M","?","M","E","M","E"],"build_version":"2019-01-23","purchased_purges":0,"victory":false,"max_hp_per_floor":[75,75,75,75,75,75,75,75],"card_choices":[{"not_picked":["Sweeping Beam","Turbo"],"picked":"Capacitor","floor":1.0},{"not_picked":["Steam","Fusion"],"picked":"Go for the Eyes","floor":2.0},{"not_picked":["Rebound","Tempest"],"picked":"Ball Lightning","floor":3.0},{"not_picked":["Chaos","Scrape"],"picked":"FTL","floor":5},{"not_picked":["Aggregate","Redo"],"picked":"Genetic Algorithm","floor":6},{"not_picked":["Stack","Rebound"],"picked":"Go for the Eyes","floor":7}],"player_experience":122537,"relics_obtained":[{"floor":6,"key":"Bronze Scales"}],"event_choices":[{"cards_removed":["Defend_B"],"damage_healed":0.0,"max_hp_gain":0.0,"max_hp_loss":0.0,"gold_gain":0.0,"event_name":"The Cleric","player_choice":"Card Removal","floor":4.0,"gold_loss":50.0,"damage_taken":0.0}],"is_beta":false,"boss_relics":[],"items_purged_floors":[],"is_endless":false,"potions_floor_spawned":[1,2,5],"killed_by":"Lagavulin","ascension_level":6}