{"gold_per_floor":[116,116,116,291,316,316,332,332,356,391,402,419,445,455,455,559,559,585,614,725,737,760,806,832,844],"floor_reached":25,"playtime":2826,"items_purged":[],"score":233,"play_id":"d059cd6d-9d7f-42d1-8634-9acb48483d49","local_time":"20190208182314","is_ascension_mode":false,"campfire_choices":[{"data":"Chaos","floor":6,"key":"SMITH"},{"data":"Dualcast","floor":8,"key":"SMITH"},{"data":"Defragment","floor":15,"key":"SMITH"}],"neow_cost":"NONE","seed_source_timestamp":65031063440221,"circlet_count":0,"master_deck":["Strike_B","Strike_B","Strike_B","Strike_B","Defend_B+1","Defend_B","Defend_B","Defend_B+1","Zap","Dualcast+1","Chaos+1","Doubt","Compile Driver","Hello World","Defragment+1","Amplify","Echo Form","Clumsy","Double Energy","Chaos+1","Loop","Coolheaded","Biased Cognition"],"relics":["Cracked Core","Blood Vial","Regal Pillow","Bag of Marbles","Orichalcum","Omamori","Lantern","Calling Bell","MawBank","Matryoshka","Incense Burner","War Paint"],"potions_floor_usage":[13,14,16,18],"damage_taken":[{"damage":2,"enemies":"Jaw Worm","floor":1,"turns":5},{"damage":0,"enemies":"2 Louse","floor":7,"turns":2},{"damage":20,"enemies":"Gremlin Nob","floor":10,"turns":4},{"damage":0,"enemies":"Cultist","floor":11,"turns":3},{"damage":1,"enemies":"Exordium Wildlife","floor":12,"turns":3},{"damage":21,"enemies":"3 Sentries","floor":13,"turns":6},{"damage":0,"enemies":"2 Fungi Beasts","floor":14,"turns":3},{"damage":37,"enemies":"The Guardian","floor":16,"turns":10},{"damage":20,"enemies":"3 Byrds","floor":18,"turns":6},{"damage":13,"enemies":"Shell Parasite","floor":19,"turns":6},{"damage":15,"enemies":"Snecko","floor":22,"turns":5},{"damage":17,"enemies":"Gremlin Leader","floor":23,"turns":9},{"damage":8,"enemies":"Shelled Parasite and Fungi","floor":24,"turns":5},{"damage":21,"enemies":"Slavers","floor":25,"turns":1}],"seed_played":"-3343240053193067020","potions_obtained":[{"floor":7,"key":"Strength Potion"},{"floor":11,"key":"Poison Potion"},{"floor":13,"key":"Swift Potion"},{"floor":16,"key":"EssenceOfSteel"}],"is_trial":false,"path_per_floor":["?","?","?","T","M","?","?","M"],"character_chosen":"DEFECT","items_purchased":[],"campfire_rested":0,"item_purchase_floors":[],"current_hp_per_floor":[73,73,66,66,66,66,68,68,68,50,52,53,34,36,36,1,75,55,44,44,44,31,16,10,0],"gold":844,"neow_bonus":"RANDOM_COMMON_RELIC","is_prod":false,"is_daily":false,"chose_seed":false,"campfire_upgraded":3,"win_rate":0.0,"timestamp":1549646594,"path_taken":["M","?","?","?","?","R","M","R","T","E","M","?","E","M","R","BOSS","M","M","?","?","M","E","?","E"],"build_version":"2019-01-23","purchased_purges":0,"victory":false,"max_hp_per_floor":[75,75,75,75,75,75,75,75,75,75,75,75,75,75,75,75,75,75,75,75,75,75,75,75,75],"card_choices":[{"not_picked":["Sweeping Beam","Streamline"],"picked":"Chaos","floor":1},{"not_picked":["Thunder Strike","Static Discharge"],"picked":"Compile Driver","floor":7},{"not_picked":["Cold Snap","Sweeping Beam"],"picked":"Hello World","floor":10},{"not_picked":["Blizzard","Rebound","Go for the Eyes"],"picked":"SKIP","floor":11},{"not_picked":["Consume","White Noise"],"picked":"Defragment","floor":12},{"not_picked":["Turbo","Stack"],"picked":"Amplify","floor":13},{"not_picked":["Sweeping Beam","Barrage","Stack"],"picked":"SKIP","floor":14},{"not_picked":["Thunder Strike","Biased Cognition"],"picked":"Echo Form","floor":16},{"not_picked":["Steam","Beam Cell"],"picked":"Double Energy","floor":18},{"not_picked":["Cold Snap","Skim"],"picked":"Chaos+1","floor":19},{"not_picked":["Streamline+1","Rebound"],"picked":"Loop","floor":22},{"not_picked":["Compile Driver","Sweeping Beam+1"],"picked":"Coolheaded","floor":23},{"not_picked":["Gash","Lockon"],"picked":"Biased Cognition","floor":24}],"player_experience":52883,"relics_obtained":[{"floor":5,"key":"Bag of Marbles"},{"floor":9,"key":"Orichalcum"},{"floor":10,"key":"Omamori"},{"floor":13,"key":"Lantern"},{"floor":17,"key":"MawBank"},{"floor":17,"key":"Matryoshka"},{"floor":17,"key":"Incense Burner"},{"floor":23,"key":"War Paint"}],"event_choices":[{"damage_healed":0,"gold_gain":0,"player_choice":"Box","damage_taken":0,"relics_obtained":["Regal Pillow"],"max_hp_gain":0,"max_hp_loss":0,"event_name":"Big Fish","floor":2,"gold_loss":0,"cards_obtained":["Regret"]},{"cards_removed":["Regret"],"damage_healed":0,"gold_gain":0,"player_choice":"Card Removal","damage_taken":7,"max_hp_gain":0,"max_hp_loss":0,"event_name":"Golden Wing","floor":3,"gold_loss":0},{"damage_healed":0,"gold_gain":175,"player_choice":"AGREE","damage_taken":0,"max_hp_gain":0,"max_hp_loss":0,"event_name":"Liars Game","floor":4,"gold_loss":0,"cards_obtained":["Doubt"]},{"damage_healed":0,"gold_gain":99,"player_choice":"Stole From Cult","damage_taken":0,"max_hp_gain":0,"max_hp_loss":0,"event_name":"Nest","floor":20,"gold_loss":0},{"damage_healed":0,"gold_gain":0,"player_choice":"Ignored","damage_taken":0,"max_hp_gain":0,"max_hp_loss":0,"event_name":"Ghosts","floor":21,"gold_loss":0}],"is_beta":false,"boss_relics":[{"not_picked":["Coffee Dripper","Ectoplasm"],"picked":"Calling Bell"}],"items_purged_floors":[],"is_endless":false,"potions_floor_spawned":[7,11,13,16],"killed_by":"Slavers","ascension_level":0}