{"gold_per_floor":[162,122,122,136,136,177,177,197,224,224,237,237,257,207,207,328,328,342,361,377,10,43,84,84,124,147,160,183,98,124,154,166,178],"floor_reached":33,"playtime":4540,"items_purged":["Strike_G"],"score":490,"play_id":"cb66f91f-97ff-415c-ba89-55e00bff7360","local_time":"20180818144516","is_ascension_mode":true,"campfire_choices":[{"data":"Footwork","floor":7.0,"key":"SMITH"},{"data":"Malaise","floor":10.0,"key":"SMITH"},{"data":"Neutralize","floor":15.0,"key":"SMITH"},{"floor":24,"key":"REST"},{"floor":32,"key":"REST"}],"neow_cost":"NONE","seed_source_timestamp":0,"circlet_count":0,"master_deck":["Defend_G","Defend_G","Defend_G","Defend_G","Defend_G","Strike_G","Strike_G","Strike_G+1","Survivor","Neutralize+1","Footwork+1","Malaise+1","Dodge and Roll","Blur","Outmaneuver","Accuracy","Night Terror","Terror","Blade Dance","Infinite Blades","Apotheosis","Footwork","Malaise","Dodge and Roll","Blade Dance"],"special_seed":0,"relics":["Tiny House","Golden Idol","Oddly Smooth Stone","Bottled Flame","Happy Flower","FaceOfCleric","WristBlade","Red Mask","Orichalcum","Anchor","Strawberry","MawBank"],"potions_floor_usage":[22,22,33],"damage_taken":[{"damage":0.0,"enemies":"Jaw Worm","floor":1.0,"turns":7.0},{"damage":0.0,"enemies":"Cultist","floor":4.0,"turns":6.0},{"damage":6.0,"enemies":"Lagavulin","floor":6.0,"turns":11.0},{"damage":3.0,"enemies":"Small Slimes","floor":8.0,"turns":4.0},{"damage":0.0,"enemies":"2 Fungi Beasts","floor":11.0,"turns":6.0},{"damage":5.0,"enemies":"Exordium Wildlife","floor":13.0,"turns":11.0},{"damage":32.0,"enemies":"Slime Boss","floor":16.0,"turns":29.0},{"damage":4.0,"enemies":"Spheric Guardian","floor":18.0,"turns":21.0},{"damage":12,"enemies":"Chosen","floor":19,"turns":13},{"damage":4,"enemies":"Centurion and Healer","floor":20,"turns":12},{"damage":18,"floor":22,"turns":6},{"damage":33,"enemies":"Gremlin Leader","floor":23,"turns":8},{"damage":0,"enemies":"Book of Stabbing","floor":25,"turns":8},{"damage":22,"enemies":"Cultist and Chosen","floor":27,"turns":10},{"damage":0,"enemies":"Snecko","floor":28,"turns":8},{"damage":0,"enemies":"Sentry and Sphere","floor":30,"turns":8},{"damage":0,"enemies":"Snake Plant","floor":31,"turns":6},{"damage":52,"enemies":"Collector","floor":33,"turns":6}],"seed_played":"1841753225156494316","potions_obtained":[{"floor":0.0,"key":"Ancient Potion"},{"floor":2.0,"key":"Fruit Juice"},{"floor":2.0,"key":"Ancient Potion"},{"floor":2.0,"key":"SkillPotion"},{"floor":4.0,"key":"Fire Potion"},{"floor":6.0,"key":"SteroidPotion"},{"floor":13.0,"key":"Fire Potion"},{"floor":16.0,"key":"Fruit Juice"},{"floor":18,"key":"Poison Potion"},{"floor":20,"key":"Fire Potion"},{"floor":27,"key":"GamblersBrew"},{"floor":28,"key":"LiquidBronze"}],"is_trial":false,"path_per_floor":["M","?","?","M","?","E","R","M","T","R","M","?","M","?","R","B",null,"M","M","M","$","?","E","R","E","T","M","M","?","M","M","R"],"character_chosen":"THE_SILENT","items_purchased":["Infinite Blades","Apotheosis"],"campfire_rested":2,"item_purchase_floors":[21,21],"current_hp_per_floor":[68,68,50,55,52,46,46,43,43,43,43,43,39,39,39,8,64,66,55,52,52,35,3,30,31,38,17,18,18,19,20,51,0],"gold":178,"neow_bonus":"BOSS_RELIC","is_prod":false,"is_daily":false,"chose_seed":false,"campfire_upgraded":3,"win_rate":0,"timestamp":1534596316,"path_taken":["M","?","?","M","?","E","R","M","T","R","?","?","M","?","R","BOSS","M","M","M","$","?","E","R","E","T","M","M","?","?","?","R","BOSS"],"build_version":"2018-08-16","purchased_purges":1,"victory":false,"max_hp_per_floor":[75,75,75,80,80,80,80,80,80,80,80,80,81,81,81,82,82,88,89,90,90,91,92,92,93,100,101,102,102,103,104,104,104],"card_choices":[{"not_picked":["Acrobatics","Caltrops"],"picked":"Footwork","floor":0.0},{"not_picked":["Poisoned Stab","Quick Slash","Bane"],"picked":"SKIP","floor":1.0},{"not_picked":["Sucker Punch","Prepared"],"picked":"Malaise","floor":4.0},{"not_picked":["Bouncing Flask","Sucker Punch"],"picked":"Dodge and Roll","floor":6.0},{"not_picked":["Concentrate","Poisoned Stab"],"picked":"Blur","floor":8.0},{"not_picked":["Poisoned Stab","Prepared"],"picked":"Outmaneuver","floor":11.0},{"not_picked":["Flying Knee","Reflex"],"picked":"Accuracy","floor":13.0},{"not_picked":["Wraith Form v2","Venomology"],"picked":"Night Terror","floor":16.0},{"not_picked":["Outmaneuver+1","Quick Slash"],"picked":"Terror","floor":18},{"not_picked":["Tactician+1","Skewer"],"picked":"Blade Dance","floor":19},{"not_picked":["Dagger Throw","A Thousand Cuts","Sucker Punch"],"picked":"SKIP","floor":20},{"not_picked":["Underhanded Strike","Catalyst"],"picked":"Footwork","floor":22},{"not_picked":["Dodge and Roll","Phantasmal Killer"],"picked":"Malaise","floor":23},{"not_picked":["Noxious Fumes","Blur"],"picked":"Dodge and Roll","floor":25},{"not_picked":["Prepared","Dagger Spray+1"],"picked":"Blade Dance","floor":27},{"not_picked":["Acrobatics","Outmaneuver","Bane"],"picked":"SKIP","floor":28},{"not_picked":["Skewer+1","Acrobatics","Riddle With Holes"],"picked":"SKIP","floor":30},{"not_picked":["Quick Slash","Masterful Stab","Deflect+1"],"picked":"SKIP","floor":31}],"player_experience":310005,"relics_obtained":[{"floor":6.0,"key":"Bottled Flame"},{"floor":9.0,"key":"Happy Flower"},{"floor":22,"key":"Red Mask"},{"floor":23,"key":"Orichalcum"},{"floor":25,"key":"Anchor"},{"floor":26,"key":"Strawberry"}],"event_choices":[{"event_name":"The Woman in Blue","player_choice":"Bought 3 Potions","floor":2.0,"damage_taken":0.0},{"event_name":"Golden Idol","player_choice":"Take Damage","floor":3.0,"damage_taken":0.0},{"event_name":"Scrap Ooze","player_choice":"success","floor":5.0,"damage_taken":3.0},{"event_name":"FaceTrader","player_choice":"Trade","floor":12.0,"damage_taken":0.0},{"event_name":"The Cleric","player_choice":"Card Removal","floor":14.0,"damage_taken":0.0},{"event_name":"Masked Bandits","player_choice":"Fought Bandits","floor":22,"damage_taken":0},{"event_name":"Addict","player_choice":"Obtained Relic","floor":29,"damage_taken":0}],"is_beta":false,"boss_relics":[{"not_picked":["Snecko Eye","Orrery"],"picked":"WristBlade"}],"items_purged_floors":[21],"is_endless":false,"potions_floor_spawned":[4,6,13,16,18,20,27,28],"killed_by":"Collector","ascension_level":8}