{"gold_per_floor":[18,18,18,18,18,18,39,78,105,105,105,123,48,48],"floor_reached":14,"playtime":929,"items_purged":["Defend_G"],"score":86,"play_id":"4902da28-741e-4199-a61b-0b7a7379845a","local_time":"20190119150721","is_ascension_mode":false,"campfire_choices":[{"data":"Tools of the Trade","floor":10,"key":"SMITH"}],"neow_cost":"NO_GOLD","seed_source_timestamp":13939803380057,"circlet_count":0,"master_deck":["Defend_G","Defend_G","Defend_G","Defend_G","Strike_G","Strike_G","Strike_G","Strike_G","Survivor","Neutralize","Blur","Tools of the Trade+1","Backstab","Deadly Poison"],"relics":["Ring of the Snake","Ginger","Golden Idol","Kunai","Regal Pillow"],"potions_floor_usage":[8],"damage_taken":[{"damage":2,"enemies":"Cultist","floor":1,"turns":5},{"damage":0,"enemies":"Small Slimes","floor":7,"turns":4},{"damage":36,"enemies":"3 Sentries","floor":8,"turns":14},{"damage":0,"enemies":"Jaw Worm","floor":12,"turns":5},{"damage":21,"enemies":"Gremlin Nob","floor":14,"turns":5}],"seed_played":"2540477049388295518","potions_obtained":[{"floor":1,"key":"Explosive Potion"}],"is_trial":false,"path_per_floor":["M","$","?","$","?","?","M","E","T","R","?","M","$","E"],"character_chosen":"THE_SILENT","items_purchased":[],"campfire_rested":0,"item_purchase_floors":[],"current_hp_per_floor":[68,68,68,68,51,56,56,20,20,20,20,20,20,0],"gold":48,"neow_bonus":"ONE_RARE_RELIC","is_prod":false,"is_daily":false,"chose_seed":false,"campfire_upgraded":1,"win_rate":0.0,"timestamp":1547906841,"path_taken":["M","$","?","$","?","?","M","E","T","R","?","M","?","E"],"build_version":"2019-01-17v2","purchased_purges":1,"victory":false,"max_hp_per_floor":[70,70,70,70,70,75,75,75,75,75,75,75,75,75],"card_choices":[{"not_picked":["Choke","Distraction"],"picked":"Blur","floor":1},{"not_picked":["Dodge and Roll","Dagger Throw","Underhanded Strike"],"picked":"SKIP","floor":7},{"not_picked":["Skewer","Leg Sweep"],"picked":"Tools of the Trade","floor":8},{"not_picked":["Prepared","Slice"],"picked":"Deadly Poison","floor":12}],"player_experience":16519,"relics_obtained":[{"floor":8,"key":"Kunai"},{"floor":9,"key":"Regal Pillow"}],"event_choices":[{"damage_healed":0,"gold_gain":0,"player_choice":"Leave","damage_taken":0,"max_hp_gain":0,"max_hp_loss":0,"event_name":"The Cleric","floor":3,"gold_loss":0},{"damage_healed":0,"gold_gain":0,"player_choice":"Take Damage","damage_taken":17,"relics_obtained":["Golden Idol"],"max_hp_gain":0,"max_hp_loss":0,"event_name":"Golden Idol","floor":5,"gold_loss":0},{"damage_healed":0,"gold_gain":0,"player_choice":"Donut","damage_taken":0,"max_hp_gain":5,"max_hp_loss":0,"event_name":"Big Fish","floor":6,"gold_loss":0},{"damage_healed":0,"gold_gain":0,"cards_transformed":["Strike_G"],"player_choice":"Change","damage_taken":0,"max_hp_gain":0,"max_hp_loss":0,"event_name":"Living Wall","floor":11,"gold_loss":0,"cards_obtained":["Backstab"]}],"is_beta":false,"boss_relics":[],"items_purged_floors":[13],"is_endless":false,"potions_floor_spawned":[1],"killed_by":"Gremlin Nob","ascension_level":0}