{"gold_per_floor":[10,10,23,33,33,33,68,86,86,86,97,110,125,154,154,250,250,268,268,268,55,74,103,103,128,128,128,139,139],"floor_reached":29,"playtime":2732,"items_purged":["Strike_B"],"score":289,"play_id":"691a4e1c-89f1-4bef-ba55-fe6f49cf6aad","local_time":"20180715005211","is_ascension_mode":true,"campfire_choices":[{"data":"Chaos","floor":6,"key":"SMITH"},{"data":"Zap","floor":15,"key":"SMITH"},{"data":"Genetic Algorithm","floor":24,"key":"SMITH"},{"data":"Consume","floor":27,"key":"SMITH"}],"neow_cost":"NO_GOLD","seed_source_timestamp":12218376106814,"circlet_count":0,"master_deck":["Strike_B","Defend_B","Defend_B","Zap+1","Reinforced Body","Consume+1","Chaos+1","Cold Snap","Conserve Battery","Chill","Tempest","Static Discharge+1","Buffer+1","Self Repair+1","Genetic Algorithm+1","Loop+1","Echo Form+1","Conserve Battery+1"],"relics":["Cracked Core","Question Card","Frozen Egg 2","Dodecahedron","Inserter","Anchor","Mercury Hourglass","Ornamental Fan"],"potions_floor_usage":[16,16,18,23,25,29],"damage_taken":[{"damage":4,"enemies":"2 Louse","floor":1,"turns":4},{"damage":1,"enemies":"Jaw Worm","floor":3,"turns":4},{"damage":1,"enemies":"Cultist","floor":4,"turns":4},{"damage":9,"enemies":"Lagavulin","floor":7,"turns":8},{"damage":1,"enemies":"Looter","floor":8,"turns":3},{"damage":7,"enemies":"Lots of Slimes","floor":11,"turns":5},{"damage":0,"enemies":"3 Louse","floor":12,"turns":3},{"damage":5,"enemies":"Gremlin Gang","floor":13,"turns":4},{"damage":11,"enemies":"Gremlin Nob","floor":14,"turns":4},{"damage":26,"enemies":"Slime Boss","floor":16,"turns":9},{"damage":11,"enemies":"Shell Parasite","floor":18,"turns":4},{"damage":19,"enemies":"Chosen","floor":22,"turns":5},{"damage":17,"enemies":"Book of Stabbing","floor":23,"turns":6},{"damage":21,"enemies":"Gremlin Leader","floor":25,"turns":7},{"damage":9,"enemies":"Snake Plant","floor":28,"turns":5},{"damage":37,"enemies":"Slavers","floor":29,"turns":4}],"seed_played":"2785382508724917884","potions_obtained":[{"floor":3,"key":"SpeedPotion"},{"floor":11,"key":"FocusPotion"},{"floor":12,"key":"Dexterity Potion"},{"floor":22,"key":"SpeedPotion"},{"floor":23,"key":"Weak Potion"},{"floor":28,"key":"Explosive Potion"}],"is_trial":false,"path_per_floor":["M","?","M","M","?","R","E","M","T","?","M","M","M","E","R","B",null,"M","?","?","$","M","E","R","E","T","R","M"],"character_chosen":"DEFECT","items_purchased":["Genetic Algorithm","Loop+1"],"campfire_rested":0,"item_purchase_floors":[21,21],"current_hp_per_floor":[71,71,70,69,69,69,60,59,59,52,45,45,40,29,29,3,75,64,64,64,64,55,48,48,37,37,37,28,0],"gold":139,"neow_bonus":"REMOVE_TWO","is_prod":false,"is_daily":false,"chose_seed":false,"campfire_upgraded":4,"win_rate":0,"timestamp":1531608731,"path_taken":["M","?","M","M","?","R","E","?","T","?","M","M","M","E","R","BOSS","M","?","?","?","M","E","R","E","T","R","M","E"],"build_version":"2018-07-12","purchased_purges":1,"victory":false,"max_hp_per_floor":[75,75,75,75,75,75,75,75,75,75,75,75,75,75,75,75,75,75,75,75,75,75,75,75,75,75,75,75,75],"card_choices":[{"not_picked":["Leap","Barrage"],"picked":"Reinforced Body","floor":1},{"not_picked":["Beam Cell","Hologram"],"picked":"Chaos","floor":3},{"not_picked":["Go for the Eyes","Scrape"],"picked":"Cold Snap","floor":4},{"not_picked":["All For One","Compile Driver","Skim"],"picked":"SKIP","floor":7},{"not_picked":["Glacier","Storm","Cold Snap"],"picked":"Conserve Battery","floor":8},{"not_picked":["Leap","Stack","Redo"],"picked":"Chill","floor":11},{"not_picked":["Steam","Glacier","Thunder Strike"],"picked":"Tempest","floor":12},{"not_picked":["Steam","Aggregate","Cold Snap","Auto Shields"],"picked":"SKIP","floor":13},{"not_picked":["Buffer+1","Cold Snap","Sunder"],"picked":"Static Discharge+1","floor":14},{"not_picked":["Echo Form+1","Seek","Amplify"],"picked":"Buffer+1","floor":16},{"not_picked":["Rebound+1","Barrage","Go for the Eyes","Steam"],"picked":"SKIP","floor":18},{"not_picked":["Lockon","Rebound","Turbo","Sweeping Beam"],"picked":"SKIP","floor":22},{"not_picked":["Darkness","Sunder+1","Stack","Cold Snap"],"picked":"SKIP","floor":23},{"not_picked":["Beam Cell","Sweeping Beam+1","Gash"],"picked":"Echo Form+1","floor":25},{"not_picked":["Hello World+1","Streamline","Tempest"],"picked":"Conserve Battery+1","floor":28}],"player_experience":105313,"relics_obtained":[{"floor":7,"key":"Question Card"},{"floor":9,"key":"Frozen Egg 2"},{"floor":14,"key":"Dodecahedron"},{"floor":23,"key":"Anchor"},{"floor":25,"key":"Mercury Hourglass"},{"floor":26,"key":"Ornamental Fan"}],"event_choices":[{"event_name":"Living Wall","player_choice":"Change","floor":2,"damage_taken":0},{"event_name":"Purifier","player_choice":"One Purge","floor":5,"damage_taken":0},{"event_name":"Golden Wing","player_choice":"Card Removal","floor":10,"damage_taken":0},{"event_name":"The Library","player_choice":"Read","floor":19,"damage_taken":0},{"event_name":"Cursed Tome","player_choice":"Ignored","floor":20,"damage_taken":0}],"boss_relics":[{"not_picked":["Philosopher\u0027s Stone","Velvet Choker"],"picked":"Inserter"}],"items_purged_floors":[21],"is_endless":false,"potions_floor_spawned":[3,11,12,14,22,23,28],"killed_by":"Slavers","ascension_level":1}