{"gold_per_floor":[109,109,60,77,91,118,118,153,153,153,10,285,320,174,174,278,278,298,317,328,328,345,372,176,176,258,292,292,321,321,351,351,453,453,463,363,463,479,34,69,69,100,100,113,113,139,139,139,139,139,139,139,13,38,38],"floor_reached":55,"playtime":4588,"items_purged":["Regret","Strike_R","Strike_R"],"score":1368,"play_id":"104142ee-f054-47d6-afbc-05fc4fb4236a","local_time":"20190204174252","is_ascension_mode":true,"campfire_choices":[{"data":"Hemokinesis","floor":7,"key":"SMITH"},{"floor":10,"key":"REST"},{"floor":15,"key":"REST"},{"floor":25,"key":"REST"},{"data":"Juggernaut","floor":28,"key":"SMITH"},{"data":"Metallicize","floor":30,"key":"SMITH"},{"data":"Metallicize","floor":32,"key":"SMITH"},{"floor":41,"key":"DIG"},{"floor":47,"key":"RECALL"},{"floor":49,"key":"DIG"},{"floor":52,"key":"DIG"}],"neow_cost":"NONE","seed_source_timestamp":448538716395200,"circlet_count":0,"master_deck":["AscendersBane","Strike_R+1","Defend_R","Defend_R","Defend_R+1","Defend_R","Bash","Headbutt","Clothesline","Hemokinesis+1","Disarm","Shrug It Off+1","Immolate","Brutality","Metallicize+1","Exhume+1","Shockwave+1","Shrug It Off+1","Shockwave+1","Armaments+1","Juggernaut+1","Metallicize+1","Shrug It Off+1","Shrug It Off+1","Disarm+1","Impervious+1","Flame Barrier+1","Rampage+1","Spot Weakness+1","Heavy Blade","Barricade","Mayhem","Impervious+1","Exhume+1"],"relics":["Burning Blood","NeowsBlessing","Singing Bowl","Gremlin Horn","Mummified Hand","Toxic Egg 2","Snecko Eye","Lantern","The Courier","Pen Nib","Incense Burner","War Paint","Empty Cage","Shovel","PreservedInsect","Mercury Hourglass","Mango","Smiling Mask","Bag of Marbles","Self Forming Clay","Happy Flower","Whetstone","Blue Candle","Kunai"],"potions_floor_usage":[13,16,33,37,37,50,50],"damage_taken":[{"damage":0,"enemies":"Jaw Worm","floor":1,"turns":1},{"damage":0,"enemies":"Cultist","floor":4,"turns":1},{"damage":0,"enemies":"Small Slimes","floor":5,"turns":1},{"damage":57,"enemies":"Lagavulin","floor":6,"turns":9},{"damage":10,"enemies":"Gremlin Nob","floor":8,"turns":3},{"damage":46,"enemies":"Lagavulin","floor":13,"turns":4},{"damage":30,"enemies":"The Guardian","floor":16,"turns":12},{"damage":10,"enemies":"Chosen","floor":18,"turns":5},{"damage":10,"enemies":"2 Thieves","floor":19,"turns":2},{"damage":6,"enemies":"3 Cultists","floor":20,"turns":4},{"damage":6,"enemies":"Cultist and Chosen","floor":22,"turns":5},{"damage":43,"enemies":"Book of Stabbing","floor":23,"turns":7},{"damage":6,"enemies":"Gremlin Leader","floor":27,"turns":5},{"damage":6,"enemies":"Book of Stabbing","floor":29,"turns":6},{"damage":0,"enemies":"Gremlin Leader","floor":31,"turns":3},{"damage":18,"enemies":"Collector","floor":33,"turns":10},{"damage":3,"enemies":"Orb Walker","floor":35,"turns":5},{"damage":1,"enemies":"Mind Bloom Boss Battle","floor":37,"turns":10},{"damage":2,"enemies":"3 Shapes","floor":38,"turns":4},{"damage":15,"enemies":"Giant Head","floor":40,"turns":9},{"damage":28,"enemies":"Nemesis","floor":42,"turns":3},{"damage":1,"enemies":"Spire Growth","floor":44,"turns":5},{"damage":6,"enemies":"Giant Head","floor":46,"turns":7},{"damage":32,"enemies":"Donu and Deca","floor":50,"turns":8},{"damage":27,"enemies":"Shield and Spear","floor":54,"turns":6},{"damage":78,"enemies":"The Heart","floor":55,"turns":6}],"seed_played":"-6348914035301449680","potions_obtained":[{"floor":1,"key":"Strength Potion"},{"floor":5,"key":"FearPotion"},{"floor":13,"key":"PowerPotion"},{"floor":18,"key":"Block Potion"},{"floor":19,"key":"Block Potion"},{"floor":31,"key":"Strength Potion"},{"floor":33,"key":"LiquidBronze"},{"floor":40,"key":"AttackPotion"},{"floor":46,"key":"Explosive Potion"}],"is_trial":false,"path_per_floor":["M","?","$","M","M","E","R","E","T","R","$","?","E","$","R","B",null,"M","M","M","?","M","E","$","R","T","E","R","E","R","E","R","B",null,"M","$","?","M","$","E","R","E","T","M","?","E","R","?","R","B",null,"R","$","E","B"],"character_chosen":"IRONCLAD","items_purchased":["Clothesline","Immolate","Metallicize","Metallicize","Shrug It Off+1","PreservedInsect","Mercury Hourglass","Rampage","Spot Weakness+1","Heavy Blade","Impervious+1"],"campfire_rested":3,"item_purchase_floors":[3,11,14,24,24,39,39,39,39,39,53],"current_hp_per_floor":[78,78,78,82,82,31,31,27,27,51,51,51,11,11,35,11,64,60,58,58,58,58,21,21,46,46,46,46,48,48,54,54,42,75,78,78,85,90,90,95,95,75,75,82,82,84,84,84,84,58,97,97,97,76,0],"gold":38,"neow_bonus":"THREE_ENEMY_KILL","is_prod":false,"is_daily":false,"chose_seed":false,"campfire_upgraded":4,"win_rate":0,"timestamp":1549273372,"path_taken":["M","?","?","?","M","E","R","E","T","R","?","?","E","$","R","BOSS","M","M","?","?","M","E","$","R","T","E","R","E","R","E","R","BOSS","M","$","?","M","$","E","R","E","T","M","?","E","R","?","R","BOSS","R","$","E","BOSS"],"build_version":"2019-01-23","purchased_purges":3,"victory":false,"max_hp_per_floor":[80,80,80,82,82,82,82,82,82,82,82,82,82,82,82,82,82,82,84,84,84,84,84,84,84,84,84,84,86,86,86,86,86,86,86,86,88,90,90,104,104,106,106,108,108,110,110,110,110,110,110,110,110,110,110],"card_choices":[{"not_picked":["Evolve","Heavy Blade"],"picked":"Headbutt","floor":1},{"not_picked":["Power Through","Burning Pact","Bloodletting"],"picked":"Singing Bowl","floor":4},{"not_picked":["Cleave","Blood for Blood"],"picked":"Hemokinesis","floor":5},{"not_picked":["Rage","Clash"],"picked":"Disarm","floor":6},{"not_picked":["Anger","Warcry"],"picked":"Shrug It Off","floor":8},{"not_picked":["True Grit","Pommel Strike"],"picked":"Brutality","floor":13},{"not_picked":["Brutality","Offering+1"],"picked":"Exhume+1","floor":16},{"not_picked":["Havoc+1","Headbutt+1"],"picked":"Shockwave+1","floor":18},{"not_picked":["Flex+1","Pommel Strike+1","Pummel"],"picked":"Singing Bowl","floor":19},{"not_picked":["Corruption","Clothesline+1"],"picked":"Shrug It Off+1","floor":20},{"not_picked":["Pommel Strike+1","Flex+1"],"picked":"Armaments+1","floor":22},{"not_picked":["True Grit+1","Battle Trance+1"],"picked":"Juggernaut","floor":23},{"not_picked":["Power Through+1","Berserk"],"picked":"Shrug It Off+1","floor":27},{"not_picked":["Battle Trance+1","Warcry+1","Dual Wield+1"],"picked":"Singing Bowl","floor":29},{"not_picked":["Feel No Pain","Twin Strike"],"picked":"Disarm+1","floor":31},{"not_picked":["Immolate","Exhume+1"],"picked":"Impervious+1","floor":33},{"not_picked":["Havoc+1","Pommel Strike"],"picked":"Flame Barrier+1","floor":35},{"not_picked":["Flex+1","Shrug It Off+1","Carnage"],"picked":"Singing Bowl","floor":37},{"not_picked":["Shrug It Off+1","Uppercut","Pommel Strike+1"],"picked":"Singing Bowl","floor":38},{"not_picked":["Pummel","Sword Boomerang+1"],"picked":"Barricade","floor":40},{"not_picked":["Headbutt+1","Thunderclap","Pummel"],"picked":"Singing Bowl","floor":42},{"not_picked":["Headbutt","Twin Strike+1","Thunderclap+1"],"picked":"Singing Bowl","floor":44},{"not_picked":["Impatience+1","Finesse+1"],"picked":"Mayhem","floor":45},{"not_picked":["Armaments+1","Clothesline+1","Flex+1"],"picked":"Singing Bowl","floor":46},{"not_picked":["Berserk","Rampage"],"picked":"Exhume+1","floor":54}],"player_experience":300770,"relics_obtained":[{"floor":6,"key":"Gremlin Horn"},{"floor":8,"key":"Mummified Hand"},{"floor":13,"key":"Toxic Egg 2"},{"floor":23,"key":"Lantern"},{"floor":26,"key":"The Courier"},{"floor":27,"key":"Pen Nib"},{"floor":29,"key":"Incense Burner"},{"floor":31,"key":"War Paint"},{"floor":37,"key":"Shovel"},{"floor":40,"key":"Mango"},{"floor":41,"key":"Smiling Mask"},{"floor":42,"key":"Bag of Marbles"},{"floor":43,"key":"Self Forming Clay"},{"floor":46,"key":"Happy Flower"},{"floor":49,"key":"Whetstone"},{"floor":52,"key":"Blue Candle"},{"floor":54,"key":"Kunai"}],"event_choices":[{"damage_healed":0,"gold_gain":0,"player_choice":"Gave Potion","damage_taken":0,"relics_obtained":["Singing Bowl"],"max_hp_gain":0,"max_hp_loss":0,"event_name":"WeMeetAgain","floor":2,"gold_loss":0},{"damage_healed":0,"gold_gain":275,"player_choice":"Desecrate","damage_taken":0,"max_hp_gain":0,"max_hp_loss":0,"event_name":"Golden Shrine","floor":12,"gold_loss":0,"cards_obtained":["Regret"]},{"damage_healed":0,"gold_gain":0,"player_choice":"Read","damage_taken":0,"max_hp_gain":0,"max_hp_loss":0,"event_name":"The Library","floor":21,"gold_loss":0,"cards_obtained":["Shockwave"]},{"damage_healed":0,"gold_gain":0,"player_choice":"Fight","damage_taken":0,"max_hp_gain":0,"max_hp_loss":0,"event_name":"MindBloom","floor":37,"gold_loss":0},{"damage_healed":0,"gold_gain":0,"player_choice":"Memory 1","damage_taken":0,"max_hp_gain":0,"max_hp_loss":0,"event_name":"SensoryStone","floor":45,"gold_loss":0},{"damage_healed":0,"gold_gain":0,"player_choice":"Ignored","damage_taken":0,"max_hp_gain":0,"max_hp_loss":0,"event_name":"Mysterious Sphere","floor":48,"gold_loss":0}],"is_beta":false,"boss_relics":[{"not_picked":["Eternal Feather","Runic Cube"],"picked":"Snecko Eye"},{"not_picked":["Calling Bell","Pandora\u0027s Box"],"picked":"Empty Cage"}],"items_purged_floors":[14,24,36],"is_endless":false,"potions_floor_spawned":[1,5,13,18,19,31,33,40,46],"killed_by":"The Heart","ascension_level":10}