{"gold_per_floor":[115,135,147,45,45,72,72,72,72,72,83,33,67,67,67,164,164,178,227,147,147,161,161,193,193,193,212,230,230,230],"floor_reached":30,"playtime":1833,"items_purged":[],"score":376,"play_id":"c5f9f691-f696-403e-a2b8-b8602b09124b","local_time":"20190215122341","is_ascension_mode":true,"campfire_choices":[{"data":"Defragment","floor":7,"key":"SMITH"},{"data":"Electrodynamics","floor":10,"key":"SMITH"},{"floor":15,"key":"REST"},{"data":"Loop","floor":23,"key":"SMITH"},{"data":"Biased Cognition","floor":25,"key":"SMITH"},{"data":"Coolheaded","floor":29,"key":"SMITH"}],"neow_cost":"PERCENT_DAMAGE","seed_source_timestamp":193625737939729,"circlet_count":0,"master_deck":["Defend_B","Defend_B","Defend_B","Defend_B","Zap","Dualcast","Cold Snap","Hologram","Electrodynamics+1","Defragment+1","Sunder","Steam","Electrodynamics","FTL","Loop+1","Amplify","Coolheaded+1","Loop+1","Consume","Chill","Redo+1","Biased Cognition+1","Self Repair"],"relics":["Cracked Core","Blue Candle","Sundial","Strawberry","Nuclear Battery","Orichalcum","Juzu Bracelet","Bottled Tornado"],"potions_floor_usage":[6,13,13,27],"damage_taken":[{"damage":0,"enemies":"Cultist","floor":1,"turns":3},{"damage":5,"enemies":"Jaw Worm","floor":2,"turns":3},{"damage":16,"enemies":"Small Slimes","floor":3,"turns":3},{"damage":26,"enemies":"Gremlin Nob","floor":6,"turns":5},{"damage":7,"enemies":"Blue Slaver","floor":11,"turns":3},{"damage":0,"enemies":"3 Sentries","floor":13,"turns":1},{"damage":8,"enemies":"The Guardian","floor":16,"turns":7},{"damage":2,"enemies":"Spheric Guardian","floor":18,"turns":3},{"damage":2,"enemies":"Shell Parasite","floor":22,"turns":6},{"damage":20,"enemies":"Slavers","floor":24,"turns":2},{"damage":18,"enemies":"Snake Plant","floor":27,"turns":5},{"damage":7,"enemies":"Snecko","floor":28,"turns":5},{"damage":35,"enemies":"Book of Stabbing","floor":30,"turns":7}],"seed_played":"7524708059950943327","potions_obtained":[{"floor":2,"key":"Dexterity Potion"},{"floor":6,"key":"EssenceOfSteel"},{"floor":11,"key":"Energy Potion"},{"floor":13,"key":"SneckoOil"},{"floor":18,"key":"Ancient Potion"},{"floor":27,"key":"LiquidBronze"}],"is_trial":false,"path_per_floor":["?","M","?","?","T","?"],"character_chosen":"DEFECT","items_purchased":["Defragment","Sunder","Loop"],"campfire_rested":1,"item_purchase_floors":[4,4,20],"current_hp_per_floor":[68,63,47,47,47,21,21,21,21,21,14,14,21,21,49,41,82,80,80,80,80,78,78,58,58,58,40,33,33,0],"gold":230,"neow_bonus":"TWENTY_PERCENT_HP_BONUS","is_prod":false,"is_daily":false,"chose_seed":false,"campfire_upgraded":5,"win_rate":0,"timestamp":1550229821,"path_taken":["M","M","M","$","?","E","R","$","T","R","?","?","E","?","R","BOSS","M","?","$","?","M","R","E","R","T","M","M","R","E"],"build_version":"2019-01-23","purchased_purges":0,"victory":false,"max_hp_per_floor":[89,89,89,89,89,89,89,89,89,89,89,89,96,96,96,96,96,96,96,96,96,96,96,96,96,96,96,96,96,96],"card_choices":[{"not_picked":["Stack","Beam Cell"],"picked":"Cold Snap","floor":1},{"not_picked":["Darkness","Stack"],"picked":"Hologram","floor":2},{"not_picked":["Compile Driver","Barrage"],"picked":"Electrodynamics","floor":3},{"not_picked":["Hologram","Barrage"],"picked":"Electrodynamics","floor":6},{"not_picked":["Steam","Turbo"],"picked":"FTL","floor":11},{"not_picked":["Steam","Go for the Eyes"],"picked":"Loop","floor":13},{"not_picked":["Core Surge","Thunder Strike"],"picked":"Amplify","floor":16},{"not_picked":["Ball Lightning+1","Sweeping Beam"],"picked":"Coolheaded","floor":18},{"not_picked":["Rebound","Doom and Gloom"],"picked":"Redo+1","floor":22},{"not_picked":["Tempest","Streamline"],"picked":"Biased Cognition","floor":24},{"not_picked":["Ball Lightning+1","Auto Shields","Recycle+1"],"picked":"SKIP","floor":27},{"not_picked":["Double Energy","Tempest"],"picked":"Self Repair","floor":28}],"player_experience":164132,"relics_obtained":[{"floor":6,"key":"Blue Candle"},{"floor":9,"key":"Sundial"},{"floor":13,"key":"Strawberry"},{"floor":19,"key":"Orichalcum"},{"floor":24,"key":"Juzu Bracelet"},{"floor":26,"key":"Bottled Tornado"}],"event_choices":[{"damage_healed":0,"gold_gain":0,"cards_transformed":["Strike_B"],"player_choice":"Transformed","damage_taken":0,"max_hp_gain":0,"max_hp_loss":0,"event_name":"Transmorgrifier","floor":5,"gold_loss":0,"cards_obtained":["Steam"]},{"cards_removed":["Strike_B"],"damage_healed":0,"gold_gain":0,"player_choice":"Card Removal","damage_taken":0,"max_hp_gain":0,"max_hp_loss":0,"event_name":"The Cleric","floor":12,"gold_loss":50},{"damage_healed":0,"gold_gain":0,"player_choice":"Upgraded","damage_taken":0,"max_hp_gain":0,"max_hp_loss":0,"event_name":"Upgrade Shrine","floor":14,"gold_loss":0,"cards_upgraded":["Loop"]},{"damage_healed":0,"gold_gain":0,"cards_transformed":["Strike_B","Strike_B"],"player_choice":"Became Test Subject","damage_taken":0,"max_hp_gain":0,"max_hp_loss":0,"event_name":"Drug Dealer","floor":21,"gold_loss":0,"cards_obtained":["Consume","Chill"]}],"is_beta":false,"boss_relics":[{"not_picked":["White Beast Statue","Empty Cage"],"picked":"Nuclear Battery"}],"items_purged_floors":[],"is_endless":false,"potions_floor_spawned":[2,6,11,13,18,27],"killed_by":"Book of Stabbing","ascension_level":5}