{"path_per_floor":["M","M","$","M","?","R","M","$","T","M","M","M","T","T","R","B",null,"M","?","M","$","?","E","R","M","T","R","?","?","R","M","R","B",null,"M","?","?","?","M","R","M","M","T","$","E","R","M","?","R","B"],"character_chosen":"DEFECT","items_purchased":["Capacitor","Defragment","Barrage","Mummified Hand"],"gold_per_floor":[110,130,82,97,272,272,283,183,183,195,209,226,226,301,301,404,404,404,404,329,78,78,78,78,78,78,78,78,3,3,3,3,3,3,3,3,3,3,3,3,3,3,3,3,3,3,3,0,0,0],"floor_reached":51,"campfire_rested":2,"playtime":2063,"current_hp_per_floor":[74,75,75,68,68,68,61,61,61,50,50,59,59,59,59,38,75,74,74,41,41,41,25,47,31,31,31,56,56,56,61,61,47,75,66,66,57,57,70,70,54,57,57,57,82,82,65,65,82,50],"items_purged":[],"gold":0,"score":762,"play_id":"6bce5b6f-c3e5-41ef-8f0d-263c26372a8d","local_time":"20180430105515","is_prod":false,"is_daily":false,"chose_seed":false,"is_ascension_mode":false,"campfire_upgraded":7,"timestamp":1525049715,"path_taken":["M","M","$","?","?","R","M","$","T","M","M","M","?","?","R","BOSS","M","?","?","$","?","E","R","M","T","R","?","?","R","?","R","BOSS","M","?","?","?","?","R","M","M","T","$","E","R","M","?","R","BOSS"],"build_version":"2018-04-27v3","seed_source_timestamp":168558423822091,"purchased_purges":0,"victory":true,"master_deck":["Strike_B","Strike_B","Strike_B","Defend_B","Defend_B","Defend_B","Defend_B","Zap","Dualcast","Capacitor","Heatsinks+1","Capacitor+1","Capacitor","Doubt","White Noise","Defragment+1","Barrage","Capacitor","Ball Lightning","Biased Cognition+1","Leap","Ball Lightning","Barrage+1","Storm+1","Capacitor","Redo","Cold Snap+1","Magnetism+1","Madness","Madness","Machine Learning+1","Genetic Algorithm","Nova","Cold Snap+1","White Noise+1"],"max_hp_per_floor":[75,75,75,75,75,75,75,75,75,75,75,75,75,75,75,75,75,75,75,75,75,75,75,75,75,75,75,75,75,75,75,75,75,75,75,75,75,75,75,75,75,75,75,75,82,82,82,82,82,82],"relics":["Cracked Core","Bird Faced Urn","Dodecahedron","Mercury Hourglass","Question Card","Ectoplasm","Mummified Hand","Centennial Puzzle","Dream Catcher","Nuclear Battery","Juzu Bracelet","Strawberry","Red Mask"],"card_choices":[{"not_picked":["Reinforced Body","Tempest"],"picked":"Capacitor","floor":1},{"not_picked":["Ball Lightning","Cold Snap"],"picked":"Heatsinks","floor":2},{"not_picked":["Sweeping Beam","Loop"],"picked":"Capacitor","floor":4},{"not_picked":["Stack","Sweeping Beam"],"picked":"White Noise","floor":7},{"not_picked":["Stack","Reinforced Body"],"picked":"Capacitor","floor":11},{"not_picked":["Darkness","Beam Cell"],"picked":"Ball Lightning","floor":12},{"not_picked":["Thunder Strike","Fission","Reboot"],"picked":"Biased Cognition","floor":16},{"not_picked":["Beam Cell","Barrage","Coolheaded"],"picked":"Leap","floor":18},{"not_picked":["Coolheaded","Go for the Eyes","FTL"],"picked":"Ball Lightning","floor":20},{"not_picked":["Sunder","Rainbow","Chill"],"picked":"Barrage","floor":23},{"not_picked":["Hologram","Glacier","Axe Kick"],"picked":"Storm","floor":25},{"not_picked":["Streamline","Coolheaded","Chill"],"picked":"Capacitor","floor":31},{"not_picked":["Hyperbeam","Fusion","Rainbow"],"picked":"Redo","floor":33},{"not_picked":["Stack","Hologram","Sweeping Beam"],"picked":"Cold Snap","floor":35},{"not_picked":["Bandage Up","Master of Strategy","Dramatic Entrance"],"picked":"Magnetism","floor":36},{"not_picked":["Rip and Tear","Static Discharge","Gash"],"picked":"Machine Learning","floor":41},{"not_picked":["Capacitor","Heatsinks","Darkness"],"picked":"Genetic Algorithm","floor":42},{"not_picked":["Barrage","Tempest","Hello World"],"picked":"Nova","floor":45},{"not_picked":["Streamline","Scrape","Rebound"],"picked":"Cold Snap","floor":47},{"not_picked":["Force Field","FTL","Redo"],"picked":"White Noise","floor":49}],"player_experience":16191,"potions_floor_usage":[12,12,12,23],"damage_taken":[{"damage":1,"enemies":"Cultist","floor":1,"turns":3},{"damage":0,"enemies":"Small Slimes","floor":2,"turns":3},{"damage":7,"enemies":"2 Louse","floor":4,"turns":2},{"damage":11,"enemies":"Red Slaver","floor":7,"turns":4},{"damage":21,"enemies":"Blue Slaver","floor":10,"turns":4},{"damage":12,"enemies":"Exordium Wildlife","floor":11,"turns":4},{"damage":5,"enemies":"Large Slime","floor":12,"turns":6},{"damage":35,"enemies":"Slime Boss","floor":16,"turns":5},{"damage":1,"enemies":"Spheric Guardian","floor":18,"turns":2},{"damage":42,"enemies":"2 Thieves","floor":20,"turns":4},{"damage":32,"enemies":"Book of Stabbing","floor":23,"turns":5},{"damage":30,"enemies":"Snake Plant","floor":25,"turns":5},{"damage":7,"enemies":"Centurion and Healer","floor":31,"turns":3},{"damage":34,"enemies":"Automaton","floor":33,"turns":6},{"damage":21,"enemies":"Flame Bruiser 1 Orb","floor":35,"turns":4},{"damage":7,"enemies":"3 Shapes","floor":39,"turns":2},{"damage":30,"enemies":"Flame Bruiser 2 Orb","floor":41,"turns":3},{"damage":15,"enemies":"4 Shapes","floor":42,"turns":2},{"damage":3,"enemies":"Nemesis","floor":45,"turns":3},{"damage":25,"enemies":"Spire Growth","floor":47,"turns":3},{"damage":50,"enemies":"Time Eater","floor":50,"turns":6}],"event_choices":[{"event_name":"Liars Game","player_choice":"agreed","floor":5,"damage_taken":0},{"event_name":"Ghosts","player_choice":"Ignored","floor":19,"damage_taken":0},{"event_name":"Drug Dealer","player_choice":"Ignored","floor":22,"damage_taken":0},{"event_name":"The Library","player_choice":"Heal","floor":28,"damage_taken":0},{"event_name":"Beggar","player_choice":"Gave Gold","floor":29,"damage_taken":0},{"event_name":"SensoryStone","player_choice":"Memory 1","floor":36,"damage_taken":0},{"event_name":"Winding Halls","player_choice":"Embrace Madness","floor":37,"damage_taken":0},{"event_name":"Purifier","player_choice":"One Purge","floor":38,"damage_taken":0},{"event_name":"Tomb of Lord Red Mask","player_choice":"Paid","floor":48,"damage_taken":0}],"boss_relics":[{"not_picked":["Black Star","Inserter"],"picked":"Ectoplasm"},{"not_picked":["White Beast Statue","Calling Bell"],"picked":"Nuclear Battery"}],"potions_floor_spawned":[2,4,10,12,18,20,23,39,47],"seed_played":"6797867233881140409","ascension_level":0,"is_trial":false}