{"gold_per_floor":[112,62,62,137,152,177,194,194,194,220,237,237,162,190,190,291,291,305,334,354,152,152,187,286,315,339,370,382,421,453,390,402,516,528,556,617,639,227,227,227,262,262,262,297,310,17,45,45,45,45,45,45,23,56,56],"floor_reached":56,"playtime":4867,"items_purged":["Regret","Strike_B","Defend_B"],"score":1475,"play_id":"9c49e73d-8e41-44cc-a6c3-8b7a8f564867","local_time":"20190210133723","is_ascension_mode":false,"campfire_choices":[{"data":"Electrodynamics","floor":12,"key":"SMITH"},{"data":"Steam Power","floor":15,"key":"SMITH"},{"data":"Seek","floor":28,"key":"SMITH"},{"data":"Dualcast","floor":32,"key":"SMITH"},{"data":"Coolheaded","floor":40,"key":"SMITH"},{"data":"Zap","floor":42,"key":"SMITH"},{"floor":49,"key":"RECALL"},{"data":"Reboot","floor":52,"key":"SMITH"}],"neow_cost":"NONE","seed_source_timestamp":218613937613578,"circlet_count":0,"master_deck":["Defend_B","Defend_B","Defend_B","Zap+1","Dualcast+1","Conserve Battery","Steam Power+1","Electrodynamics+1","BootSequence","White Noise","Compile Driver","Defragment+1","Echo Form+1","Redo+1","Loop+1","Capacitor+1","Defragment+1","Storm+1","Conserve Battery","Seek+1","Loop+1","Buffer+1","Coolheaded+1","Steam Power+1","Defragment+1","Fusion+1","Hologram","Coolheaded+1","Reboot+1","Rebound","Skim+1"],"relics":["Cracked Core","NeowsBlessing","Mummified Hand","Dodecahedron","Ancient Tea Set","Bottled Tornado","Letter Opener","Frozen Egg 2","Sozu","Red Mask","DollysMirror","Meat on the Bone","Kunai","MawBank","Ice Cream","Coffee Dripper","Bird Faced Urn","Matryoshka","Bronze Scales","Smiling Mask","Ornamental Fan","Bag of Marbles","Bottled Lightning","Strawberry","Mango"],"potions_floor_usage":[16,16],"damage_taken":[{"damage":0,"enemies":"2 Louse","floor":1,"turns":1},{"damage":0,"enemies":"Small Slimes","floor":5,"turns":1},{"damage":3,"enemies":"Lagavulin","floor":6,"turns":2},{"damage":3,"enemies":"Jaw Worm","floor":7,"turns":3},{"damage":7,"enemies":"3 Sentries","floor":10,"turns":5},{"damage":0,"enemies":"Blue Slaver","floor":11,"turns":2},{"damage":11,"enemies":"Gremlin Nob","floor":14,"turns":3},{"damage":13,"enemies":"Hexaghost","floor":16,"turns":9},{"damage":0,"enemies":"Spheric Guardian","floor":18,"turns":3},{"damage":0,"enemies":"Masked Bandits","floor":19,"turns":2},{"damage":0,"enemies":"3 Byrds","floor":20,"turns":2},{"damage":22,"enemies":"Gremlin Leader","floor":23,"turns":4},{"damage":13,"enemies":"Book of Stabbing","floor":25,"turns":3},{"damage":0,"enemies":"Slavers","floor":27,"turns":1},{"damage":0,"enemies":"Gremlin Leader","floor":29,"turns":2},{"damage":0,"enemies":"3 Cultists","floor":30,"turns":2},{"damage":20,"enemies":"Automaton","floor":33,"turns":5},{"damage":1,"enemies":"Orb Walker","floor":35,"turns":2},{"damage":19,"enemies":"2 Orb Walkers","floor":36,"turns":3},{"damage":0,"enemies":"3 Shapes","floor":37,"turns":2},{"damage":20,"enemies":"Reptomancer","floor":41,"turns":4},{"damage":11,"enemies":"Nemesis","floor":44,"turns":3},{"damage":0,"enemies":"Jaw Worm Horde","floor":45,"turns":2},{"damage":0,"enemies":"Giant Head","floor":47,"turns":5},{"damage":30,"enemies":"Time Eater","floor":50,"turns":5},{"damage":0,"enemies":"Shield and Spear","floor":54,"turns":2},{"damage":82,"enemies":"The Heart","floor":55,"turns":6}],"seed_played":"5106882290974399192","potions_obtained":[{"floor":10,"key":"Poison Potion"},{"floor":11,"key":"SpeedPotion"},{"floor":16,"key":"SpeedPotion"}],"is_trial":false,"path_per_floor":["?","?","?","M","T","?","?","?","?","?","?","M","$"],"character_chosen":"DEFECT","items_purchased":["DollysMirror","Matryoshka","Defragment+1","Bottled Lightning","Rebound"],"campfire_rested":0,"item_purchase_floors":[21,38,38,46,53],"current_hp_per_floor":[75,75,75,64,64,61,58,58,58,51,51,51,51,40,40,27,75,75,75,75,75,75,53,53,40,40,40,40,40,40,40,40,32,75,74,55,63,63,63,63,61,61,61,72,75,75,82,82,82,64,82,82,82,96,40],"gold":56,"neow_bonus":"THREE_ENEMY_KILL","is_prod":false,"is_daily":false,"chose_seed":false,"campfire_upgraded":7,"win_rate":0.0,"timestamp":1549802243,"path_taken":["M","?","?","?","M","E","?","?","T","E","M","R","$","E","R","BOSS","M","?","M","$","?","E","?","E","T","E","R","E","M","?","R","BOSS","M","?","M","$","?","R","E","R","T","E","?","?","E","$","R","BOSS","R","$","E","BOSS"],"build_version":"2019-01-23","purchased_purges":3,"victory":true,"max_hp_per_floor":[75,75,75,75,75,75,75,75,75,75,75,75,75,75,75,75,75,75,75,75,75,75,75,75,75,75,75,75,75,75,75,75,75,75,75,75,75,75,75,75,75,75,75,75,75,75,82,82,82,82,82,82,82,96,96],"card_choices":[{"not_picked":["Turbo","BootSequence"],"picked":"Conserve Battery","floor":1},{"not_picked":["Rebound","Reprogram"],"picked":"Steam Power","floor":5},{"not_picked":["Meteor Strike","Conserve Battery"],"picked":"Electrodynamics","floor":6},{"not_picked":["Rebound","Lockon"],"picked":"BootSequence","floor":7},{"not_picked":["Thunder Strike","Aggregate"],"picked":"White Noise","floor":10},{"not_picked":["Gash","Melter"],"picked":"Compile Driver","floor":11},{"not_picked":["Scrape","Compile Driver"],"picked":"Defragment","floor":14},{"not_picked":["Machine Learning+1","Creative AI+1"],"picked":"Echo Form+1","floor":16},{"not_picked":["Sunder","Chaos"],"picked":"Redo+1","floor":18},{"not_picked":["Gash","Streamline"],"picked":"Loop+1","floor":19},{"not_picked":["Stack","Go for the Eyes"],"picked":"Capacitor+1","floor":20},{"not_picked":["Lockon","Stack"],"picked":"Storm+1","floor":23},{"not_picked":["Hologram","Compile Driver"],"picked":"Conserve Battery","floor":25},{"not_picked":["Fission","Compile Driver+1"],"picked":"Seek","floor":27},{"not_picked":["Coolheaded","Leap+1"],"picked":"Loop+1","floor":29},{"not_picked":["Leap+1","Turbo","Barrage"],"picked":"SKIP","floor":30},{"not_picked":["Machine Learning+1","Rainbow"],"picked":"Buffer+1","floor":33},{"not_picked":["Storm+1","Steam"],"picked":"Coolheaded","floor":35},{"not_picked":["Beam Cell+1","Tempest"],"picked":"Steam Power+1","floor":36},{"not_picked":["Beam Cell+1","Darkness+1","Stack+1"],"picked":"SKIP","floor":37},{"not_picked":["Streamline+1","Turbo+1"],"picked":"Fusion+1","floor":41},{"not_picked":["Leap+1","Ball Lightning"],"picked":"Hologram","floor":44},{"not_picked":["Consume","Rebound"],"picked":"Coolheaded+1","floor":45},{"not_picked":["Consume+1","Stack"],"picked":"Reboot","floor":47},{"not_picked":["Turbo","Barrage+1"],"picked":"Skim+1","floor":54}],"player_experience":55709,"relics_obtained":[{"floor":6,"key":"Dodecahedron"},{"floor":8,"key":"Ancient Tea Set"},{"floor":9,"key":"Bottled Tornado"},{"floor":10,"key":"Letter Opener"},{"floor":14,"key":"Frozen Egg 2"},{"floor":19,"key":"Red Mask"},{"floor":23,"key":"Meat on the Bone"},{"floor":25,"key":"Kunai"},{"floor":27,"key":"MawBank"},{"floor":29,"key":"Ice Cream"},{"floor":36,"key":"Bird Faced Urn"},{"floor":41,"key":"Bronze Scales"},{"floor":43,"key":"Smiling Mask"},{"floor":43,"key":"Ornamental Fan"},{"floor":44,"key":"Bag of Marbles"},{"floor":47,"key":"Strawberry"},{"floor":54,"key":"Mango"}],"event_choices":[{"cards_removed":["Strike_B"],"damage_healed":0,"gold_gain":0,"player_choice":"Card Removal","damage_taken":0,"max_hp_gain":0,"max_hp_loss":0,"event_name":"The Cleric","floor":2,"gold_loss":50},{"damage_healed":0,"gold_gain":0,"player_choice":"Box","damage_taken":0,"relics_obtained":["Mummified Hand"],"max_hp_gain":0,"max_hp_loss":0,"event_name":"Big Fish","floor":3,"gold_loss":0,"cards_obtained":["Regret"]},{"damage_healed":0,"gold_gain":75,"player_choice":"Gather Gold","damage_taken":11,"max_hp_gain":0,"max_hp_loss":0,"event_name":"World of Goop","floor":4,"gold_loss":0},{"damage_healed":0,"gold_gain":0,"player_choice":"Fought Bandits","damage_taken":0,"max_hp_gain":0,"max_hp_loss":0,"event_name":"Masked Bandits","floor":19,"gold_loss":0},{"cards_removed":["Strike_B"],"damage_healed":0,"gold_gain":0,"player_choice":"Elegance","damage_taken":0,"max_hp_gain":0,"max_hp_loss":0,"event_name":"Back to Basics","floor":22,"gold_loss":0},{"damage_healed":0,"gold_gain":99,"player_choice":"Stole From Cult","damage_taken":0,"max_hp_gain":0,"max_hp_loss":0,"event_name":"Nest","floor":24,"gold_loss":0},{"cards_removed":["Strike_B"],"damage_healed":0,"gold_gain":0,"player_choice":"Gave Gold","damage_taken":0,"max_hp_gain":0,"max_hp_loss":0,"event_name":"Beggar","floor":31,"gold_loss":75},{"damage_healed":0,"gold_gain":0,"player_choice":"Fight","damage_taken":0,"max_hp_gain":0,"max_hp_loss":0,"event_name":"Mysterious Sphere","floor":36,"gold_loss":0},{"damage_healed":0,"gold_gain":0,"player_choice":"Memory 1","damage_taken":0,"max_hp_gain":0,"max_hp_loss":0,"event_name":"SensoryStone","floor":39,"gold_loss":0}],"is_beta":false,"boss_relics":[{"not_picked":["Cursed Key","Ectoplasm"],"picked":"Sozu"},{"not_picked":["Velvet Choker","Snecko Eye"],"picked":"Coffee Dripper"}],"items_purged_floors":[13,38,46],"is_endless":false,"potions_floor_spawned":[10,11,16,23,25,27,33,36,41,44,54],"ascension_level":0}