{"gold_per_floor":[115,132,132,212,99,99,132,144,180,251,283,312,339,351,363,450,462,493,420,445,457],"floor_reached":21,"playtime":546,"items_purged":["Strike_B"],"score":364,"play_id":"b160e47e-22a9-478e-8960-147b45de49c3","local_time":"20190208154942","is_ascension_mode":true,"campfire_choices":[{"data":"Zap","floor":6.0,"key":"SMITH"},{"data":"Dualcast","floor":8.0,"key":"SMITH"},{"floor":15.0,"key":"REST"}],"neow_cost":"NONE","seed_source_timestamp":567624915252838,"circlet_count":0,"master_deck":["AscendersBane","Zap+1","Dualcast+1","Go for the Eyes","Gash","Chaos","Redo","Coolheaded","Conserve Battery","Cold Snap","Loop","Echo Form","Double Energy","Rip and Tear","Lockon","Self Repair","Chill","Auto Shields","White Noise","White Noise"],"special_seed":0,"relics":["Cracked Core","NeowsBlessing","Darkstone Periapt","MawBank","Vajra","Tiny Chest","Pandora\u0027s Box","Centennial Puzzle"],"potions_floor_usage":[21,21],"damage_taken":[{"damage":0.0,"enemies":"Jaw Worm","floor":1.0,"turns":1.0},{"damage":0.0,"enemies":"2 Louse","floor":2.0,"turns":1.0},{"damage":0.0,"enemies":"Gremlin Nob","floor":7.0,"turns":1.0},{"damage":26.0,"enemies":"Lagavulin","floor":10.0,"turns":8.0},{"damage":4.0,"enemies":"Small Slimes","floor":11.0,"turns":3.0},{"damage":4.0,"enemies":"Looter","floor":12.0,"turns":3.0},{"damage":13.0,"enemies":"Lots of Slimes","floor":13.0,"turns":4.0},{"damage":19,"enemies":"Slime Boss","floor":16,"turns":6},{"damage":26,"enemies":"Shell Parasite","floor":18,"turns":7},{"damage":9,"enemies":"Chosen","floor":20,"turns":5},{"damage":35,"enemies":"Masked Bandits","floor":21,"turns":3}],"seed_played":"6133760855893120857","potions_obtained":[{"floor":1.0,"key":"Strength Potion"},{"floor":7.0,"key":"SmokeBomb"},{"floor":11.0,"key":"GamblersBrew"},{"floor":12.0,"key":"Dexterity Potion"}],"is_trial":false,"path_per_floor":["M","M","?","T","$","R","E","R","T","E","M","M","M","?","R","B",null,"M","?","M","?"],"character_chosen":"DEFECT","items_purchased":["Chaos"],"campfire_rested":1,"item_purchase_floors":[5],"current_hp_per_floor":[64,64,57,57,57,57,57,57,57,31,27,23,10,10,31,12,56,37,37,35,0],"gold":457,"neow_bonus":"THREE_ENEMY_KILL","is_prod":false,"is_daily":false,"chose_seed":false,"campfire_upgraded":2,"win_rate":0,"timestamp":1549662582,"path_taken":["M","M","?","?","$","R","E","R","T","E","M","M","M","?","R","BOSS","M","?","M","?"],"build_version":"2019-01-23","purchased_purges":1,"victory":false,"max_hp_per_floor":[71,71,71,71,71,71,71,71,71,71,71,71,71,71,71,71,71,71,71,71,71],"card_choices":[{"not_picked":["Force Field","Sweeping Beam"],"picked":"Go for the Eyes","floor":1.0},{"not_picked":["Steam","Darkness"],"picked":"Gash","floor":2.0},{"not_picked":["Barrage","Stack"],"picked":"Redo","floor":7.0},{"not_picked":["Lockon","Fission"],"picked":"Coolheaded","floor":10.0},{"not_picked":["Sweeping Beam","Fusion"],"picked":"Conserve Battery","floor":11.0},{"not_picked":["Blizzard","Double Energy"],"picked":"Cold Snap","floor":12.0},{"not_picked":["Sweeping Beam","Barrage"],"picked":"Loop","floor":13.0},{"not_picked":["Hyperbeam","Thunder Strike"],"picked":"Echo Form","floor":16},{"not_picked":["Leap","Rebound+1"],"picked":"White Noise","floor":18},{"not_picked":["Melter+1","Undo+1"],"picked":"White Noise","floor":20}],"player_experience":173837,"relics_obtained":[{"floor":4.0,"key":"Darkstone Periapt"},{"floor":7.0,"key":"MawBank"},{"floor":9.0,"key":"Vajra"},{"floor":10.0,"key":"Tiny Chest"}],"event_choices":[{"cards_removed":["Strike_B"],"damage_healed":0.0,"max_hp_gain":0.0,"max_hp_loss":0.0,"gold_gain":0.0,"event_name":"Golden Wing","player_choice":"Card Removal","floor":3.0,"gold_loss":0.0,"damage_taken":7.0},{"damage_healed":0.0,"max_hp_gain":0.0,"max_hp_loss":0.0,"gold_gain":0.0,"event_name":"Liars Game","player_choice":"Ignored","floor":14.0,"gold_loss":0.0,"damage_taken":0.0},{"damage_healed":0,"gold_gain":0,"player_choice":"Obtained Relic","damage_taken":0,"relics_obtained":["Centennial Puzzle"],"max_hp_gain":0,"max_hp_loss":0,"event_name":"Addict","floor":19,"gold_loss":85},{"damage_healed":0,"gold_gain":0,"player_choice":"Fought Bandits","damage_taken":0,"max_hp_gain":0,"max_hp_loss":0,"event_name":"Masked Bandits","floor":21,"gold_loss":0}],"is_beta":false,"boss_relics":[{"not_picked":["Lizard Tail","FrozenCore"],"picked":"Pandora\u0027s Box"}],"items_purged_floors":[5],"is_endless":false,"potions_floor_spawned":[1,7,11,12],"killed_by":"Masked Bandits","ascension_level":14}