{"gold_per_floor":[118,118,133,146,163,191,191,191,215,215,234,257,278,301,301,400,400,416,430,430,173,191,191,225,225,225,248,287,386,56,56,56,152,152,168,183,183,206,8,48,48,113,167,167,181,306,341,354,354,354],"floor_reached":51,"playtime":4158,"items_purged":["Injury","Strike_G"],"score":1323,"play_id":"ace8057d-0ce9-4e27-a417-e2ecf6e99230","local_time":"20181203235423","is_ascension_mode":true,"campfire_choices":[{"data":"Cloak And Dagger","floor":7.0,"key":"SMITH"},{"data":"Cloak And Dagger","floor":10.0,"key":"SMITH"},{"data":"Cloak And Dagger","floor":15.0,"key":"SMITH"},{"data":"After Image","floor":23.0,"key":"SMITH"},{"data":"Finisher","floor":25.0,"key":"SMITH"},{"data":"Finisher","floor":32.0,"key":"SMITH"},{"data":"Cloak And Dagger","floor":41.0,"key":"SMITH"},{"data":"Infinite Blades","floor":44.0,"key":"SMITH"},{"floor":49,"key":"REST"}],"neow_cost":"NONE","seed_source_timestamp":14087535521186,"circlet_count":0,"master_deck":["AscendersBane","Defend_G+1","Defend_G+1","Defend_G+1","Defend_G+1","Defend_G+1","Strike_G+1","Strike_G+1","Strike_G+1","Strike_G+1","Survivor+1","Neutralize","Finisher","Cloak And Dagger+1","Finisher+1","Finisher+1","Slice","Cloak And Dagger+1","Cloak And Dagger+1","Cloak And Dagger+1","Deflect","Accuracy+1","After Image+1","Blade Dance+1","Infinite Blades","Cloak And Dagger+1","Finesse","Terror","Adrenaline","Infinite Blades+1","Acrobatics","Blur+1","Backflip","Dash"],"special_seed":0,"relics":["Orrery","Happy Flower","Golden Idol","War Paint","Philosopher\u0027s Stone","Juzu Bracelet","Kunai","Bronze Scales","ClockworkSouvenir","Busted Crown","Calipers","Shovel","Pen Nib","Thread and Needle","Molten Egg 2"],"potions_floor_usage":[47,50],"damage_taken":[{"damage":0.0,"enemies":"Jaw Worm","floor":1.0,"turns":3.0},{"damage":1.0,"enemies":"Cultist","floor":3.0,"turns":3.0},{"damage":1.0,"enemies":"2 Louse","floor":4.0,"turns":3.0},{"damage":8.0,"enemies":"Blue Slaver","floor":5.0,"turns":3.0},{"damage":12.0,"enemies":"Gremlin Nob","floor":6.0,"turns":3.0},{"damage":2.0,"enemies":"Lots of Slimes","floor":11.0,"turns":4.0},{"damage":4.0,"enemies":"Looter","floor":12.0,"turns":4.0},{"damage":0.0,"enemies":"Blue Slaver","floor":13.0,"turns":3.0},{"damage":0.0,"enemies":"Large Slime","floor":14.0,"turns":5.0},{"damage":26.0,"enemies":"Slime Boss","floor":16.0,"turns":8.0},{"damage":0.0,"enemies":"3 Byrds","floor":18.0,"turns":4.0},{"damage":1.0,"enemies":"Chosen","floor":19.0,"turns":6.0},{"damage":0.0,"enemies":"Snecko","floor":22.0,"turns":6.0},{"damage":11.0,"enemies":"Gremlin Leader","floor":24.0,"turns":6.0},{"damage":0.0,"enemies":"Centurion and Healer","floor":27.0,"turns":6.0},{"damage":4.0,"enemies":"Book of Stabbing","floor":28.0,"turns":5.0},{"damage":3.0,"enemies":"Champ","floor":33.0,"turns":8.0},{"damage":0.0,"enemies":"3 Darklings","floor":35.0,"turns":5.0},{"damage":12.0,"enemies":"3 Shapes","floor":36.0,"turns":3.0},{"damage":4.0,"enemies":"Jaw Worm Horde","floor":38.0,"turns":4.0},{"damage":0.0,"enemies":"Giant Head","floor":40.0,"turns":6.0},{"damage":2.0,"enemies":"2 Orb Walkers","floor":42.0,"turns":5.0},{"damage":0.0,"enemies":"3 Darklings","floor":45.0,"turns":3.0},{"damage":0.0,"enemies":"Mind Bloom Boss Battle","floor":46.0,"turns":7.0},{"damage":0,"enemies":"Reptomancer","floor":47,"turns":4},{"damage":15,"enemies":"Writhing Mass","floor":48,"turns":6},{"damage":8,"enemies":"Donu and Deca","floor":50,"turns":7}],"seed_played":"-3676036270825130037","potions_obtained":[{"floor":1.0,"key":"GhostInAJar"},{"floor":6.0,"key":"SpeedPotion"},{"floor":14.0,"key":"Fire Potion"},{"floor":19.0,"key":"Explosive Potion"},{"floor":27.0,"key":"GhostInAJar"},{"floor":35.0,"key":"SneckoOil"},{"floor":38.0,"key":"SteroidPotion"}],"is_trial":false,"path_per_floor":["M","?","M","M","M","E","R","?","T","R","M","M","M","M","R","B",null,"M","M","?","$","M","R","E","R","T","M","E","?","$","?","R","B",null,"M","M","?","M","$","E","R","?","T","R","M","?","E","M","R","B",null],"character_chosen":"THE_SILENT","items_purchased":["Infinite Blades","Cloak And Dagger","Finesse","Infinite Blades","ClockworkSouvenir","Backflip","Dash","GhostInAJar"],"campfire_rested":1,"item_purchase_floors":[21,21,21,30,30,39,39,39],"current_hp_per_floor":[59,59,58,57,49,37,37,37,37,37,35,31,31,31,31,5,51,51,50,50,50,50,50,39,39,39,39,35,35,35,35,35,32,58,58,46,46,42,42,42,42,40,40,40,40,40,40,25,44,36],"gold":354,"neow_bonus":"BOSS_RELIC","is_prod":false,"is_daily":false,"chose_seed":false,"campfire_upgraded":8,"win_rate":0,"timestamp":1543877663,"path_taken":["M","?","?","M","M","E","R","?","T","R","M","M","M","M","R","BOSS","M","M","?","$","M","R","E","R","T","M","E","?","$","?","R","BOSS","M","M","?","M","$","E","R","?","T","R","M","?","E","M","R","BOSS"],"build_version":"2018-11-15","purchased_purges":2,"victory":true,"max_hp_per_floor":[66,66,66,66,66,66,66,66,66,66,66,66,66,66,66,66,66,66,66,66,66,66,66,66,66,66,66,66,66,66,66,66,66,66,66,66,66,66,66,66,66,66,66,66,66,66,66,66,66,66],"card_choices":[{"not_picked":["Prepared","Cloak And Dagger"],"picked":"Finisher","floor":0.0},{"not_picked":["Slice","Deflect"],"picked":"Cloak And Dagger","floor":0.0},{"not_picked":["Leg Sweep","Grand Finale"],"picked":"Finisher","floor":0.0},{"not_picked":["Dagger Spray","Expertise"],"picked":"Finisher","floor":0.0},{"not_picked":["Terror","Sucker Punch"],"picked":"Slice","floor":0.0},{"not_picked":["Bane","Escape Plan"],"picked":"Cloak And Dagger","floor":1.0},{"not_picked":["Quick Slash","Well Laid Plans"],"picked":"Cloak And Dagger","floor":3.0},{"not_picked":["Sucker Punch","Tactician"],"picked":"Cloak And Dagger","floor":4.0},{"not_picked":["All Out Attack","Tools of the Trade","Predator"],"picked":"SKIP","floor":5.0},{"not_picked":["Underhanded Strike","Outmaneuver","Sucker Punch"],"picked":"SKIP","floor":6.0},{"not_picked":["Setup","Flechettes","Sucker Punch"],"picked":"SKIP","floor":11.0},{"not_picked":["Dagger Throw","Poisoned Stab"],"picked":"Deflect","floor":12.0},{"not_picked":["Dagger Spray","Backflip","Skewer"],"picked":"SKIP","floor":13.0},{"not_picked":["Outmaneuver","Riddle With Holes"],"picked":"Accuracy","floor":14.0},{"not_picked":["Burst","Storm of Steel"],"picked":"After Image","floor":16.0},{"not_picked":["Predator","Riddle With Holes","Leg Sweep"],"picked":"SKIP","floor":18.0},{"not_picked":["Masterful Stab","Backflip"],"picked":"Blade Dance+1","floor":19.0},{"not_picked":["Dash+1","Bane","Slice"],"picked":"SKIP","floor":22.0},{"not_picked":["Outmaneuver","Dodge and Roll"],"picked":"Terror","floor":24.0},{"not_picked":["Backflip","Terror"],"picked":"Adrenaline","floor":27.0},{"not_picked":["Bane","Distraction","Underhanded Strike"],"picked":"SKIP","floor":28.0},{"not_picked":[],"picked":"Acrobatics","floor":35.0},{"not_picked":["Deflect+1"],"picked":"SKIP","floor":36.0},{"not_picked":[],"picked":"Blur+1","floor":38.0},{"not_picked":["Riddle With Holes"],"picked":"SKIP","floor":40.0},{"not_picked":["Dagger Spray+1"],"picked":"SKIP","floor":45.0},{"not_picked":["Riddle With Holes+1"],"picked":"SKIP","floor":47},{"not_picked":["Riddle With Holes+1"],"picked":"SKIP","floor":47},{"not_picked":["Bane+1"],"picked":"SKIP","floor":48}],"player_experience":585119,"relics_obtained":[{"floor":6.0,"key":"Happy Flower"},{"floor":9.0,"key":"War Paint"},{"floor":24.0,"key":"Juzu Bracelet"},{"floor":26.0,"key":"Kunai"},{"floor":28.0,"key":"Bronze Scales"},{"floor":40.0,"key":"Calipers"},{"floor":42.0,"key":"Shovel"},{"floor":43.0,"key":"Pen Nib"},{"floor":46.0,"key":"Thread and Needle"},{"floor":47,"key":"Molten Egg 2"}],"event_choices":[{"damage_healed":0.0,"max_hp_gain":0.0,"max_hp_loss":0.0,"gold_gain":0.0,"event_name":"Upgrade Shrine","player_choice":"Upgraded","floor":2.0,"gold_loss":0.0,"damage_taken":0.0,"cards_upgraded":["Cloak And Dagger"]},{"damage_healed":0.0,"max_hp_gain":0.0,"max_hp_loss":0.0,"gold_gain":0.0,"event_name":"Golden Idol","player_choice":"Take Wound","floor":8.0,"gold_loss":0.0,"damage_taken":0.0,"relics_obtained":["Golden Idol"],"cards_obtained":["Injury"]},{"damage_healed":0.0,"max_hp_gain":0.0,"max_hp_loss":0.0,"gold_gain":0.0,"event_name":"Accursed Blacksmith","player_choice":"Forge","floor":20.0,"gold_loss":0.0,"damage_taken":0.0,"cards_upgraded":["Accuracy"]},{"damage_healed":0.0,"max_hp_gain":0.0,"max_hp_loss":0.0,"gold_gain":99.0,"event_name":"Nest","player_choice":"Stole From Cult","floor":29.0,"gold_loss":0.0,"damage_taken":0.0},{"damage_healed":0.0,"max_hp_gain":0.0,"max_hp_loss":0.0,"gold_gain":0.0,"event_name":"Back to Basics","player_choice":"Simplicity","floor":31.0,"gold_loss":0.0,"damage_taken":0.0,"cards_upgraded":["Defend_G","Defend_G","Defend_G","Defend_G","Strike_G","Strike_G","Strike_G","Strike_G"]},{"damage_healed":0.0,"max_hp_gain":0.0,"max_hp_loss":0.0,"gold_gain":0.0,"event_name":"SensoryStone","player_choice":"Memory 1","floor":37.0,"gold_loss":0.0,"damage_taken":0.0},{"damage_healed":0.0,"max_hp_gain":0.0,"max_hp_loss":0.0,"gold_gain":0.0,"event_name":"Mysterious Sphere","player_choice":"Fight","floor":42.0,"gold_loss":0.0,"damage_taken":0.0},{"damage_healed":0.0,"max_hp_gain":0.0,"max_hp_loss":0.0,"gold_gain":0.0,"event_name":"MindBloom","player_choice":"Fight","floor":46.0,"gold_loss":0.0,"damage_taken":0.0}],"is_beta":false,"boss_relics":[{"not_picked":["Runic Dome","HoveringKite"],"picked":"Philosopher\u0027s Stone"},{"not_picked":["White Beast Statue","Pandora\u0027s Box"],"picked":"Busted Crown"}],"items_purged_floors":[21,30],"is_endless":false,"potions_floor_spawned":[1,6,13,14,19,27,35,38,40,42],"ascension_level":14}