{"gold_per_floor":[119,119,135,135,145,179,179,179,232,232],"floor_reached":10,"playtime":427,"items_purged":[],"score":92,"play_id":"3b9951de-7582-4e38-bf0f-1d5a384262b8","local_time":"20190127174248","is_ascension_mode":true,"campfire_choices":[{"data":"Dualcast","floor":7,"key":"SMITH"}],"neow_cost":"NONE","seed_source_timestamp":597757086590668,"circlet_count":0,"master_deck":["Strike_B","Strike_B+1","Strike_B","Strike_B","Defend_B","Defend_B","Defend_B","Defend_B","Zap+1","Dualcast+1","Creative AI","Cold Snap","Chaos","Conserve Battery","Conserve Battery+1"],"relics":["Cracked Core","Boot","Ice Cream","Tiny Chest"],"potions_floor_usage":[6,10],"damage_taken":[{"damage":13,"enemies":"Jaw Worm","floor":1,"turns":4},{"damage":10,"enemies":"Small Slimes","floor":3,"turns":2},{"damage":0,"enemies":"2 Louse","floor":5,"turns":2},{"damage":21,"enemies":"3 Sentries","floor":6,"turns":7},{"damage":23,"enemies":"Gremlin Gang","floor":10,"turns":3}],"seed_played":"1052296850315600923","potions_obtained":[{"floor":1,"key":"SteroidPotion"},{"floor":5,"key":"Fire Potion"},{"floor":6,"key":"PowerPotion"}],"is_trial":false,"path_per_floor":["M","?","M","?","M","E","R","?","T","M"],"character_chosen":"DEFECT","items_purchased":[],"campfire_rested":0,"item_purchase_floors":[],"current_hp_per_floor":[55,52,42,42,42,21,21,6,6,0],"gold":232,"neow_bonus":"ONE_RANDOM_RARE_CARD","is_prod":false,"is_daily":false,"chose_seed":false,"campfire_upgraded":1,"win_rate":0,"timestamp":1548632568,"path_taken":["M","?","M","?","M","E","R","?","T","M"],"build_version":"2019-01-23","purchased_purges":0,"victory":false,"max_hp_per_floor":[75,75,75,75,75,75,75,75,75,75],"card_choices":[{"not_picked":["Undo","Melter"],"picked":"Cold Snap","floor":1},{"not_picked":["Stack","Loop"],"picked":"Chaos","floor":3},{"not_picked":["Turbo","Double Energy"],"picked":"Conserve Battery","floor":5},{"not_picked":["Doom and Gloom","Tempest"],"picked":"Conserve Battery","floor":6}],"player_experience":137548,"relics_obtained":[{"floor":6,"key":"Ice Cream"},{"floor":9,"key":"Tiny Chest"}],"event_choices":[{"damage_healed":0,"gold_gain":0,"player_choice":"Success","damage_taken":3,"relics_obtained":["Boot"],"max_hp_gain":0,"max_hp_loss":0,"event_name":"Scrap Ooze","floor":2,"gold_loss":0},{"damage_healed":0,"gold_gain":0,"player_choice":"Grow","damage_taken":0,"max_hp_gain":0,"max_hp_loss":0,"event_name":"Living Wall","floor":4,"gold_loss":0,"cards_upgraded":["Zap"]},{"damage_healed":0,"gold_gain":0,"player_choice":"Entered Light","damage_taken":15,"max_hp_gain":0,"max_hp_loss":0,"event_name":"Shining Light","floor":8,"gold_loss":0,"cards_upgraded":["Conserve Battery","Strike_B"]}],"is_beta":false,"boss_relics":[],"items_purged_floors":[],"is_endless":false,"potions_floor_spawned":[1,5,6],"killed_by":"Gremlin Gang","ascension_level":8}