{"gold_per_floor":[112,131,2,21,21,49,49,124,147,157,157,171,171,171,171,244,244,263,280,280,296,48,48],"floor_reached":23,"playtime":747,"items_purged":["Strike_B"],"score":382,"play_id":"9b68fc57-83f8-4d42-be36-7deb88501665","local_time":"20190223195807","is_ascension_mode":true,"campfire_choices":[{"data":"Zap","floor":7,"key":"SMITH"},{"floor":11,"key":"REST"},{"data":"Self Repair","floor":13,"key":"SMITH"},{"floor":15,"key":"REST"}],"neow_cost":"NONE","seed_source_timestamp":22571553960500,"circlet_count":0,"master_deck":["AscendersBane","Strike_B+1","Defend_B","Defend_B","Defend_B","Defend_B","Zap+1","Dualcast","Conserve Battery","Compile Driver+1","Self Repair+1","Ball Lightning","Echo Form","Cold Snap","Core Surge","Cold Snap","Electrodynamics"],"relics":["Cracked Core","Whetstone","Pen Nib","Cursed Key"],"potions_floor_usage":[6,10,23],"damage_taken":[{"damage":0,"enemies":"2 Louse","floor":1,"turns":2},{"damage":7,"enemies":"Jaw Worm","floor":2,"turns":3},{"damage":7,"enemies":"Small Slimes","floor":4,"turns":3},{"damage":33,"enemies":"3 Sentries","floor":6,"turns":7},{"damage":7,"enemies":"Exordium Thugs","floor":10,"turns":4},{"damage":13,"enemies":"Large Slime","floor":12,"turns":4},{"damage":34,"enemies":"Slime Boss","floor":16,"turns":11},{"damage":1,"enemies":"Spheric Guardian","floor":18,"turns":3},{"damage":30,"enemies":"3 Byrds","floor":19,"turns":5},{"damage":15,"enemies":"Centurion and Healer","floor":21,"turns":7},{"damage":59,"enemies":"Book of Stabbing","floor":23,"turns":5}],"seed_played":"809169450668638008","potions_obtained":[{"floor":2,"key":"FairyPotion"},{"floor":6,"key":"Swift Potion"},{"floor":10,"key":"SpeedPotion"},{"floor":19,"key":"Fire Potion"}],"is_trial":false,"path_per_floor":["M","M","$","M","?","E","R","?","T","M","R","M","R","?","R","B",null,"M","M","?","M","$","E"],"character_chosen":"DEFECT","items_purchased":["Self Repair","Explosive Potion","Electrodynamics"],"campfire_rested":2,"item_purchase_floors":[3,3,22],"current_hp_per_floor":[71,64,64,64,57,31,31,20,20,13,36,30,30,30,53,39,68,67,47,47,52,52,0],"gold":48,"neow_bonus":"TEN_PERCENT_HP_BONUS","is_prod":false,"is_daily":false,"chose_seed":false,"campfire_upgraded":2,"win_rate":0,"timestamp":1550944687,"path_taken":["M","M","$","M","?","E","R","?","T","M","R","M","R","?","R","BOSS","M","M","?","?","$","E"],"build_version":"2019-01-23","purchased_purges":1,"victory":false,"max_hp_per_floor":[78,78,78,78,78,78,78,78,78,78,78,78,78,78,78,78,78,78,78,78,78,78,78],"card_choices":[{"not_picked":["Compile Driver","Sweeping Beam"],"picked":"Conserve Battery","floor":1},{"not_picked":["Gash","Streamline"],"picked":"Compile Driver","floor":2},{"not_picked":["Rebound","Skim"],"picked":"Ball Lightning","floor":4},{"not_picked":["Gash","Melter","Leap"],"picked":"SKIP","floor":6},{"not_picked":["Rebound","Genetic Algorithm"],"picked":"Echo Form","floor":10},{"not_picked":["Chill","Streamline"],"picked":"Cold Snap","floor":12},{"not_picked":["All For One","Meteor Strike"],"picked":"Core Surge","floor":16},{"not_picked":["Recycle","Streamline+1","Chaos"],"picked":"SKIP","floor":18},{"not_picked":["Go for the Eyes","Compile Driver"],"picked":"Cold Snap","floor":19},{"not_picked":["Gash","Darkness","Beam Cell"],"picked":"SKIP","floor":21}],"player_experience":924052,"relics_obtained":[{"floor":6,"key":"Whetstone"},{"floor":9,"key":"Pen Nib"}],"event_choices":[{"cards_removed":["Strike_B"],"damage_healed":0,"gold_gain":0,"player_choice":"Card Removal","damage_taken":7,"max_hp_gain":0,"max_hp_loss":0,"event_name":"Golden Wing","floor":5,"gold_loss":0},{"damage_healed":0,"gold_gain":75,"player_choice":"Gather Gold","damage_taken":11,"max_hp_gain":0,"max_hp_loss":0,"event_name":"World of Goop","floor":8,"gold_loss":0},{"damage_healed":0,"gold_gain":0,"player_choice":"Searched \u00270\u0027 times","damage_taken":0,"max_hp_gain":0,"max_hp_loss":0,"event_name":"Dead Adventurer","floor":14,"gold_loss":0},{"cards_removed":["Strike_B"],"damage_healed":0,"gold_gain":0,"player_choice":"Purged","damage_taken":0,"max_hp_gain":0,"max_hp_loss":0,"event_name":"Purifier","floor":20,"gold_loss":0}],"is_beta":false,"boss_relics":[{"not_picked":["Runic Pyramid","Inserter"],"picked":"Cursed Key"}],"items_purged_floors":[22],"is_endless":false,"potions_floor_spawned":[2,6,10,19],"killed_by":"Book of Stabbing","ascension_level":20}