{"gold_per_floor":[113,113,113,113,131,131,155,155,155,155,178,178,178,201,201,290,290,303,317,35,35,58,58],"floor_reached":23,"playtime":1448,"items_purged":["Strike_R"],"score":317,"play_id":"4fc9e003-2df2-437f-9e29-ecfc57d8c277","local_time":"20181219201144","is_ascension_mode":true,"campfire_choices":[{"data":"Berserk","floor":6,"key":"SMITH"},{"data":"Entrench","floor":10,"key":"SMITH"},{"data":"Shrug It Off","floor":13,"key":"SMITH"},{"data":"Rampage","floor":15,"key":"SMITH"}],"neow_cost":"NONE","seed_source_timestamp":4203738890814,"circlet_count":0,"master_deck":["AscendersBane","Strike_R+1","Strike_R+1","Defend_R","Defend_R","Defend_R","Defend_R","Bash","Berserk+1","Shrug It Off+1","Entrench+1","Rampage+1","Evolve","Metallicize","Entrench+1"],"relics":["Burning Blood","Golden Idol","Calipers","Smiling Mask","Sozu","Membership Card"],"potions_floor_usage":[7,16,23],"damage_taken":[{"damage":5,"enemies":"2 Louse","floor":1,"turns":4},{"damage":0,"enemies":"Small Slimes","floor":5,"turns":3},{"damage":2,"enemies":"Jaw Worm","floor":7,"turns":3},{"damage":10,"enemies":"Looter","floor":11,"turns":4},{"damage":18,"enemies":"Lots of Slimes","floor":14,"turns":6},{"damage":30,"enemies":"Hexaghost","floor":16,"turns":11},{"damage":22,"enemies":"Shell Parasite","floor":18,"turns":10},{"damage":16,"enemies":"Spheric Guardian","floor":19,"turns":6},{"damage":11,"enemies":"Centurion and Healer","floor":22,"turns":8},{"damage":30,"enemies":"Slavers","floor":23,"turns":3}],"seed_played":"-9170986002063784497","potions_obtained":[{"floor":5,"key":"Fire Potion"},{"floor":11,"key":"Dexterity Potion"},{"floor":16,"key":"Explosive Potion"}],"is_trial":false,"path_per_floor":["M","?","?","?","M","R","M","T","T","R","M","?","R","M","R","B",null,"M","M","$","?","M","E"],"character_chosen":"IRONCLAD","items_purchased":["Membership Card","Metallicize"],"campfire_rested":0,"item_purchase_floors":[20,20],"current_hp_per_floor":[69,46,39,39,45,45,49,49,49,49,45,45,45,33,33,9,53,37,27,27,27,22,0],"gold":58,"neow_bonus":"ONE_RANDOM_RARE_CARD","is_prod":false,"is_daily":false,"chose_seed":false,"campfire_upgraded":4,"win_rate":0,"timestamp":1545246704,"path_taken":["M","?","?","?","M","R","M","?","T","R","M","?","R","?","R","BOSS","M","M","$","?","?","E"],"build_version":"2018-12-13","purchased_purges":1,"victory":false,"max_hp_per_floor":[75,75,75,68,68,68,68,68,68,68,68,68,68,68,68,68,68,68,68,68,68,68,68],"card_choices":[{"not_picked":["True Grit","Twin Strike"],"picked":"Shrug It Off","floor":1},{"not_picked":["Body Slam","True Grit"],"picked":"Entrench","floor":5},{"not_picked":["Exhume","Body Slam"],"picked":"Rampage","floor":7},{"not_picked":["Clothesline","Power Through"],"picked":"Evolve","floor":11},{"not_picked":["Sever Soul","Iron Wave","Wild Strike"],"picked":"SKIP","floor":14},{"not_picked":["Thunderclap+1","Anger","Wild Strike"],"picked":"SKIP","floor":18},{"not_picked":["Headbutt","Combust","Havoc"],"picked":"SKIP","floor":19},{"not_picked":["Feel No Pain","Thunderclap+1","Anger"],"picked":"SKIP","floor":22}],"player_experience":639646,"relics_obtained":[{"floor":8,"key":"Calipers"},{"floor":9,"key":"Smiling Mask"}],"event_choices":[{"damage_healed":0,"gold_gain":0,"player_choice":"Entered Light","damage_taken":23,"max_hp_gain":0,"max_hp_loss":0,"event_name":"Shining Light","floor":2,"gold_loss":0,"cards_upgraded":["Strike_R","Strike_R"]},{"cards_removed":["Strike_R"],"damage_healed":0,"gold_gain":0,"player_choice":"Card Removal","damage_taken":7,"max_hp_gain":0,"max_hp_loss":0,"event_name":"Golden Wing","floor":3,"gold_loss":0},{"damage_healed":0,"gold_gain":0,"player_choice":"Lose Max HP","damage_taken":0,"relics_obtained":["Golden Idol"],"max_hp_gain":0,"max_hp_loss":7,"event_name":"Golden Idol","floor":4,"gold_loss":0},{"cards_removed":["Strike_R"],"damage_healed":0,"gold_gain":0,"player_choice":"Forget","damage_taken":0,"max_hp_gain":0,"max_hp_loss":0,"event_name":"Living Wall","floor":12,"gold_loss":0},{"damage_healed":0,"gold_gain":0,"player_choice":"Copied","damage_taken":0,"max_hp_gain":0,"max_hp_loss":0,"event_name":"Duplicator","floor":21,"gold_loss":0,"cards_obtained":["Entrench"]}],"is_beta":false,"boss_relics":[{"not_picked":["Busted Crown","Empty Cage"],"picked":"Sozu"}],"items_purged_floors":[20],"is_endless":false,"potions_floor_spawned":[5,11,16,18,19],"killed_by":"Slavers","ascension_level":15}