{"gold_per_floor":[114,64,64,76,89,117,140,152,164,30,44,44,44,64,64,160,160,178,5,23,23,23,23,55,55,55,68,86,86,11,30,30,30],"floor_reached":33,"playtime":2085,"items_purged":["Doubt"],"score":267,"play_id":"2a21a561-c595-482f-8fd3-68f53d1d43fb","local_time":"20190115022719","is_ascension_mode":false,"campfire_choices":[{"data":"Undo","floor":8,"key":"SMITH"},{"floor":12,"key":"REST"},{"data":"Fusion","floor":15,"key":"SMITH"},{"floor":23,"key":"REST"},{"floor":25,"key":"REST"},{"floor":32,"key":"REST"}],"neow_cost":"NONE","seed_source_timestamp":1747726020216849,"circlet_count":0,"master_deck":["Strike_B","Strike_B","Strike_B","Defend_B","Defend_B","Zap","Dualcast","Rip and Tear","Compile Driver","Ball Lightning","Conserve Battery","Chill","Undo+1","Capacitor","FTL","Self Repair","Fusion+1","Consume","Echo Form","Redo+1","Storm","Bandage Up","Coolheaded","Barrage+1","Shame","Rainbow","Rebound+1","Force Field","Beam Cell"],"relics":["Cracked Core","MawBank","Ancient Tea Set","Lizard Tail","Mercury Hourglass","Pantograph","Matryoshka"],"potions_floor_usage":[16,16,20,24,33],"damage_taken":[{"damage":2,"enemies":"2 Louse","floor":1,"turns":3},{"damage":0,"enemies":"Cultist","floor":4,"turns":2},{"damage":1,"enemies":"Jaw Worm","floor":5,"turns":2},{"damage":20,"enemies":"Lagavulin","floor":6,"turns":6},{"damage":1,"enemies":"Looter","floor":7,"turns":3},{"damage":16,"enemies":"Large Slime","floor":11,"turns":4},{"damage":7,"enemies":"Exordium Thugs","floor":14,"turns":4},{"damage":42,"enemies":"Slime Boss","floor":16,"turns":10},{"damage":30,"enemies":"Shell Parasite","floor":18,"turns":7},{"damage":19,"enemies":"3 Byrds","floor":20,"turns":5},{"damage":38,"enemies":"Book of Stabbing","floor":24,"turns":7},{"damage":34,"enemies":"Shelled Parasite and Fungi","floor":27,"turns":5},{"damage":35,"enemies":"Snake Plant","floor":28,"turns":4},{"damage":27,"enemies":"Centurion and Healer","floor":31,"turns":6},{"damage":84,"enemies":"Automaton","floor":33,"turns":6}],"seed_played":"5544712323918386895","potions_obtained":[{"floor":1,"key":"PowerPotion"},{"floor":5,"key":"Dexterity Potion"},{"floor":16,"key":"Weak Potion"},{"floor":18,"key":"Block Potion"},{"floor":28,"key":"SteroidPotion"}],"is_trial":false,"path_per_floor":["M","?","?","M","M","E","M","R","T","$","M","R","?","M","R","B",null,"M","$","M","?","?","R","E","R","T","M","M","?","$","M","R","B"],"character_chosen":"DEFECT","items_purchased":["Capacitor","FTL","Storm","Bandage Up","Coolheaded"],"campfire_rested":4,"item_purchase_floors":[10,10,19,19,19],"current_hp_per_floor":[73,73,73,73,72,52,51,51,51,51,35,57,57,57,57,22,75,52,52,44,44,44,66,39,61,61,38,7,7,7,26,48,0],"gold":30,"neow_bonus":"REMOVE_CARD","is_prod":false,"is_daily":false,"chose_seed":false,"campfire_upgraded":2,"win_rate":0.0,"timestamp":1547537239,"path_taken":["M","?","?","?","M","E","M","R","T","$","M","R","?","M","R","BOSS","M","$","M","?","?","R","E","R","T","M","M","?","$","M","R","BOSS"],"build_version":"2019-01-10","purchased_purges":1,"victory":false,"max_hp_per_floor":[75,75,75,75,75,75,75,75,75,75,75,75,75,75,75,75,75,75,75,75,75,75,75,75,75,75,75,75,75,75,75,75,75],"card_choices":[{"not_picked":["Chill","Beam Cell"],"picked":"Rip and Tear","floor":1},{"not_picked":["Stack","Hologram"],"picked":"Ball Lightning","floor":4},{"not_picked":["Sunder","Gash"],"picked":"Conserve Battery","floor":5},{"not_picked":["Turbo","Reboot"],"picked":"Chill","floor":6},{"not_picked":["Steam","Darkness"],"picked":"Undo","floor":7},{"not_picked":["Leap","Darkness"],"picked":"Self Repair","floor":11},{"not_picked":["Blizzard","Conserve Battery"],"picked":"Consume","floor":14},{"not_picked":["Biased Cognition","Seek"],"picked":"Echo Form","floor":16},{"not_picked":["Stack+1","Reprogram"],"picked":"Redo+1","floor":18},{"not_picked":["Coolheaded+1","BootSequence"],"picked":"Barrage+1","floor":20},{"not_picked":["Compile Driver","Melter"],"picked":"Rainbow","floor":24},{"not_picked":["Ball Lightning+1","Leap+1"],"picked":"Rebound+1","floor":27},{"not_picked":["Rebound","Hologram"],"picked":"Force Field","floor":28},{"not_picked":["Compile Driver","Conserve Battery"],"picked":"Beam Cell","floor":31}],"player_experience":17158,"relics_obtained":[{"floor":6,"key":"MawBank"},{"floor":9,"key":"Ancient Tea Set"},{"floor":24,"key":"Pantograph"},{"floor":26,"key":"Matryoshka"}],"event_choices":[{"cards_removed":["Defend_B"],"damage_healed":0,"gold_gain":0,"player_choice":"Card Removal","damage_taken":0,"max_hp_gain":0,"max_hp_loss":0,"event_name":"The Cleric","floor":2,"gold_loss":50},{"damage_healed":0,"gold_gain":0,"player_choice":"2 cards matched","damage_taken":0,"max_hp_gain":0,"max_hp_loss":0,"event_name":"Match and Keep!","floor":3,"gold_loss":0,"cards_obtained":["Doubt","Compile Driver"]},{"damage_healed":0,"gold_gain":0,"cards_transformed":["Strike_B"],"player_choice":"Change","damage_taken":0,"max_hp_gain":0,"max_hp_loss":0,"event_name":"Living Wall","floor":13,"gold_loss":0,"cards_obtained":["Fusion"]},{"damage_healed":0,"gold_gain":0,"player_choice":"Ignored","damage_taken":0,"max_hp_gain":0,"max_hp_loss":0,"event_name":"Vampires","floor":21,"gold_loss":0},{"damage_healed":0,"gold_gain":0,"player_choice":"Stole Relic","damage_taken":0,"relics_obtained":["Mercury Hourglass"],"max_hp_gain":0,"max_hp_loss":0,"event_name":"Addict","floor":22,"gold_loss":0,"cards_obtained":["Shame"]},{"damage_healed":0,"gold_gain":0,"player_choice":"Ignored","damage_taken":0,"max_hp_gain":0,"max_hp_loss":0,"event_name":"Transmorgrifier","floor":29,"gold_loss":0}],"is_beta":false,"boss_relics":[{"not_picked":["Velvet Choker","Busted Crown"],"picked":"Lizard Tail"}],"items_purged_floors":[30],"is_endless":false,"potions_floor_spawned":[1,5,16,18,28],"killed_by":"Automaton","ascension_level":0}