{"gold_per_floor":[209,224,224,224,38,38,64,64,64,98,108,127,159,191,203,215],"floor_reached":16,"playtime":635,"items_purged":["Defend_B"],"score":290,"play_id":"148e72ae-f42b-48d7-bbce-8cfda57617dc","local_time":"20190223224853","is_ascension_mode":true,"campfire_choices":[{"data":"Zap","floor":6,"key":"SMITH"},{"floor":8,"key":"REST"},{"data":"Self Repair","floor":15,"key":"SMITH"}],"neow_cost":"NONE","seed_source_timestamp":32929623535200,"circlet_count":0,"master_deck":["AscendersBane","Strike_B","Strike_B","Strike_B","Defend_B","Defend_B","Defend_B","Zap+1","Dualcast","Ball Lightning","Self Repair+1","Glacier","Leap","Cold Snap","Conserve Battery","Cold Snap","Ball Lightning"],"relics":["Cracked Core","FossilizedHelix","Strawberry","Pear","MawBank"],"potions_floor_usage":[13,13],"damage_taken":[{"damage":4,"enemies":"Small Slimes","floor":1,"turns":3},{"damage":9,"enemies":"Jaw Worm","floor":2,"turns":4},{"damage":21,"enemies":"Lagavulin","floor":7,"turns":8},{"damage":22,"enemies":"Gremlin Nob","floor":10,"turns":4},{"damage":0,"enemies":"Cultist","floor":11,"turns":4},{"damage":14,"enemies":"Lots of Slimes","floor":12,"turns":5},{"damage":0,"enemies":"3 Sentries","floor":13,"turns":9},{"damage":0,"enemies":"Large Slime","floor":14,"turns":6},{"damage":74,"enemies":"Hexaghost","floor":16,"turns":15}],"seed_played":"6642291808552906305","potions_obtained":[{"floor":10,"key":"Fire Potion"},{"floor":11,"key":"PowerPotion"}],"is_trial":false,"path_per_floor":["M","M","?","$","$","R","E","R","T","E","M","M","E","M","R","B"],"character_chosen":"DEFECT","items_purchased":["Glacier","Leap"],"campfire_rested":1,"item_purchase_floors":[5,5],"current_hp_per_floor":[60,51,44,44,44,44,30,51,58,53,60,53,60,67,67,0],"gold":215,"neow_bonus":"HUNDRED_GOLD","is_prod":false,"is_daily":false,"chose_seed":false,"campfire_upgraded":2,"win_rate":0,"timestamp":1550954933,"path_taken":["M","M","?","?","$","R","E","R","T","E","?","?","E","M","R","BOSS"],"build_version":"2019-01-23","purchased_purges":1,"victory":false,"max_hp_per_floor":[71,71,71,71,71,71,71,71,78,88,88,88,88,88,88,88],"card_choices":[{"not_picked":["Compile Driver","Sweeping Beam"],"picked":"Ball Lightning","floor":1},{"not_picked":["Undo","Conserve Battery"],"picked":"Self Repair","floor":2},{"not_picked":["Gash","Barrage"],"picked":"Cold Snap","floor":7},{"not_picked":["Beam Cell","Sweeping Beam","Steam"],"picked":"SKIP","floor":10},{"not_picked":["Leap","Blizzard"],"picked":"Conserve Battery","floor":11},{"not_picked":["Redo","FTL"],"picked":"Cold Snap","floor":12},{"not_picked":["Blizzard","Reinforced Body"],"picked":"Ball Lightning","floor":13},{"not_picked":["Heatsinks","Reinforced Body","All For One"],"picked":"SKIP","floor":14}],"player_experience":933589,"relics_obtained":[{"floor":7,"key":"FossilizedHelix"},{"floor":9,"key":"Strawberry"},{"floor":10,"key":"Pear"},{"floor":13,"key":"MawBank"}],"event_choices":[{"cards_removed":["Strike_B"],"damage_healed":0,"gold_gain":0,"player_choice":"Card Removal","damage_taken":7,"max_hp_gain":0,"max_hp_loss":0,"event_name":"Golden Wing","floor":3,"gold_loss":0}],"is_beta":false,"boss_relics":[],"items_purged_floors":[5],"is_endless":false,"potions_floor_spawned":[10,11,12],"killed_by":"Hexaghost","ascension_level":20}