{"gold_per_floor":[117,117,192,206,89,123,134,148,221,238,263,274,287,313,313,418,418,437,362,362],"floor_reached":20,"playtime":2142,"items_purged":[],"score":258,"play_id":"5151ffb9-0ba2-48fb-9f0b-25eefd6a7f54","local_time":"20190210194251","is_ascension_mode":true,"campfire_choices":[{"data":"Reboot","floor":15,"key":"SMITH"}],"neow_cost":"NONE","seed_source_timestamp":243287851254280,"circlet_count":0,"master_deck":["Strike_B","Strike_B","Defend_B","Defend_B","Defend_B","Defend_B","Zap","Dualcast","Compile Driver","BootSequence","Redo","Double Energy","Turbo","Chill","Cold Snap","Reboot+1","Go for the Eyes","Consume","Heatsinks+1","Echo Form+1"],"relics":["Cracked Core","NeowsBlessing","Bird Faced Urn","Frozen Egg 2","Smiling Mask","Peace Pipe","Inserter"],"potions_floor_usage":[6,11,14],"damage_taken":[{"damage":0,"enemies":"Small Slimes","floor":1,"turns":1},{"damage":0,"enemies":"2 Louse","floor":4,"turns":1},{"damage":0,"enemies":"Gremlin Nob","floor":6,"turns":1},{"damage":0,"enemies":"Jaw Worm","floor":7,"turns":3},{"damage":17,"enemies":"Gremlin Gang","floor":8,"turns":5},{"damage":5,"enemies":"Blue Slaver","floor":10,"turns":3},{"damage":0,"enemies":"Lagavulin","floor":11,"turns":7},{"damage":0,"enemies":"Large Slime","floor":12,"turns":6},{"damage":0,"enemies":"Looter","floor":13,"turns":3},{"damage":11,"enemies":"Gremlin Nob","floor":14,"turns":6},{"damage":32,"enemies":"Slime Boss","floor":16,"turns":16},{"damage":16,"enemies":"Chosen","floor":18,"turns":8},{"damage":27,"enemies":"Colosseum Slavers","floor":20,"turns":6},{"damage":54,"enemies":"Colosseum Nobs","floor":20,"turns":4}],"seed_played":"-6151875955340138957","potions_obtained":[{"floor":6,"key":"Fruit Juice"},{"floor":7,"key":"PowerPotion"},{"floor":8,"key":"GamblersBrew"},{"floor":12,"key":"Swift Potion"},{"floor":13,"key":"GamblersBrew"},{"floor":14,"key":"GamblersBrew"},{"floor":16,"key":"FearPotion"}],"is_trial":false,"path_per_floor":["?","?","$","M","?","?"],"character_chosen":"DEFECT","items_purchased":["BootSequence","Redo"],"campfire_rested":0,"item_purchase_floors":[5,5],"current_hp_per_floor":[75,68,57,57,57,62,62,45,45,40,42,42,42,31,31,1,80,64,64,0],"gold":362,"neow_bonus":"THREE_ENEMY_KILL","is_prod":false,"is_daily":false,"chose_seed":false,"campfire_upgraded":1,"win_rate":0,"timestamp":1549824171,"path_taken":["M","?","?","M","?","E","M","M","T","?","E","M","M","E","R","BOSS","M","?","?"],"build_version":"2019-01-23","purchased_purges":0,"victory":false,"max_hp_per_floor":[75,75,75,75,75,80,80,80,80,80,80,80,80,80,80,80,80,80,80,80],"card_choices":[{"not_picked":["Leap","Steam","Stack"],"picked":"SKIP","floor":1},{"not_picked":["Recycle","Sunder"],"picked":"Compile Driver","floor":4},{"not_picked":["Barrage","Rebound"],"picked":"Double Energy","floor":6},{"not_picked":["Rebound","Redo"],"picked":"Turbo","floor":7},{"not_picked":["Ball Lightning","Lockon"],"picked":"Chill","floor":8},{"not_picked":["Streamline","Barrage"],"picked":"Cold Snap","floor":10},{"not_picked":["Steam Power","Redo"],"picked":"Reboot","floor":11},{"not_picked":["Fusion","Streamline"],"picked":"Go for the Eyes","floor":12},{"not_picked":["Cold Snap","Ball Lightning"],"picked":"Consume","floor":13},{"not_picked":["Cold Snap","Turbo"],"picked":"Heatsinks+1","floor":14},{"not_picked":["Reboot","Fission"],"picked":"Echo Form+1","floor":16},{"not_picked":["Rebound","Sweeping Beam+1","Stack+1"],"picked":"SKIP","floor":18}],"player_experience":80115,"relics_obtained":[{"floor":6,"key":"Bird Faced Urn"},{"floor":9,"key":"Frozen Egg 2"},{"floor":11,"key":"Smiling Mask"},{"floor":14,"key":"Peace Pipe"}],"event_choices":[{"cards_removed":["Strike_B"],"damage_healed":0,"gold_gain":0,"player_choice":"Card Removal","damage_taken":7,"max_hp_gain":0,"max_hp_loss":0,"event_name":"Golden Wing","floor":2,"gold_loss":0},{"damage_healed":0,"gold_gain":75,"player_choice":"Gather Gold","damage_taken":11,"max_hp_gain":0,"max_hp_loss":0,"event_name":"World of Goop","floor":3,"gold_loss":0},{"cards_removed":["Strike_B"],"damage_healed":0,"gold_gain":0,"player_choice":"Gave Gold","damage_taken":0,"max_hp_gain":0,"max_hp_loss":0,"event_name":"Beggar","floor":19,"gold_loss":75},{"damage_healed":0,"gold_gain":0,"player_choice":"Fight","damage_taken":0,"max_hp_gain":0,"max_hp_loss":0,"event_name":"Colosseum","floor":20,"gold_loss":0},{"damage_healed":0,"gold_gain":0,"player_choice":"Fought Nobs","damage_taken":0,"max_hp_gain":0,"max_hp_loss":0,"event_name":"Colosseum","floor":20,"gold_loss":0}],"is_beta":false,"boss_relics":[{"not_picked":["Orrery","FrozenCore"],"picked":"Inserter"}],"items_purged_floors":[],"is_endless":false,"potions_floor_spawned":[6,7,8,12,13,14,16],"killed_by":"Colosseum Nobs","ascension_level":1}