{"gold_per_floor":[110,41,41,3,3,29,58,89,177,189,213,241,272,312,324,438,450,480,492,504,15,26,26,36,56,56,70,70,70,70,70,70,174,174,185,16,16,16],"floor_reached":38,"playtime":2250,"items_purged":["Writhe","Normality"],"score":434,"play_id":"0b66085b-ce0b-4dac-96b7-3ccade6e583f","local_time":"20190115055755","is_ascension_mode":false,"campfire_choices":[{"data":"Static Discharge","floor":10,"key":"SMITH"},{"floor":15,"key":"REST"},{"floor":23,"key":"REST"},{"floor":28,"key":"REST"},{"floor":30,"key":"REST"},{"floor":32,"key":"REST"}],"neow_cost":"NONE","seed_source_timestamp":1760196995118449,"circlet_count":0,"master_deck":["Strike_B","Strike_B","Strike_B","Strike_B","Defend_B","Defend_B","Defend_B","Defend_B","Zap","Dualcast","Glacier","BootSequence","Doom and Gloom","Biased Cognition","Hello World","Ball Lightning","Static Discharge+1","Turbo","Gash","Machine Learning","Redo","Creative AI","Seek","Steam+1","Conserve Battery","Sweeping Beam","Redo+1","Barrage+1","Beam Cell","Stack+1","Thunder Strike","FTL","Defragment","Go for the Eyes","Mayhem","Panacea+1","Mind Blast"],"relics":["FrozenCore","NeowsBlessing","MawBank","Pantograph","Bronze Scales","Ancient Tea Set","Omamori","TheAbacus","Gremlin Horn","Ornamental Fan","Calling Bell","Smiling Mask","Toxic Egg 2","Nunchaku"],"potions_floor_usage":[14,14,33,33,33],"damage_taken":[{"damage":0,"enemies":"Jaw Worm","floor":1,"turns":1},{"damage":0,"enemies":"Lagavulin","floor":6,"turns":1},{"damage":0,"enemies":"Small Slimes","floor":7,"turns":1},{"damage":0,"enemies":"Cultist","floor":8,"turns":4},{"damage":10,"enemies":"Exordium Thugs","floor":11,"turns":3},{"damage":3,"enemies":"Large Slime","floor":12,"turns":6},{"damage":1,"enemies":"3 Louse","floor":13,"turns":2},{"damage":18,"enemies":"3 Sentries","floor":14,"turns":3},{"damage":43,"enemies":"Hexaghost","floor":16,"turns":4},{"damage":22,"enemies":"Shell Parasite","floor":18,"turns":5},{"damage":9,"enemies":"Colosseum Slavers","floor":19,"turns":5},{"damage":18,"enemies":"2 Thieves","floor":22,"turns":4},{"damage":7,"enemies":"Shelled Parasite and Fungi","floor":24,"turns":7},{"damage":27,"enemies":"3 Cultists","floor":25,"turns":5},{"damage":1,"enemies":"Chosen and Byrds","floor":27,"turns":7},{"damage":58,"enemies":"Collector","floor":33,"turns":7},{"damage":8,"enemies":"Orb Walker","floor":35,"turns":6},{"damage":72,"enemies":"2 Orb Walkers","floor":38,"turns":4}],"seed_played":"4874050902864651879","potions_obtained":[{"floor":1,"key":"LiquidBronze"},{"floor":13,"key":"Explosive Potion"},{"floor":16,"key":"Fire Potion"},{"floor":25,"key":"LiquidBronze"},{"floor":27,"key":"Energy Potion"}],"is_trial":false,"path_per_floor":["M","$","?","$","?","E","M","M","T","R","M","M","M","E","R","B",null,"M","?","?","$","M","R","M","M","T","M","R","?","R","T","R","B",null,"M","$","?","?"],"character_chosen":"DEFECT","items_purchased":["BootSequence","Doom and Gloom","Omamori","TheAbacus","Conserve Battery","Sweeping Beam","Defragment","Go for the Eyes"],"campfire_rested":5,"item_purchase_floors":[2,4,21,21,21,21,36,36],"current_hp_per_floor":[75,75,75,75,75,75,75,75,75,75,65,62,61,43,65,32,75,53,44,44,44,26,48,41,14,14,13,35,35,57,57,75,17,75,67,67,57,0],"gold":16,"neow_bonus":"THREE_ENEMY_KILL","is_prod":false,"is_daily":false,"chose_seed":false,"campfire_upgraded":1,"win_rate":0.0,"timestamp":1547549875,"path_taken":["M","$","?","$","?","E","M","M","T","R","M","M","?","E","R","BOSS","M","?","?","$","M","R","M","M","T","M","R","?","R","?","R","BOSS","M","$","?","?"],"build_version":"2019-01-10","purchased_purges":2,"victory":false,"max_hp_per_floor":[75,75,75,75,75,75,75,75,75,75,75,75,75,75,75,75,75,75,75,75,75,75,75,75,75,75,75,75,75,75,75,75,75,75,75,75,75,75],"card_choices":[{"not_picked":["Scrape","Compile Driver"],"picked":"Glacier","floor":1},{"not_picked":["Rebound","Compile Driver"],"picked":"Ball Lightning","floor":6},{"not_picked":["Stack","Conserve Battery"],"picked":"Static Discharge","floor":7},{"not_picked":["Go for the Eyes","Compile Driver"],"picked":"Turbo","floor":8},{"not_picked":["Barrage","Storm"],"picked":"Gash","floor":11},{"not_picked":["Gash","Beam Cell"],"picked":"Machine Learning","floor":12},{"not_picked":["Aggregate","Conserve Battery"],"picked":"Redo","floor":13},{"not_picked":["Force Field","Turbo"],"picked":"Creative AI","floor":14},{"not_picked":["Echo Form","Buffer"],"picked":"Seek","floor":16},{"not_picked":["Leap","Sunder"],"picked":"Steam+1","floor":18},{"not_picked":["Reprogram","Sunder"],"picked":"Redo+1","floor":22},{"not_picked":["Gash","Consume"],"picked":"Barrage+1","floor":24},{"not_picked":["Chill","Skim"],"picked":"Beam Cell","floor":25},{"not_picked":["BootSequence+1","Doom and Gloom"],"picked":"Stack+1","floor":27},{"not_picked":["Multi-Cast","Electrodynamics"],"picked":"Thunder Strike","floor":33},{"not_picked":["Barrage","Steam+1"],"picked":"FTL","floor":35},{"not_picked":["Swift Strike","Madness+1"],"picked":"Mayhem","floor":37},{"not_picked":["Forethought+1","Madness+1"],"picked":"Panacea+1","floor":37},{"not_picked":["Secret Technique+1","Purity+1"],"picked":"Mind Blast","floor":37}],"player_experience":28252,"relics_obtained":[{"floor":6,"key":"MawBank"},{"floor":9,"key":"Pantograph"},{"floor":14,"key":"Bronze Scales"},{"floor":26,"key":"Gremlin Horn"},{"floor":31,"key":"Ornamental Fan"},{"floor":34,"key":"Smiling Mask"},{"floor":34,"key":"Toxic Egg 2"},{"floor":34,"key":"Nunchaku"}],"event_choices":[{"damage_healed":0,"gold_gain":0,"player_choice":"Leave","damage_taken":0,"max_hp_gain":0,"max_hp_loss":0,"event_name":"The Cleric","floor":3,"gold_loss":0},{"damage_healed":0,"gold_gain":0,"player_choice":"2 cards matched","damage_taken":0,"max_hp_gain":0,"max_hp_loss":0,"event_name":"Match and Keep!","floor":5,"gold_loss":0,"cards_obtained":["Biased Cognition","Hello World"]},{"damage_healed":0,"gold_gain":0,"player_choice":"Fight","damage_taken":0,"max_hp_gain":0,"max_hp_loss":0,"event_name":"Colosseum","floor":19,"gold_loss":0},{"damage_healed":0,"gold_gain":0,"player_choice":"Fled From Nobs","damage_taken":0,"max_hp_gain":0,"max_hp_loss":0,"event_name":"Colosseum","floor":19,"gold_loss":0},{"damage_healed":0,"gold_gain":0,"player_choice":"Opened","damage_taken":0,"relics_obtained":["Ancient Tea Set"],"max_hp_gain":0,"max_hp_loss":0,"event_name":"The Mausoleum","floor":20,"gold_loss":0,"cards_obtained":["Writhe"]},{"damage_healed":0,"gold_gain":0,"player_choice":"Ignored","damage_taken":0,"max_hp_gain":0,"max_hp_loss":0,"event_name":"Beggar","floor":29,"gold_loss":0},{"damage_healed":0,"gold_gain":0,"player_choice":"Memory 3","damage_taken":10,"max_hp_gain":0,"max_hp_loss":0,"event_name":"SensoryStone","floor":37,"gold_loss":0},{"damage_healed":0,"gold_gain":0,"player_choice":"Fight","damage_taken":0,"max_hp_gain":0,"max_hp_loss":0,"event_name":"Mysterious Sphere","floor":38,"gold_loss":0}],"is_beta":false,"boss_relics":[{"not_picked":["Ectoplasm","Lizard Tail"],"picked":"FrozenCore"},{"not_picked":["Runic Dome","Cursed Key"],"picked":"Calling Bell"}],"items_purged_floors":[21,36],"is_endless":false,"potions_floor_spawned":[1,13,16,19,25,27],"killed_by":"2 Orb Walkers","ascension_level":0}