{"path_per_floor":["M","?","?","M","$","R","M","M","T","M","M","$","R","M","R","B",null,"M","?","M","?","M","R","E","M","T"],"character_chosen":"DEFECT","items_purchased":["Finesse","Ice Cream","Stack","Scrape"],"gold_per_floor":[109,359,434,454,13,13,33,51,75,88,105,29,29,49,49,144,174,189,189,203,203,214,214,242,258,258,258],"floor_reached":27,"campfire_rested":4,"playtime":1860,"current_hp_per_floor":[32,32,21,10,10,32,32,31,31,25,17,17,39,39,61,44,80,74,74,56,40,33,72,48,9,9,0],"items_purged":[],"gold":258,"score":227,"play_id":"575ea7e8-ce07-4175-983c-ec17300a0deb","local_time":"20180430090208","is_prod":false,"is_daily":false,"chose_seed":true,"is_ascension_mode":false,"campfire_upgraded":0,"timestamp":1525042928,"path_taken":["M","?","?","?","$","R","M","M","T","M","M","?","R","M","R","BOSS","M","?","M","?","?","R","E","M","T","M"],"build_version":"2018-04-27v3","seed_source_timestamp":162012918675639,"purchased_purges":0,"victory":false,"master_deck":["Strike_B","Strike_B","Strike_B","Strike_B","Defend_B","Defend_B","Defend_B","Defend_B","Zap","Dualcast","Steam Power","Regret","Axe Kick","Finesse","Stack","Cold Snap","Axe Kick","Beam Cell","Cold Snap","Scrape+1","Hologram","All For One","Go for the Eyes","Sweeping Beam+1","Writhe","Beam Cell","Good Instincts","Blizzard+1","Auto Shields","Stack"],"max_hp_per_floor":[75,75,75,75,75,75,75,75,75,75,75,75,75,75,75,75,80,80,80,80,80,80,80,80,80,80,80],"relics":["Cracked Core","Sundial","Ice Cream","Lantern","Tiny House","Regal Pillow","Question Card","Ancient Tea Set"],"card_choices":[{"not_picked":["Turbo","Go for the Eyes"],"picked":"Steam Power","floor":1},{"not_picked":["Capacitor","Coolheaded"],"picked":"Axe Kick","floor":4},{"not_picked":["Turbo","Force Field"],"picked":"Cold Snap","floor":7},{"not_picked":["Force Field","Stack"],"picked":"Axe Kick","floor":8},{"not_picked":["Rebound","Skim"],"picked":"Beam Cell","floor":10},{"not_picked":["Blizzard","Beam Cell"],"picked":"Cold Snap","floor":11},{"not_picked":["Cold Snap","Chaos"],"picked":"Hologram","floor":14},{"not_picked":["Fusion","Reboot"],"picked":"All For One","floor":16},{"not_picked":["Hologram","Coolheaded"],"picked":"Go for the Eyes","floor":17},{"not_picked":["Capacitor","Reinforced Body"],"picked":"Sweeping Beam","floor":18},{"not_picked":["Capacitor","Defragment"],"picked":"Beam Cell","floor":20},{"not_picked":["Biased Cognition","Capacitor"],"picked":"Blizzard","floor":22},{"not_picked":["Hyperbeam","Double Energy"],"picked":"Auto Shields","floor":24},{"not_picked":["Tempest","Skim","Turbo"],"picked":"Stack","floor":25}],"player_experience":14331,"potions_floor_usage":[11,16],"damage_taken":[{"damage":6,"enemies":"Cultist","floor":1,"turns":3},{"damage":11,"enemies":"Jaw Worm","floor":4,"turns":3},{"damage":0,"enemies":"Small Slimes","floor":7,"turns":3},{"damage":1,"enemies":"2 Fungi Beasts","floor":8,"turns":4},{"damage":6,"enemies":"Blue Slaver","floor":10,"turns":2},{"damage":20,"enemies":"Exordium Thugs","floor":11,"turns":5},{"damage":0,"enemies":"2 Fungi Beasts","floor":14,"turns":2},{"damage":17,"enemies":"Slime Boss","floor":16,"turns":15},{"damage":6,"enemies":"Chosen","floor":18,"turns":4},{"damage":18,"enemies":"Shell Parasite","floor":20,"turns":5},{"damage":7,"enemies":"Snake Plant","floor":22,"turns":4},{"damage":24,"enemies":"Book of Stabbing","floor":24,"turns":5},{"damage":39,"enemies":"Centurion and Healer","floor":25,"turns":12},{"damage":10,"enemies":"Chosen and Byrds","floor":27,"turns":2}],"event_choices":[{"event_name":"Golden Shrine","player_choice":"Desecrate","floor":2,"damage_taken":0},{"event_name":"World of Goop","player_choice":"Gather Gold","floor":3,"damage_taken":0},{"event_name":"The Mausoleum","player_choice":"Yes","floor":19,"damage_taken":0},{"event_name":"Knowing Skull","player_choice":"CARD ","floor":21,"damage_taken":0}],"boss_relics":[{"not_picked":["Eternal Feather","Inserter"],"picked":"Tiny House"}],"potions_floor_spawned":[4,8,11,14,16,22,24],"seed_played":"5767745564898952008","killed_by":"Chosen and Byrds","ascension_level":0,"is_trial":false}