{"gold_per_floor":[114,114,15,15,15,15,15,15,15,45,45,120,150,165,165,265,265,280,280,40,40,55,85,85,100,100,130,12,12,12,27,27,127,127,142,242,257,112,55,55,55,55,55,55,55,70,85,100,100,100],"floor_reached":51,"playtime":1963,"items_purged":["Strike_B","Strike_B"],"score":837,"play_id":"6167164d-719e-4571-8cac-4867e4287ac5","local_time":"20190214150641","daily_mods":["Heirloom","Flight","Binary"],"is_ascension_mode":false,"campfire_choices":[{"floor":6,"key":"REST"},{"data":"Zap","floor":8,"key":"SMITH"},{"floor":11,"key":"REST"},{"floor":15,"key":"REST"},{"data":"Seek","floor":24,"key":"SMITH"},{"floor":29,"key":"REST"},{"data":"Defragment","floor":30,"key":"SMITH"},{"data":"Defragment","floor":32,"key":"SMITH"},{"data":"Blizzard","floor":40,"key":"SMITH"},{"data":"Loop","floor":41,"key":"SMITH"},{"floor":49,"key":"REST"}],"neow_cost":"","seed_source_timestamp":0,"circlet_count":0,"master_deck":["Strike_B","Strike_B","Defend_B","Defend_B","Defend_B+1","Defend_B+1","Zap+1","Dualcast","BootSequence","Gash","Go for the Eyes","Leap","Buffer+1","Cold Snap","Seek+1","Darkness","Steam","Compile Driver","Conserve Battery","Defragment+1","Loop+1","Defragment+1","Coolheaded","Ball Lightning","Loop","Capacitor","Blizzard+1","Finesse","Decay","Chill","Capacitor+1"],"special_seed":17941,"relics":["FrozenCore","Dead Branch","The Courier","Potion Belt","Dream Catcher","Happy Flower","Unceasing Top","Nuclear Battery","Runic Capacitor","Letter Opener","Bronze Scales","Question Card","Pear"],"potions_floor_usage":[13,33,33,50,50,50],"damage_taken":[{"damage":0,"enemies":"2 Louse","floor":1,"turns":2},{"damage":19,"enemies":"Lagavulin","floor":10,"turns":7},{"damage":6,"enemies":"Gremlin Nob","floor":13,"turns":5},{"damage":0,"enemies":"Jaw Worm","floor":14,"turns":4},{"damage":13,"enemies":"The Guardian","floor":16,"turns":13},{"damage":0,"enemies":"Spheric Guardian","floor":18,"turns":6},{"damage":0,"enemies":"Chosen","floor":22,"turns":6},{"damage":0,"enemies":"Book of Stabbing","floor":23,"turns":6},{"damage":12,"enemies":"3 Cultists","floor":25,"turns":5},{"damage":6,"enemies":"Gremlin Leader","floor":27,"turns":5},{"damage":0,"enemies":"Sentry and Sphere","floor":31,"turns":4},{"damage":0,"enemies":"Collector","floor":33,"turns":9},{"damage":0,"enemies":"3 Shapes","floor":35,"turns":7},{"damage":0,"enemies":"Orb Walker","floor":37,"turns":5},{"damage":0,"enemies":"Spire Growth","floor":46,"turns":6},{"damage":0,"enemies":"4 Shapes","floor":47,"turns":5},{"damage":11,"enemies":"Maw","floor":48,"turns":8},{"damage":0,"enemies":"Donu and Deca","floor":50,"turns":9}],"seed_played":"-7343806222778123622","potions_obtained":[{"floor":1,"key":"Swift Potion"},{"floor":14,"key":"LiquidBronze"},{"floor":16,"key":"LiquidBronze"},{"floor":25,"key":"AttackPotion"},{"floor":27,"key":"FairyPotion"},{"floor":33,"key":"LiquidBronze"},{"floor":37,"key":"Block Potion"},{"floor":48,"key":"FocusPotion"}],"is_trial":false,"path_per_floor":["M","?","$","?","T","R","$","R","T","E","R","?","E","M","R","B",null,"M","?","$","$","M","E","R","M","T","E","$","R","R","M","R","B",null,"M","?","M","$","$","R","R","?","T","?","$","M","M","M","R","B",null],"character_chosen":"DEFECT","items_purchased":["Gash","Runic Capacitor","Defragment","Loop","Ball Lightning","Loop","Capacitor","Blizzard"],"campfire_rested":5,"item_purchase_floors":[3,20,28,28,38,38,38,39],"current_hp_per_floor":[75,57,57,42,42,64,64,64,64,45,67,56,50,50,72,59,75,75,75,75,75,75,75,75,63,63,57,57,75,75,75,75,75,75,75,75,75,75,75,75,75,75,85,85,85,85,85,74,85,85],"gold":100,"neow_bonus":"","is_prod":false,"is_daily":true,"chose_seed":false,"campfire_upgraded":6,"win_rate":0,"timestamp":1550174801,"path_taken":["M","?","$","?","?","R","?","R","T","E","R","?","E","?","R","BOSS","M","?","?","$","?","E","R","?","T","E","$","R","R","M","R","BOSS","M","?","?","$","$","R","R","?","T","?","$","?","?","?","R","BOSS"],"build_version":"2019-01-23","purchased_purges":2,"victory":true,"max_hp_per_floor":[75,75,75,75,75,75,75,75,75,75,75,75,75,75,75,75,75,75,75,75,75,75,75,75,75,75,75,75,75,75,75,75,75,75,75,75,75,75,75,75,75,75,85,85,85,85,85,85,85,85],"card_choices":[{"not_picked":["Heatsinks"],"picked":"BootSequence","floor":1},{"not_picked":["Force Field"],"picked":"Go for the Eyes","floor":10},{"not_picked":["Aggregate"],"picked":"Leap","floor":11},{"not_picked":["Tempest"],"picked":"Buffer","floor":13},{"not_picked":["Recycle","Barrage"],"picked":"SKIP","floor":14},{"not_picked":["Rebound"],"picked":"Cold Snap","floor":15},{"not_picked":["Meteor Strike"],"picked":"Seek","floor":16},{"not_picked":["Doom and Gloom","Double Energy"],"picked":"SKIP","floor":18},{"not_picked":["Force Field+1"],"picked":"Darkness","floor":22},{"not_picked":["Lockon"],"picked":"Steam","floor":23},{"not_picked":["Lockon"],"picked":"Compile Driver","floor":25},{"not_picked":["Cold Snap"],"picked":"Conserve Battery","floor":27},{"not_picked":["Barrage","Rebound+1"],"picked":"Defragment","floor":29},{"not_picked":["Redo","Stack","Barrage"],"picked":"SKIP","floor":31},{"not_picked":["Conserve Battery+1","Rip and Tear","BootSequence"],"picked":"SKIP","floor":35},{"not_picked":["Rip and Tear+1","Barrage+1"],"picked":"Coolheaded","floor":37},{"not_picked":["Trip","Good Instincts"],"picked":"Finesse","floor":42},{"not_picked":["Go for the Eyes","Storm+1"],"picked":"Chill","floor":46},{"not_picked":["Stack+1","Core Surge","Consume"],"picked":"SKIP","floor":47},{"not_picked":["Redo","Gash"],"picked":"Capacitor+1","floor":48}],"player_experience":495719,"relics_obtained":[{"floor":5,"key":"Potion Belt"},{"floor":9,"key":"Dream Catcher"},{"floor":10,"key":"Happy Flower"},{"floor":13,"key":"Unceasing Top"},{"floor":23,"key":"Letter Opener"},{"floor":26,"key":"Bronze Scales"},{"floor":27,"key":"Question Card"},{"floor":43,"key":"Pear"}],"event_choices":[{"damage_healed":0,"gold_gain":0,"player_choice":"Success","damage_taken":18,"relics_obtained":["The Courier"],"max_hp_gain":0,"max_hp_loss":0,"event_name":"Scrap Ooze","floor":2,"gold_loss":0},{"damage_healed":0,"gold_gain":0,"player_choice":"Entered Light","damage_taken":15,"max_hp_gain":0,"max_hp_loss":0,"event_name":"Shining Light","floor":4,"gold_loss":0,"cards_upgraded":["Defend_B","Defend_B"]},{"damage_healed":0,"gold_gain":75,"player_choice":"Gather Gold","damage_taken":11,"max_hp_gain":0,"max_hp_loss":0,"event_name":"World of Goop","floor":12,"gold_loss":0},{"damage_healed":0,"gold_gain":0,"player_choice":"Upgraded","damage_taken":0,"max_hp_gain":0,"max_hp_loss":0,"event_name":"Upgrade Shrine","floor":19,"gold_loss":0,"cards_upgraded":["Buffer"]},{"damage_healed":0,"gold_gain":100,"player_choice":"Pray","damage_taken":0,"max_hp_gain":0,"max_hp_loss":0,"event_name":"Golden Shrine","floor":36,"gold_loss":0},{"damage_healed":0,"gold_gain":0,"player_choice":"Memory 1","damage_taken":0,"max_hp_gain":0,"max_hp_loss":0,"event_name":"SensoryStone","floor":42,"gold_loss":0},{"damage_healed":0,"gold_gain":0,"player_choice":"Cursed","damage_taken":0,"max_hp_gain":0,"max_hp_loss":0,"event_name":"Wheel of Change","floor":44,"gold_loss":0,"cards_obtained":["Decay"]}],"is_beta":false,"boss_relics":[{"not_picked":["Philosopher\u0027s Stone","Velvet Choker"],"picked":"Nuclear Battery"},{"not_picked":["Cursed Key","Lizard Tail"],"picked":"FrozenCore"}],"items_purged_floors":[3,20],"is_endless":false,"potions_floor_spawned":[1,14,16,25,27,33,37,48],"ascension_level":0}