{"gold_per_floor":[109,7,82,101,128,153,6,35,61,71,96,96,122,134,134,231,231,241,166,166,166,182,182,199,234,234,262,54,88,88,98,98,202,202,220,0,0,13,29,29,64,76,88,60,91,136,148,189,201,213,225,237,33,62,62],"floor_reached":56,"playtime":5522,"items_purged":[],"score":1558,"play_id":"b17f8eb2-54a9-4784-adb7-6ff608f01352","local_time":"20190212025733","is_ascension_mode":true,"campfire_choices":[{"data":"Defragment","floor":15,"key":"SMITH"},{"data":"Consume","floor":23,"key":"SMITH"},{"floor":32,"key":"RECALL"},{"data":"Buffer","floor":40,"key":"SMITH"},{"data":"Creative AI","floor":42,"key":"SMITH"},{"data":"Buffer","floor":47,"key":"SMITH"},{"data":"Coolheaded","floor":49,"key":"SMITH"},{"data":"Seek","floor":52,"key":"SMITH"}],"neow_cost":"NONE","seed_source_timestamp":352373273347068,"circlet_count":0,"master_deck":["Strike_B","Strike_B","Defend_B","Defend_B","Defend_B+1","Defend_B","Zap+1","Dualcast","Defragment+1","Conserve Battery","Compile Driver","Sunder","Cold Snap","Consume+1","Coolheaded+1","Coolheaded","Ball Lightning","Seek+1","Turbo","Cold Snap+1","Capacitor","Double Energy","Creative AI+1","Defragment+1","Self Repair","Buffer+1","FTL+1","Buffer+1","Glacier+1","Core Surge","Loop+1","Defragment+1","Master of Strategy+1","Go for the Eyes","Loop"],"relics":["FrozenCore","Lantern","War Paint","Ancient Tea Set","Letter Opener","PreservedInsect","DataDisk","Oddly Smooth Stone","Inserter","Potion Belt","Incense Burner","Pear","Torii","DollysMirror","Toxic Egg 2","Red Mask","MawBank","Bottled Tornado","Mercury Hourglass","Boot","Centennial Puzzle"],"potions_floor_usage":[6,14,16,27,33,33,39,41,45,48,54],"damage_taken":[{"damage":6,"enemies":"Cultist","floor":1,"turns":4},{"damage":0,"enemies":"Small Slimes","floor":4,"turns":3},{"damage":26,"enemies":"Gremlin Nob","floor":6,"turns":4},{"damage":17,"enemies":"3 Sentries","floor":8,"turns":6},{"damage":0,"enemies":"Jaw Worm","floor":10,"turns":3},{"damage":5,"enemies":"Gremlin Nob","floor":11,"turns":3},{"damage":1,"enemies":"Lagavulin","floor":13,"turns":5},{"damage":1,"enemies":"Gremlin Gang","floor":14,"turns":2},{"damage":5,"enemies":"The Guardian","floor":16,"turns":8},{"damage":0,"enemies":"Shell Parasite","floor":18,"turns":7},{"damage":4,"enemies":"Spheric Guardian","floor":22,"turns":4},{"damage":2,"enemies":"Snake Plant","floor":24,"turns":4},{"damage":21,"enemies":"Book of Stabbing","floor":25,"turns":4},{"damage":15,"enemies":"Slavers","floor":27,"turns":4},{"damage":14,"enemies":"Book of Stabbing","floor":29,"turns":4},{"damage":1,"enemies":"Sentry and Sphere","floor":31,"turns":5},{"damage":0,"enemies":"Collector","floor":33,"turns":9},{"damage":0,"enemies":"3 Shapes","floor":35,"turns":5},{"damage":7,"enemies":"3 Darklings","floor":38,"turns":9},{"damage":0,"enemies":"Maw","floor":39,"turns":12},{"damage":1,"enemies":"Reptomancer","floor":41,"turns":9},{"damage":0,"enemies":"Transient","floor":45,"turns":5},{"damage":0,"enemies":"Nemesis","floor":46,"turns":7},{"damage":0,"enemies":"Reptomancer","floor":48,"turns":8},{"damage":28,"enemies":"Awakened One","floor":50,"turns":14},{"damage":8,"enemies":"Shield and Spear","floor":54,"turns":9},{"damage":28,"enemies":"The Heart","floor":55,"turns":13}],"seed_played":"3585171331182839687","potions_obtained":[{"floor":4,"key":"SneckoOil"},{"floor":11,"key":"SteroidPotion"},{"floor":14,"key":"PowerPotion"},{"floor":18,"key":"Energy Potion"},{"floor":22,"key":"GamblersBrew"},{"floor":27,"key":"Block Potion"},{"floor":31,"key":"AttackPotion"},{"floor":33,"key":"AttackPotion"},{"floor":35,"key":"Explosive Potion"},{"floor":39,"key":"Strength Potion"},{"floor":44,"key":"EntropicBrew"},{"floor":44,"key":"AttackPotion"},{"floor":44,"key":"Poison Potion"},{"floor":46,"key":"Fire Potion"},{"floor":54,"key":"AttackPotion"}],"is_trial":false,"path_per_floor":["$","?","T","M","?","?","?","T","$","?","M","?","?","M","?"],"character_chosen":"DEFECT","items_purchased":["Defragment","Conserve Battery","Ancient Tea Set","DollysMirror","Master of Strategy+1","Go for the Eyes"],"campfire_rested":0,"item_purchase_floors":[2,2,7,28,53,53],"current_hp_per_floor":[69,69,58,58,58,32,32,15,15,15,10,10,9,8,8,3,75,75,75,75,75,71,71,69,48,58,43,43,29,29,28,28,35,85,85,85,85,78,85,85,85,85,85,85,85,85,85,85,85,64,85,85,85,84,56],"gold":62,"neow_bonus":"RANDOM_COMMON_RELIC","is_prod":false,"is_daily":false,"chose_seed":false,"campfire_upgraded":7,"win_rate":0,"timestamp":1549936653,"path_taken":["M","?","?","M","?","E","$","E","T","?","E","?","E","M","R","BOSS","M","?","?","?","M","R","M","E","T","E","?","E","?","?","R","BOSS","M","?","?","?","M","R","E","R","T","?","M","E","R","E","R","BOSS","R","$","E","BOSS"],"build_version":"2019-01-23","purchased_purges":0,"victory":true,"max_hp_per_floor":[75,75,75,75,75,75,75,75,75,75,75,75,75,75,75,75,75,75,75,75,75,75,75,75,75,85,85,85,85,85,85,85,85,85,85,85,85,85,85,85,85,85,85,85,85,85,85,85,85,85,85,85,85,85,85],"card_choices":[{"not_picked":["Rebound","Rip and Tear","Lockon"],"picked":"SKIP","floor":1},{"not_picked":["Chaos","Rebound"],"picked":"Compile Driver","floor":4},{"not_picked":["Storm","Steam"],"picked":"Sunder","floor":6},{"not_picked":["Go for the Eyes","Hologram"],"picked":"Cold Snap","floor":8},{"not_picked":["Sunder","Lockon"],"picked":"Consume","floor":10},{"not_picked":["Gash","Storm"],"picked":"Coolheaded","floor":11},{"not_picked":["Meteor Strike","Cold Snap"],"picked":"Coolheaded","floor":13},{"not_picked":["Genetic Algorithm","Stack"],"picked":"Ball Lightning","floor":14},{"not_picked":["Rainbow","Core Surge"],"picked":"Seek","floor":16},{"not_picked":["Coolheaded","Lockon"],"picked":"Turbo","floor":18},{"not_picked":["Redo","Gash"],"picked":"Cold Snap+1","floor":22},{"not_picked":["Static Discharge+1","BootSequence"],"picked":"Capacitor","floor":24},{"not_picked":["Doom and Gloom","Cold Snap"],"picked":"Double Energy","floor":25},{"not_picked":["Recycle","Tempest+1"],"picked":"Creative AI","floor":27},{"not_picked":["Reinforced Body","Stack+1","Ball Lightning"],"picked":"SKIP","floor":29},{"not_picked":["Rebound","Leap+1"],"picked":"Self Repair","floor":31},{"not_picked":["Machine Learning","All For One"],"picked":"Buffer","floor":33},{"not_picked":["Ball Lightning","Stack+1"],"picked":"FTL+1","floor":35},{"not_picked":["Blizzard+1","Turbo+1"],"picked":"Glacier+1","floor":38},{"not_picked":["Cold Snap+1","Steam+1","Auto Shields+1"],"picked":"SKIP","floor":39},{"not_picked":["Doom and Gloom+1","Compile Driver"],"picked":"Core Surge","floor":41},{"not_picked":["Tempest+1","Hologram+1"],"picked":"Loop+1","floor":45},{"not_picked":["Blizzard+1","Rebound","Streamline+1"],"picked":"SKIP","floor":46},{"not_picked":["Double Energy+1","Undo+1"],"picked":"Defragment+1","floor":48},{"not_picked":["Chill+1","Coolheaded+1"],"picked":"Loop","floor":54}],"player_experience":131483,"relics_obtained":[{"floor":6,"key":"War Paint"},{"floor":8,"key":"Letter Opener"},{"floor":9,"key":"PreservedInsect"},{"floor":11,"key":"DataDisk"},{"floor":13,"key":"Oddly Smooth Stone"},{"floor":21,"key":"Potion Belt"},{"floor":25,"key":"Incense Burner"},{"floor":26,"key":"Pear"},{"floor":27,"key":"Torii"},{"floor":29,"key":"Toxic Egg 2"},{"floor":41,"key":"MawBank"},{"floor":43,"key":"Bottled Tornado"},{"floor":46,"key":"Mercury Hourglass"},{"floor":48,"key":"Boot"},{"floor":54,"key":"Centennial Puzzle"}],"event_choices":[{"damage_healed":0,"gold_gain":75,"player_choice":"Gather Gold","damage_taken":11,"max_hp_gain":0,"max_hp_loss":0,"event_name":"World of Goop","floor":3,"gold_loss":0},{"cards_removed":["Strike_B"],"damage_healed":0,"gold_gain":0,"player_choice":"Offered Basic","damage_taken":0,"max_hp_gain":0,"max_hp_loss":0,"event_name":"Bonfire Elementals","floor":12,"gold_loss":0},{"cards_removed":["Strike_B"],"damage_healed":0,"gold_gain":0,"player_choice":"Gave Gold","damage_taken":0,"max_hp_gain":0,"max_hp_loss":0,"event_name":"Beggar","floor":19,"gold_loss":75},{"damage_healed":0,"gold_gain":0,"player_choice":"Ignored","damage_taken":0,"max_hp_gain":0,"max_hp_loss":0,"event_name":"Vampires","floor":20,"gold_loss":0},{"damage_healed":0,"gold_gain":0,"player_choice":"Ignored","damage_taken":0,"max_hp_gain":0,"max_hp_loss":0,"event_name":"N\u0027loth","floor":30,"gold_loss":0},{"damage_healed":0,"gold_gain":0,"player_choice":"Paid","damage_taken":0,"relics_obtained":["Red Mask"],"max_hp_gain":0,"max_hp_loss":0,"event_name":"Tomb of Lord Red Mask","floor":36,"gold_loss":220},{"damage_healed":0,"gold_gain":0,"player_choice":"Copied","damage_taken":0,"max_hp_gain":0,"max_hp_loss":0,"event_name":"Duplicator","floor":37,"gold_loss":0,"cards_obtained":["Buffer"]},{"damage_healed":0,"gold_gain":0,"player_choice":"Bought 3 Potions","damage_taken":0,"max_hp_gain":0,"max_hp_loss":0,"event_name":"The Woman in Blue","floor":44,"gold_loss":0}],"is_beta":false,"boss_relics":[{"not_picked":["Black Star","Tiny House"],"picked":"Inserter"},{"not_picked":["Calling Bell","Orrery"],"picked":"FrozenCore"}],"items_purged_floors":[],"is_endless":false,"potions_floor_spawned":[4,11,14,18,22,27,31,33,35,39,46,54],"ascension_level":3}