{"gold_per_floor":[114,133,133,151,151,186,186,200,200,66,66,93,108,108,108,185,185,201,201,220,220,247,247,264,264,264,364,364,377,397,431,431,506,506,516,516,563,580,605,605,617,645,645,398,320,339,40,52,52,52],"floor_reached":51,"playtime":12980,"items_purged":["Survivor","Parasite"],"score":1204,"play_id":"91b519b1-9d18-4a73-acb7-a33d76a156e6","local_time":"20181226174753","is_ascension_mode":true,"campfire_choices":[{"floor":7.0,"key":"REST"},{"floor":15.0,"key":"REST"},{"floor":23.0,"key":"REST"},{"floor":25.0,"key":"REST"},{"floor":32.0,"key":"REST"},{"floor":40,"key":"REST"},{"floor":49,"key":"REST"}],"neow_cost":"NONE","seed_source_timestamp":0,"circlet_count":0,"master_deck":["AscendersBane","Defend_G+1","Defend_G+1","Defend_G+1","Defend_G+1","Defend_G+1","Strike_G+1","Strike_G+1","Strike_G+1","Strike_G+1","Neutralize","Predator+1","Predator+1","Bullet Time","Terror","Tools of the Trade+1","Well Laid Plans+1","Acrobatics","Leg Sweep+1","Wraith Form v2+1","Acrobatics+1","After Image+1","Terror","Panache+1","Backflip+1"],"special_seed":0,"relics":["Fusion Hammer","Ornamental Fan","Dodecahedron","Tiny Chest","Frozen Egg 2","Runic Dome","Nilry\u0027s Codex","Red Mask","Bronze Scales","Meat on the Bone","Tingsha","Pen Nib","War Paint","White Beast Statue","Torii","Potion Belt","Oddly Smooth Stone","Pantograph","Whetstone"],"potions_floor_usage":[46,50,50],"damage_taken":[{"damage":0.0,"enemies":"2 Louse","floor":1.0,"turns":3.0},{"damage":0.0,"enemies":"Cultist","floor":2.0,"turns":3.0},{"damage":0.0,"enemies":"Small Slimes","floor":4.0,"turns":4.0},{"damage":12.0,"enemies":"3 Sentries","floor":6.0,"turns":7.0},{"damage":5.0,"enemies":"2 Fungi Beasts","floor":8.0,"turns":3.0},{"damage":5.0,"enemies":"Lagavulin","floor":12.0,"turns":7.0},{"damage":0.0,"enemies":"Large Slime","floor":13.0,"turns":5.0},{"damage":35.0,"enemies":"Slime Boss","floor":16.0,"turns":11.0},{"damage":9.0,"enemies":"Spheric Guardian","floor":18.0,"turns":4.0},{"damage":4.0,"enemies":"Chosen","floor":20.0,"turns":4.0},{"damage":11.0,"enemies":"Masked Bandits","floor":22.0,"turns":4.0},{"damage":19.0,"enemies":"Snecko","floor":24.0,"turns":5.0},{"damage":0.0,"enemies":"Colosseum Slavers","floor":27.0,"turns":4.0},{"damage":13.0,"enemies":"Colosseum Nobs","floor":27.0,"turns":5.0},{"damage":4.0,"enemies":"Chosen and Byrds","floor":29.0,"turns":4.0},{"damage":3.0,"enemies":"Cultist and Chosen","floor":30.0,"turns":5.0},{"damage":2.0,"enemies":"Book of Stabbing","floor":31.0,"turns":4.0},{"damage":19.0,"enemies":"Automaton","floor":33.0,"turns":8.0},{"damage":24,"enemies":"3 Darklings","floor":35,"turns":5},{"damage":7,"enemies":"2 Orb Walkers","floor":37,"turns":5},{"damage":0,"enemies":"Orb Walker","floor":38,"turns":4},{"damage":0,"enemies":"Transient","floor":41,"turns":5},{"damage":1,"enemies":"Nemesis","floor":42,"turns":7},{"damage":0,"enemies":"Writhing Mass","floor":46,"turns":6},{"damage":0,"enemies":"4 Shapes","floor":48,"turns":5},{"damage":25,"enemies":"Donu and Deca","floor":50,"turns":9}],"seed_played":"3577863383221695963","potions_obtained":[{"floor":1.0,"key":"FearPotion"},{"floor":8.0,"key":"Explosive Potion"},{"floor":12.0,"key":"Regen Potion"},{"floor":18.0,"key":"FairyPotion"},{"floor":20.0,"key":"SteroidPotion"},{"floor":27.0,"key":"Poison Potion"},{"floor":30.0,"key":"GamblersBrew"},{"floor":31.0,"key":"Explosive Potion"},{"floor":35,"key":"FairyPotion"},{"floor":37,"key":"SteroidPotion"},{"floor":38,"key":"AttackPotion"},{"floor":41,"key":"Poison Potion"},{"floor":42,"key":"FearPotion"},{"floor":46,"key":"Energy Potion"},{"floor":48,"key":"Strength Potion"}],"is_trial":false,"path_per_floor":["M","M","?","M","?","E","R","M","T","$","?","E","M","?","R","B",null,"M","?","M","?","?","R","M","R","T","?","T","M","M","E","R","B",null,"M","?","?","M","T","R","M","E","T","$","$","M","$","M","R","B",null],"character_chosen":"THE_SILENT","items_purchased":["Tiny Chest","Whetstone","Terror","Panache+1"],"campfire_rested":7,"item_purchase_floors":[10,44,45,47],"current_hp_per_floor":[59,59,59,59,59,47,66,61,61,61,61,56,56,36,55,20,55,46,46,54,33,22,41,22,41,41,28,28,36,45,43,62,43,60,36,36,41,41,41,60,60,59,59,59,59,59,59,59,63,38],"gold":52,"neow_bonus":"BOSS_RELIC","is_prod":false,"is_daily":false,"chose_seed":false,"campfire_upgraded":0,"win_rate":0,"timestamp":1545842873,"path_taken":["M","M","?","?","?","E","R","M","T","$","?","E","M","?","R","BOSS","M","?","M","?","?","R","M","R","T","?","?","?","M","E","R","BOSS","M","?","?","M","?","R","M","E","T","?","$","M","$","M","R","BOSS"],"build_version":"2018-12-20","purchased_purges":2,"victory":true,"max_hp_per_floor":[66,66,66,66,66,66,66,66,66,66,66,66,66,66,66,66,66,66,66,66,66,66,66,66,66,66,66,66,66,66,66,66,66,66,66,66,66,66,66,66,66,66,66,66,66,66,63,63,63,63],"card_choices":[{"not_picked":["Reflex","Poisoned Stab"],"picked":"Predator","floor":1.0},{"not_picked":["Deflect","Finisher","Prepared"],"picked":"SKIP","floor":2.0},{"not_picked":["Catalyst","Dagger Throw"],"picked":"Predator","floor":4.0},{"not_picked":["Dash","Flying Knee"],"picked":"Bullet Time","floor":6.0},{"not_picked":["Heel Hook","Dagger Throw"],"picked":"Terror","floor":8.0},{"not_picked":["Sucker Punch","Poisoned Stab","Infinite Blades"],"picked":"SKIP","floor":12.0},{"not_picked":["All Out Attack","Cloak And Dagger","Blade Dance"],"picked":"SKIP","floor":13.0},{"not_picked":["Envenom+1","Burst"],"picked":"Tools of the Trade+1","floor":16.0},{"not_picked":["Quick Slash","Slice"],"picked":"Well Laid Plans+1","floor":18.0},{"not_picked":["Flying Knee","Deflect","Dodge and Roll"],"picked":"SKIP","floor":20.0},{"not_picked":["Dodge and Roll","Infinite Blades+1"],"picked":"Acrobatics","floor":22.0},{"not_picked":["Reflex","Tactician+1"],"picked":"Leg Sweep","floor":24.0},{"not_picked":["Bane","Blur"],"picked":"Wraith Form v2+1","floor":29.0},{"not_picked":["Backflip","Underhanded Strike"],"picked":"Acrobatics","floor":30.0},{"not_picked":["Quick Slash","Slice","Cloak And Dagger"],"picked":"SKIP","floor":31.0},{"not_picked":["Malaise","Venomology"],"picked":"After Image+1","floor":33.0},{"not_picked":["Quick Slash","Sucker Punch","Skewer"],"picked":"SKIP","floor":35},{"not_picked":["Sucker Punch","Finisher","Blur"],"picked":"SKIP","floor":38},{"not_picked":["Cloak And Dagger","Slice","Skewer"],"picked":"SKIP","floor":41},{"not_picked":["PiercingWail","Distraction+1","Quick Slash"],"picked":"SKIP","floor":42},{"not_picked":["Cloak And Dagger+1","Quick Slash","Burst"],"picked":"SKIP","floor":46},{"not_picked":["Dagger Spray","Skewer+1"],"picked":"Backflip+1","floor":48}],"player_experience":660971,"relics_obtained":[{"floor":6.0,"key":"Ornamental Fan"},{"floor":9.0,"key":"Dodecahedron"},{"floor":12.0,"key":"Frozen Egg 2"},{"floor":21.0,"key":"Nilry\u0027s Codex"},{"floor":22.0,"key":"Red Mask"},{"floor":26.0,"key":"Bronze Scales"},{"floor":27.0,"key":"Meat on the Bone"},{"floor":27.0,"key":"Tingsha"},{"floor":28.0,"key":"Pen Nib"},{"floor":31.0,"key":"War Paint"},{"floor":37,"key":"Torii"},{"floor":39,"key":"Potion Belt"},{"floor":42,"key":"Oddly Smooth Stone"},{"floor":43,"key":"Pantograph"}],"event_choices":[{"damage_healed":0.0,"max_hp_gain":0.0,"max_hp_loss":0.0,"gold_gain":0.0,"event_name":"Match and Keep!","player_choice":"0 cards matched","floor":3.0,"gold_loss":0.0,"damage_taken":0.0,"cards_obtained":[]},{"damage_healed":0.0,"max_hp_gain":0.0,"max_hp_loss":0.0,"gold_gain":0.0,"event_name":"Liars Game","player_choice":"Ignored","floor":5.0,"gold_loss":0.0,"damage_taken":0.0},{"damage_healed":0.0,"max_hp_gain":0.0,"max_hp_loss":0.0,"gold_gain":0.0,"event_name":"The Cleric","player_choice":"Leave","floor":11.0,"gold_loss":0.0,"damage_taken":0.0},{"damage_healed":0.0,"max_hp_gain":0.0,"max_hp_loss":0.0,"gold_gain":0.0,"event_name":"Shining Light","player_choice":"Entered Light","floor":14.0,"gold_loss":0.0,"damage_taken":20.0,"cards_upgraded":["Strike_G","Strike_G"]},{"damage_healed":0.0,"max_hp_gain":0.0,"max_hp_loss":0.0,"gold_gain":0.0,"event_name":"Back to Basics","player_choice":"Simplicity","floor":19.0,"gold_loss":0.0,"damage_taken":0.0,"cards_upgraded":["Defend_G","Defend_G","Defend_G","Defend_G","Defend_G","Strike_G","Strike_G","Strike_G"]},{"damage_healed":0.0,"max_hp_gain":0.0,"max_hp_loss":0.0,"gold_gain":0.0,"event_name":"Cursed Tome","player_choice":"Obtained Book","floor":21.0,"gold_loss":0.0,"damage_taken":21.0},{"damage_healed":0.0,"max_hp_gain":0.0,"max_hp_loss":0.0,"gold_gain":0.0,"event_name":"Masked Bandits","player_choice":"Fought Bandits","floor":22.0,"gold_loss":0.0,"damage_taken":0.0},{"damage_healed":0.0,"max_hp_gain":0.0,"max_hp_loss":0.0,"gold_gain":0.0,"event_name":"Colosseum","player_choice":"Fight","floor":27.0,"gold_loss":0.0,"damage_taken":0.0},{"damage_healed":0.0,"max_hp_gain":0.0,"max_hp_loss":0.0,"gold_gain":0.0,"event_name":"Colosseum","player_choice":"Fought Nobs","floor":27.0,"gold_loss":0.0,"damage_taken":0.0},{"cards_removed":["Strike_G"],"damage_healed":0,"gold_gain":0,"player_choice":"Removed Attack","damage_taken":0,"max_hp_gain":0,"max_hp_loss":0,"event_name":"Falling","floor":36,"gold_loss":0},{"damage_healed":0,"gold_gain":0,"player_choice":"Fight","damage_taken":0,"max_hp_gain":0,"max_hp_loss":0,"event_name":"Mysterious Sphere","floor":37,"gold_loss":0}],"is_beta":false,"boss_relics":[{"not_picked":["Philosopher\u0027s Stone","Ectoplasm"],"picked":"Runic Dome"},{"not_picked":["Velvet Choker","Pandora\u0027s Box"],"picked":"White Beast Statue"}],"items_purged_floors":[44,47],"is_endless":false,"potions_floor_spawned":[1,8,12,13,18,20,27,30,31,35,37,38,41,42,46,48],"ascension_level":16}