{"gold_per_floor":[113,113,127,143,72,72,107,123,123,134,134,134,134,161,161,235,235,245,245,256,256,268,268,125,125,171,221,71,81,95,105,105,105],"floor_reached":33,"playtime":800,"items_purged":["Strike_B","Strike_B"],"score":450,"play_id":"ab2b3300-8274-494a-9d5c-455337e1da03","local_time":"20190221172649","is_ascension_mode":true,"campfire_choices":[{"data":"Zap","floor":6.0,"key":"SMITH"},{"floor":13.0,"key":"REST"},{"floor":15.0,"key":"REST"},{"data":"Conserve Battery","floor":23.0,"key":"SMITH"},{"data":"Loop","floor":25.0,"key":"SMITH"},{"floor":32.0,"key":"REST"}],"neow_cost":"PERCENT_DAMAGE","seed_source_timestamp":767286001976550,"circlet_count":0,"master_deck":["AscendersBane","Strike_B","Defend_B","Defend_B","Defend_B","Defend_B","Zap+1","Dualcast+1","All For One","Gash","Electrodynamics","Sunder","FTL","Conserve Battery+1","Ball Lightning","Cold Snap","Doom and Gloom","Thunder Strike","Ball Lightning","White Noise","Conserve Battery","Storm+1","Loop+1","Cold Snap","Leap"],"special_seed":0,"relics":["Cracked Core","Bottled Tornado","Kunai","Pen Nib","Nuclear Battery","Omamori"],"potions_floor_usage":[33,33],"damage_taken":[{"damage":7.0,"enemies":"Jaw Worm","floor":1.0,"turns":3.0},{"damage":0.0,"enemies":"Small Slimes","floor":3.0,"turns":2.0},{"damage":1.0,"enemies":"Cultist","floor":4.0,"turns":3.0},{"damage":36.0,"enemies":"Gremlin Nob","floor":7.0,"turns":4.0},{"damage":1.0,"enemies":"Exordium Wildlife","floor":8.0,"turns":2.0},{"damage":0.0,"enemies":"Red Slaver","floor":10.0,"turns":2.0},{"damage":10.0,"enemies":"3 Sentries","floor":14.0,"turns":3.0},{"damage":21.0,"enemies":"Slime Boss","floor":16.0,"turns":9.0},{"damage":0.0,"enemies":"3 Byrds","floor":18.0,"turns":1.0},{"damage":8.0,"enemies":"2 Thieves","floor":20.0,"turns":2.0},{"damage":33.0,"enemies":"Snake Plant","floor":22.0,"turns":4.0},{"damage":0.0,"enemies":"3 Cultists","floor":29.0,"turns":2.0},{"damage":7.0,"enemies":"Centurion and Healer","floor":30.0,"turns":4.0},{"damage":0.0,"enemies":"Sentry and Sphere","floor":31.0,"turns":2.0},{"damage":36,"enemies":"Champ","floor":33,"turns":6}],"seed_played":"-3934459047361007309","potions_obtained":[{"floor":7.0,"key":"Swift Potion"},{"floor":10.0,"key":"FocusPotion"},{"floor":16.0,"key":"FocusPotion"}],"is_trial":false,"path_per_floor":["M","?","M","M","$","R","E","M","T","M","?","?","R","E","R","B",null,"M","?","M","?","M","R","$","R","T","?","$","M","M","M","R","B"],"character_chosen":"DEFECT","items_purchased":["FTL","Loop","Cold Snap"],"campfire_rested":3,"item_purchase_floors":[5,24,28],"current_hp_per_floor":[39,44,44,43,43,43,7,6,6,6,6,6,28,18,40,19,62,62,62,54,54,21,21,21,21,21,21,21,21,14,14,36,0],"gold":105,"neow_bonus":"THREE_RARE_CARDS","is_prod":false,"is_daily":false,"chose_seed":false,"campfire_upgraded":3,"win_rate":0,"timestamp":1550791609,"path_taken":["M","?","M","M","$","R","E","M","T","M","?","?","R","E","R","BOSS","M","?","?","?","?","R","?","R","T","?","$","M","M","M","R","BOSS"],"build_version":"2019-01-23","purchased_purges":2,"victory":false,"max_hp_per_floor":[71,76,76,76,76,76,76,76,76,76,76,76,76,76,76,76,76,76,76,76,76,76,76,76,76,76,76,76,76,76,76,76,76],"card_choices":[{"not_picked":["Reboot","Echo Form"],"picked":"All For One","floor":0.0},{"not_picked":["Cold Snap","Glacier"],"picked":"Gash","floor":1.0},{"not_picked":["Streamline","Barrage"],"picked":"Electrodynamics","floor":3.0},{"not_picked":["Stack","Aggregate"],"picked":"Sunder","floor":4.0},{"not_picked":["Static Discharge","Redo"],"picked":"Conserve Battery","floor":7.0},{"not_picked":["Leap","Darkness"],"picked":"Ball Lightning","floor":8.0},{"not_picked":["Redo","Leap"],"picked":"Cold Snap","floor":10.0},{"not_picked":["Static Discharge","Auto Shields"],"picked":"Doom and Gloom","floor":14.0},{"not_picked":["Core Surge","Meteor Strike"],"picked":"Thunder Strike","floor":16.0},{"not_picked":["Gash","Skim"],"picked":"Ball Lightning","floor":18.0},{"not_picked":["Reprogram","Darkness"],"picked":"White Noise","floor":20.0},{"not_picked":["Stack","Gash"],"picked":"Storm+1","floor":22.0},{"not_picked":["Turbo","Aggregate"],"picked":"Leap","floor":29.0},{"not_picked":["Blizzard","All For One","Steam"],"picked":"SKIP","floor":30.0},{"not_picked":["Auto Shields","Steam Power","Gash"],"picked":"SKIP","floor":31.0}],"player_experience":198889,"relics_obtained":[{"floor":7.0,"key":"Bottled Tornado"},{"floor":9.0,"key":"Kunai"},{"floor":14.0,"key":"Pen Nib"},{"floor":26.0,"key":"Omamori"}],"event_choices":[{"damage_healed":0.0,"max_hp_gain":5.0,"max_hp_loss":0.0,"gold_gain":0.0,"event_name":"Big Fish","player_choice":"Donut","floor":2.0,"gold_loss":0.0,"damage_taken":0.0},{"damage_healed":0.0,"max_hp_gain":0.0,"max_hp_loss":0.0,"gold_gain":0.0,"event_name":"Living Wall","player_choice":"Grow","floor":11.0,"gold_loss":0.0,"damage_taken":0.0,"cards_upgraded":["Dualcast"]},{"damage_healed":0.0,"max_hp_gain":0.0,"max_hp_loss":0.0,"gold_gain":0.0,"event_name":"Shining Light","player_choice":"Ignored","floor":12.0,"gold_loss":0.0,"damage_taken":0.0},{"cards_removed":["Strike_B"],"damage_healed":0.0,"max_hp_gain":0.0,"max_hp_loss":0.0,"gold_gain":0.0,"event_name":"Purifier","player_choice":"Purged","floor":19.0,"gold_loss":0.0,"damage_taken":0.0},{"damage_healed":0.0,"max_hp_gain":0.0,"max_hp_loss":0.0,"gold_gain":0.0,"event_name":"Duplicator","player_choice":"Copied","floor":21.0,"gold_loss":0.0,"damage_taken":0.0,"cards_obtained":["Conserve Battery"]},{"damage_healed":0.0,"max_hp_gain":0.0,"max_hp_loss":0.0,"gold_gain":50.0,"event_name":"Nest","player_choice":"Stole From Cult","floor":27.0,"gold_loss":0.0,"damage_taken":0.0}],"is_beta":false,"boss_relics":[{"not_picked":["Lizard Tail","Coffee Dripper"],"picked":"Nuclear Battery"}],"items_purged_floors":[24,28],"is_endless":false,"potions_floor_spawned":[7,10,16,18,29,30],"killed_by":"Champ","ascension_level":15}