{"gold_per_floor":[110,127,141,216,216,216,216,252,252,279,307,344,356],"floor_reached":13,"playtime":446,"items_purged":[],"score":91,"play_id":"e7c932f6-1511-4f2d-b2e0-bcca15adc3db","local_time":"20190107001647","is_ascension_mode":true,"campfire_choices":[{"data":"Dualcast","floor":6,"key":"SMITH"}],"neow_cost":"NONE","seed_source_timestamp":649771886449819,"circlet_count":0,"master_deck":["Strike_B","Strike_B","Strike_B","Defend_B","Defend_B","Defend_B","Defend_B","Zap","Dualcast+1","Amplify","Ball Lightning","Beam Cell","Compile Driver","Seek","Turbo","Stack","Go for the Eyes+1","Ball Lightning+1"],"relics":["Cracked Core","Golden Idol","Molten Egg 2","MawBank"],"potions_floor_usage":[],"damage_taken":[{"damage":12,"enemies":"2 Louse","floor":1,"turns":2},{"damage":6,"enemies":"Jaw Worm","floor":2,"turns":3},{"damage":0,"enemies":"Cultist","floor":3,"turns":2},{"damage":3,"enemies":"Gremlin Nob","floor":8,"turns":3},{"damage":8,"enemies":"Lots of Slimes","floor":10,"turns":4},{"damage":13,"enemies":"3 Louse","floor":11,"turns":2},{"damage":0,"enemies":"Large Slime","floor":12,"turns":6},{"damage":26,"enemies":"Gremlin Gang","floor":13,"turns":3}],"seed_played":"101621832308454598","potions_obtained":[{"floor":3,"key":"Regen Potion"},{"floor":12,"key":"SmokeBomb"}],"is_trial":false,"path_per_floor":["M","M","M","?","?","R","?","E","T","M","M","M","M"],"character_chosen":"DEFECT","items_purchased":[],"campfire_rested":0,"item_purchase_floors":[],"current_hp_per_floor":[63,57,57,46,46,46,46,43,43,35,22,22,0],"gold":356,"neow_bonus":"ONE_RANDOM_RARE_CARD","is_prod":false,"is_daily":false,"chose_seed":false,"campfire_upgraded":1,"win_rate":0,"timestamp":1546841807,"path_taken":["M","M","M","?","?","R","?","E","T","M","M","?","M"],"build_version":"2019-01-03v4","purchased_purges":0,"victory":false,"max_hp_per_floor":[75,75,75,75,69,69,69,69,69,69,69,69,69],"card_choices":[{"not_picked":["Redo","Cold Snap"],"picked":"Ball Lightning","floor":1},{"not_picked":["Streamline","Leap"],"picked":"Beam Cell","floor":2},{"not_picked":["All For One","Recycle"],"picked":"Compile Driver","floor":3},{"not_picked":["Streamline","Thunder Strike"],"picked":"Turbo","floor":8},{"not_picked":["Recycle","Auto Shields"],"picked":"Stack","floor":10},{"not_picked":["Rebound+1","Redo"],"picked":"Go for the Eyes+1","floor":11},{"not_picked":["Steam Power","Leap"],"picked":"Ball Lightning+1","floor":12}],"player_experience":49654,"relics_obtained":[{"floor":8,"key":"Molten Egg 2"},{"floor":9,"key":"MawBank"}],"event_choices":[{"damage_healed":0,"gold_gain":75,"player_choice":"Gather Gold","damage_taken":11,"max_hp_gain":0,"max_hp_loss":0,"event_name":"World of Goop","floor":4,"gold_loss":0},{"damage_healed":0,"gold_gain":0,"player_choice":"Lose Max HP","damage_taken":0,"relics_obtained":["Golden Idol"],"max_hp_gain":0,"max_hp_loss":6,"event_name":"Golden Idol","floor":5,"gold_loss":0},{"damage_healed":0,"gold_gain":0,"cards_transformed":["Strike_B"],"player_choice":"Change","damage_taken":0,"max_hp_gain":0,"max_hp_loss":0,"event_name":"Living Wall","floor":7,"gold_loss":0,"cards_obtained":["Seek"]}],"is_beta":false,"boss_relics":[],"items_purged_floors":[],"is_endless":false,"potions_floor_spawned":[3,12],"killed_by":"Gremlin Gang","ascension_level":1}