{"gold_per_floor":[109,127,30,30,30,30,95,95,95,108,118,118,9,27,27,129,129,149,159,58,76,93,93,103,116,184,217,24,24,37,52,52,52],"floor_reached":33,"playtime":2290,"items_purged":[],"score":329,"play_id":"5e04d591-1c46-4f83-882f-0157823a1f37","local_time":"20190125233654","is_ascension_mode":true,"campfire_choices":[{"data":"Zap","floor":6,"key":"SMITH"},{"data":"Glacier","floor":8,"key":"SMITH"},{"data":"Go for the Eyes","floor":12,"key":"SMITH"},{"floor":15,"key":"REST"},{"floor":23,"key":"REST"},{"floor":32,"key":"REST"}],"neow_cost":"NONE","seed_source_timestamp":787298938601216,"circlet_count":0,"master_deck":["Strike_B","Strike_B","Strike_B","Strike_B","Defend_B","Defend_B","Defend_B","Defend_B","Zap+1","Dualcast","Coolheaded","Coolheaded","Self Repair","Go for the Eyes+1","Glacier+1","Turbo","Compile Driver","Storm","Skim","Loop","Buffer","Cold Snap","Sweeping Beam","Hologram","BootSequence","Conserve Battery","Leap","Redo+1","Ball Lightning","Turbo+1"],"relics":["Cracked Core","NeowsBlessing","Tiny Chest","Pear","Fusion Hammer","Shuriken","Red Mask","Runic Capacitor"],"potions_floor_usage":[16,22,27,27,33,33],"damage_taken":[{"damage":0,"enemies":"2 Louse","floor":1,"turns":1},{"damage":0,"enemies":"Small Slimes","floor":2,"turns":1},{"damage":0,"enemies":"3 Sentries","floor":7,"turns":1},{"damage":0,"enemies":"Jaw Worm","floor":10,"turns":4},{"damage":15,"enemies":"Lots of Slimes","floor":11,"turns":6},{"damage":14,"enemies":"Exordium Wildlife","floor":14,"turns":4},{"damage":51,"enemies":"The Guardian","floor":16,"turns":23},{"damage":1,"enemies":"Spheric Guardian","floor":18,"turns":5},{"damage":30,"enemies":"Chosen","floor":19,"turns":7},{"damage":18,"enemies":"Centurion and Healer","floor":21,"turns":7},{"damage":10,"enemies":"Shelled Parasite and Fungi","floor":22,"turns":13},{"damage":11,"enemies":"Snake Plant","floor":24,"turns":10},{"damage":39,"enemies":"Cultist and Chosen","floor":25,"turns":12},{"damage":3,"enemies":"Masked Bandits","floor":27,"turns":8},{"damage":54,"enemies":"3 Cultists","floor":30,"turns":6},{"damage":18,"enemies":"Chosen and Byrds","floor":31,"turns":6},{"damage":71,"enemies":"Automaton","floor":33,"turns":10}],"seed_played":"7438964616750543326","potions_obtained":[{"floor":7,"key":"Weak Potion"},{"floor":10,"key":"GamblersBrew"},{"floor":11,"key":"Weak Potion"},{"floor":21,"key":"Regen Potion"},{"floor":22,"key":"Energy Potion"},{"floor":30,"key":"FairyPotion"},{"floor":31,"key":"SteroidPotion"}],"is_trial":false,"path_per_floor":["M","M","$","?","?","R","E","R","T","M","M","R","$","M","R","B",null,"M","M","$","M","M","R","M","M","T","?","$","?","M","M","R","B"],"character_chosen":"DEFECT","items_purchased":["Self Repair","Go for the Eyes","Storm","Skim","Hologram","FocusPotion","Runic Capacitor"],"campfire_rested":3,"item_purchase_floors":[3,3,13,13,20,20,28],"current_hp_per_floor":[75,75,75,80,80,80,80,80,90,90,82,82,82,75,90,46,90,90,67,67,56,68,90,86,54,54,58,58,88,41,30,57,0],"gold":52,"neow_bonus":"THREE_ENEMY_KILL","is_prod":false,"is_daily":false,"chose_seed":false,"campfire_upgraded":3,"win_rate":0,"timestamp":1548477414,"path_taken":["M","M","$","?","?","R","E","R","T","M","M","R","?","M","R","BOSS","M","M","$","M","?","R","M","M","T","?","$","?","M","M","R","BOSS"],"build_version":"2019-01-23","purchased_purges":0,"victory":false,"max_hp_per_floor":[75,75,75,80,80,80,80,80,90,90,90,90,90,90,90,90,90,90,90,90,90,90,90,90,90,90,90,90,90,90,90,90,90],"card_choices":[{"not_picked":["Redo","Beam Cell"],"picked":"Coolheaded","floor":1},{"not_picked":["Reinforced Body","Ball Lightning"],"picked":"Coolheaded","floor":2},{"not_picked":["Blizzard","Steam"],"picked":"Glacier","floor":7},{"not_picked":["Ball Lightning","Biased Cognition"],"picked":"Turbo","floor":10},{"not_picked":["Streamline","Skim"],"picked":"Compile Driver","floor":11},{"not_picked":["Stack","Streamline"],"picked":"Loop","floor":14},{"not_picked":["Multi-Cast","Biased Cognition"],"picked":"Buffer","floor":16},{"not_picked":["Force Field+1","Double Energy"],"picked":"Cold Snap","floor":18},{"not_picked":["Streamline","Turbo+1"],"picked":"Sweeping Beam","floor":19},{"not_picked":["Rebound","Leap+1"],"picked":"BootSequence","floor":21},{"not_picked":["Consume","Barrage"],"picked":"Conserve Battery","floor":22},{"not_picked":["Steam","Auto Shields","Genetic Algorithm"],"picked":"SKIP","floor":24},{"not_picked":["Sunder","BootSequence"],"picked":"Leap","floor":25},{"not_picked":["Barrage","Stack+1"],"picked":"Redo+1","floor":27},{"not_picked":["Scrape","Loop"],"picked":"Ball Lightning","floor":30},{"not_picked":["Storm","Loop"],"picked":"Turbo+1","floor":31}],"player_experience":229214,"relics_obtained":[{"floor":7,"key":"Tiny Chest"},{"floor":9,"key":"Pear"},{"floor":26,"key":"Shuriken"},{"floor":27,"key":"Red Mask"}],"event_choices":[{"damage_healed":0,"gold_gain":0,"player_choice":"Donut","damage_taken":0,"max_hp_gain":5,"max_hp_loss":0,"event_name":"Big Fish","floor":4,"gold_loss":0},{"damage_healed":0,"gold_gain":0,"player_choice":"Leave","damage_taken":0,"max_hp_gain":0,"max_hp_loss":0,"event_name":"The Cleric","floor":5,"gold_loss":0},{"damage_healed":0,"gold_gain":0,"player_choice":"Fought Bandits","damage_taken":0,"max_hp_gain":0,"max_hp_loss":0,"event_name":"Masked Bandits","floor":27,"gold_loss":0},{"damage_healed":30,"gold_gain":0,"player_choice":"Heal","damage_taken":0,"max_hp_gain":0,"max_hp_loss":0,"event_name":"The Library","floor":29,"gold_loss":0}],"is_beta":false,"boss_relics":[{"not_picked":["Ectoplasm","Cursed Key"],"picked":"Fusion Hammer"}],"items_purged_floors":[],"is_endless":false,"potions_floor_spawned":[7,10,11,21,22,30,31],"killed_by":"Automaton","ascension_level":2}