{"gold_per_floor":[114,114,129,144,121,121,151,151,226,241,256,256,271,298,310,422,434,491,518,545,92,107,107,137,152,202,2,2,17,32,47,47,147,147,162,12,27,42,57,87,87,102,177,177,177,277,292,307,307,307],"floor_reached":50,"playtime":3612,"items_purged":[],"score":629,"play_id":"2ffd923e-5a46-49a8-8d9d-0fb15d2be0a8","local_time":"20190117033756","daily_mods":["Specialized","Vintage","DeadlyEvents"],"is_ascension_mode":false,"campfire_choices":[{"data":"Neutralize","floor":6,"key":"SMITH"},{"data":"Setup","floor":8,"key":"SMITH"},{"floor":15,"key":"REST"},{"floor":23,"key":"REST"},{"data":"Panacea","floor":28,"key":"SMITH"},{"data":"After Image","floor":32,"key":"SMITH"},{"floor":41,"key":"REST"},{"data":"Distraction","floor":44,"key":"SMITH"},{"floor":49,"key":"REST"}],"neow_cost":"","seed_source_timestamp":20386922111753,"circlet_count":0,"master_deck":["Defend_G","Defend_G","Defend_G+1","Strike_G","Strike_G","Strike_G","Strike_G","Strike_G","Survivor","Neutralize+1","Unload","Unload","Unload+1","Unload","Cloak And Dagger+1","Slice","Setup+1","After Image+1","Panacea+1","Well Laid Plans","Blur","Grand Finale","Distraction+1","Underhanded Strike+1"],"special_seed":17913,"relics":["Ring of the Snake","Regal Pillow","Ice Cream","Whetstone","FossilizedHelix","Bottled Flame","Darkstone Periapt","Blue Candle","MawBank","Pen Nib","Eternal Feather","Tiny Chest","Potion Belt","Lantern","Toy Ornithopter","Blood Vial","Ornamental Fan","Bottled Lightning","Kunai","Ancient Tea Set","Omamori","Mercury Hourglass","Smiling Mask","War Paint","Black Star","Centennial Puzzle","Art of War","Paper Crane","Singing Bowl","Bottled Tornado","Anchor","Meat on the Bone","Letter Opener","Mummified Hand","Mango","Oddly Smooth Stone","Bronze Scales"],"potions_floor_usage":[14,16,16,18,24,24,33,33,33,33,40,47,48,50,50],"damage_taken":[{"damage":0,"enemies":"Cultist","floor":1,"turns":2},{"damage":0,"enemies":"Small Slimes","floor":3,"turns":2},{"damage":0,"enemies":"Jaw Worm","floor":4,"turns":1},{"damage":6,"enemies":"Gremlin Nob","floor":7,"turns":3},{"damage":6,"enemies":"3 Louse","floor":10,"turns":2},{"damage":0,"enemies":"Looter","floor":11,"turns":2},{"damage":0,"enemies":"Blue Slaver","floor":13,"turns":1},{"damage":0,"enemies":"Large Slime","floor":14,"turns":3},{"damage":21,"enemies":"Hexaghost","floor":16,"turns":8},{"damage":0,"enemies":"Chosen","floor":18,"turns":2},{"damage":6,"enemies":"Shell Parasite","floor":19,"turns":6},{"damage":23,"enemies":"Centurion and Healer","floor":20,"turns":6},{"damage":0,"enemies":"Cultist and Chosen","floor":22,"turns":5},{"damage":0,"enemies":"Gremlin Leader","floor":24,"turns":6},{"damage":1,"enemies":"Snecko","floor":25,"turns":4},{"damage":0,"enemies":"Snake Plant","floor":29,"turns":2},{"damage":0,"enemies":"Cultist and Chosen","floor":30,"turns":5},{"damage":0,"enemies":"Centurion and Healer","floor":31,"turns":6},{"damage":63,"enemies":"Automaton","floor":33,"turns":11},{"damage":15,"enemies":"3 Darklings","floor":35,"turns":6},{"damage":0,"enemies":"3 Shapes","floor":37,"turns":4},{"damage":16,"enemies":"3 Darklings","floor":38,"turns":6},{"damage":16,"enemies":"4 Shapes","floor":39,"turns":5},{"damage":25,"enemies":"Nemesis","floor":40,"turns":9},{"damage":19,"enemies":"Transient","floor":42,"turns":5},{"damage":9,"enemies":"Mind Bloom Boss Battle","floor":46,"turns":9},{"damage":0,"enemies":"3 Darklings","floor":47,"turns":4},{"damage":14,"enemies":"Jaw Worm Horde","floor":48,"turns":5},{"damage":85,"enemies":"Awakened One","floor":50,"turns":15}],"seed_played":"8498039095971969766","potions_obtained":[{"floor":3,"key":"EssenceOfSteel"},{"floor":11,"key":"EssenceOfSteel"},{"floor":13,"key":"Explosive Potion"},{"floor":16,"key":"FearPotion"},{"floor":19,"key":"GhostInAJar"},{"floor":20,"key":"PowerPotion"},{"floor":22,"key":"Dexterity Potion"},{"floor":24,"key":"SteroidPotion"},{"floor":31,"key":"Energy Potion"},{"floor":39,"key":"SkillPotion"},{"floor":42,"key":"Ancient Potion"},{"floor":46,"key":"SkillPotion"},{"floor":47,"key":"Swift Potion"},{"floor":48,"key":"Strength Potion"}],"is_trial":false,"path_per_floor":["M","?","M","M","$","R","E","R","T","M","M","?","M","M","R","B",null,"M","M","M","$","M","R","E","M","T","$","R","M","M","M","R","B",null,"M","$","M","M","M","E","R","M","T","R","?","?","M","M","R","B"],"character_chosen":"THE_SILENT","items_purchased":["Slice","Toy Ornithopter","Blood Vial","Panacea","Well Laid Plans","Omamori","Weak Potion","Art of War"],"campfire_rested":4,"item_purchase_floors":[5,21,21,21,21,27,27,36],"current_hp_per_floor":[70,70,70,70,70,70,64,64,64,58,58,58,58,58,70,49,70,70,64,41,41,43,70,70,69,69,69,70,70,70,70,70,17,70,55,55,57,43,29,11,59,42,42,54,54,61,68,61,84,0],"gold":307,"neow_bonus":"","is_prod":false,"is_daily":true,"chose_seed":false,"campfire_upgraded":5,"win_rate":0.0,"timestamp":1547714276,"path_taken":["M","?","M","M","$","R","?","R","T","M","M","?","M","M","R","BOSS","M","M","?","$","M","R","E","M","T","$","R","M","M","M","R","BOSS","M","$","M","M","M","E","R","M","T","R","?","?","M","M","R","BOSS"],"build_version":"2019-01-10","purchased_purges":0,"victory":false,"max_hp_per_floor":[70,70,70,70,70,70,70,70,70,70,70,70,70,70,70,70,70,70,70,70,70,70,70,70,70,70,70,70,70,70,70,70,70,70,70,70,70,70,70,70,70,70,70,70,70,84,84,84,84,84],"card_choices":[{"not_picked":["Choke","Dagger Spray"],"picked":"Setup","floor":7},{"not_picked":["Envenom","A Thousand Cuts"],"picked":"After Image","floor":16},{"not_picked":["Concentrate","Deadly Poison"],"picked":"Blur","floor":24},{"not_picked":["Night Terror","A Thousand Cuts"],"picked":"Grand Finale","floor":33},{"not_picked":["Slice","Choke+1"],"picked":"Distraction","floor":40},{"not_picked":["Leg Sweep+1","Blade Dance+1"],"picked":"Underhanded Strike+1","floor":46}],"player_experience":67214,"relics_obtained":[{"floor":1,"key":"Regal Pillow"},{"floor":3,"key":"Ice Cream"},{"floor":4,"key":"Whetstone"},{"floor":7,"key":"FossilizedHelix"},{"floor":9,"key":"Bottled Flame"},{"floor":10,"key":"Darkstone Periapt"},{"floor":11,"key":"Blue Candle"},{"floor":13,"key":"MawBank"},{"floor":14,"key":"Pen Nib"},{"floor":18,"key":"Tiny Chest"},{"floor":19,"key":"Potion Belt"},{"floor":20,"key":"Lantern"},{"floor":22,"key":"Ornamental Fan"},{"floor":24,"key":"Bottled Lightning"},{"floor":25,"key":"Kunai"},{"floor":26,"key":"Ancient Tea Set"},{"floor":29,"key":"Mercury Hourglass"},{"floor":30,"key":"Smiling Mask"},{"floor":31,"key":"War Paint"},{"floor":35,"key":"Centennial Puzzle"},{"floor":37,"key":"Paper Crane"},{"floor":38,"key":"Singing Bowl"},{"floor":39,"key":"Bottled Tornado"},{"floor":40,"key":"Anchor"},{"floor":40,"key":"Meat on the Bone"},{"floor":42,"key":"Letter Opener"},{"floor":43,"key":"Mummified Hand"},{"floor":46,"key":"Mango"},{"floor":47,"key":"Oddly Smooth Stone"},{"floor":48,"key":"Bronze Scales"}],"event_choices":[{"damage_healed":0,"gold_gain":0,"cards_transformed":["Defend_G"],"player_choice":"Transformed","damage_taken":0,"max_hp_gain":0,"max_hp_loss":0,"event_name":"Transmorgrifier","floor":2,"gold_loss":0,"cards_obtained":["Cloak And Dagger"]},{"cards_removed":["Defend_G"],"damage_healed":0,"gold_gain":0,"player_choice":"Offered Basic","damage_taken":0,"max_hp_gain":0,"max_hp_loss":0,"event_name":"Bonfire Elementals","floor":12,"gold_loss":0},{"cards_removed":["Unload"],"damage_healed":0,"gold_gain":0,"player_choice":"Removed Attack","damage_taken":0,"max_hp_gain":0,"max_hp_loss":0,"event_name":"Falling","floor":45,"gold_loss":0},{"damage_healed":0,"gold_gain":0,"player_choice":"Fight","damage_taken":0,"max_hp_gain":0,"max_hp_loss":0,"event_name":"MindBloom","floor":46,"gold_loss":0}],"is_beta":false,"boss_relics":[{"not_picked":["Astrolabe","Snecko Eye"],"picked":"Eternal Feather"},{"not_picked":["Velvet Choker","Calling Bell"],"picked":"Black Star"}],"items_purged_floors":[],"is_endless":false,"potions_floor_spawned":[3,11,13,16,19,20,22,24,31,39,42,46,47,48],"killed_by":"Awakened One","ascension_level":0}