{"gold_per_floor":[109,120,140,154,171,171,197,197,220,220,52,52,52,69,69,144,144,162,174,174,224,240,240,32,44,95,95,95,114,39,51,51,130,130,149,159,159,174,193,193,193],"floor_reached":41,"playtime":3236,"items_purged":[],"score":715,"play_id":"23026d76-0aac-4403-9910-5add03b3ac3b","local_time":"20190130190631","is_ascension_mode":true,"campfire_choices":[{"data":"Sunder","floor":6.0,"key":"SMITH"},{"data":"Glacier","floor":13.0,"key":"SMITH"},{"data":"Leap","floor":15.0,"key":"SMITH"},{"data":"Dualcast","floor":23.0,"key":"SMITH"},{"data":"Mayhem","floor":27.0,"key":"SMITH"},{"data":"Echo Form","floor":32.0,"key":"SMITH"},{"data":"Thunder Strike","floor":40,"key":"SMITH"}],"neow_cost":"NONE","seed_source_timestamp":0,"circlet_count":0,"master_deck":["AscendersBane","Strike_B","Strike_B","Defend_B","Defend_B","Defend_B","Defend_B","Zap+1","Dualcast+1","Leap+1","Tempest","Genetic Algorithm","Sunder+1","Glacier+1","Reboot","Coolheaded","Echo Form+1","Hologram+1","Self Repair","Mayhem+1","Self Repair","Thunder Strike+1","Decay","Skim"],"special_seed":0,"relics":["Cracked Core","Nunchaku","Potion Belt","DataDisk","Velvet Choker","Centennial Puzzle","CultistMask","Busted Crown"],"potions_floor_usage":[33,33,33,41],"damage_taken":[{"damage":2.0,"enemies":"Jaw Worm","floor":1.0,"turns":3.0},{"damage":8.0,"enemies":"Small Slimes","floor":2.0,"turns":4.0},{"damage":6.0,"enemies":"Cultist","floor":3.0,"turns":3.0},{"damage":13.0,"enemies":"3 Louse","floor":4.0,"turns":4.0},{"damage":0.0,"enemies":"Large Slime","floor":5.0,"turns":4.0},{"damage":7.0,"enemies":"Gremlin Nob","floor":7.0,"turns":3.0},{"damage":0.0,"enemies":"Blue Slaver","floor":14.0,"turns":3.0},{"damage":2.0,"enemies":"Slime Boss","floor":16.0,"turns":5.0},{"damage":7.0,"enemies":"2 Thieves","floor":18.0,"turns":3.0},{"damage":0.0,"enemies":"Spheric Guardian","floor":19.0,"turns":6.0},{"damage":4.0,"enemies":"Snecko","floor":22.0,"turns":5.0},{"damage":22.0,"enemies":"3 Cultists","floor":25.0,"turns":6.0},{"damage":3.0,"enemies":"Snake Plant","floor":29.0,"turns":5.0},{"damage":14.0,"enemies":"Centurion and Healer","floor":31.0,"turns":5.0},{"damage":22,"enemies":"Champ","floor":33,"turns":15},{"damage":0,"enemies":"3 Shapes","floor":35,"turns":4},{"damage":15,"enemies":"3 Darklings","floor":36,"turns":7},{"damage":13,"enemies":"Jaw Worm Horde","floor":38,"turns":5},{"damage":37,"enemies":"Transient","floor":39,"turns":5},{"damage":45,"enemies":"Reptomancer","floor":41,"turns":2}],"seed_played":"-3324199576531805822","potions_obtained":[{"floor":3.0,"key":"Block Potion"},{"floor":5.0,"key":"Energy Potion"},{"floor":12.0,"key":"EssenceOfSteel"},{"floor":12.0,"key":"Swift Potion"},{"floor":14.0,"key":"PowerPotion"},{"floor":19.0,"key":"Ancient Potion"},{"floor":22.0,"key":"SpeedPotion"},{"floor":25.0,"key":"SkillPotion"},{"floor":36,"key":"Ancient Potion"},{"floor":38,"key":"Swift Potion"}],"is_trial":false,"path_per_floor":["M","M","M","M","M","R","E","?","T","?","$","?","R","M","R","B",null,"M","M","?","?","M","R","$","M","T","R","?","M","?","M","R","B",null,"M","M","?","M","M","R","E"],"character_chosen":"DEFECT","items_purchased":["DataDisk","Mayhem"],"campfire_rested":0,"item_purchase_floors":[11,24],"current_hp_per_floor":[62,54,48,35,35,35,28,28,28,28,28,28,28,28,28,26,60,53,53,53,53,56,56,56,41,41,41,41,45,45,45,45,37,63,70,69,69,70,40,40,0],"gold":193,"neow_bonus":"UPGRADE_CARD","is_prod":false,"is_daily":false,"chose_seed":false,"campfire_upgraded":7,"win_rate":0,"timestamp":1548871591,"path_taken":["M","M","M","M","M","R","E","?","T","?","$","?","R","M","R","BOSS","M","?","?","?","M","R","?","M","T","R","?","?","?","M","R","BOSS","M","M","?","M","?","R","E"],"build_version":"2019-01-23","purchased_purges":0,"victory":false,"max_hp_per_floor":[71,71,71,71,71,71,71,71,71,71,71,71,71,71,71,71,71,71,71,71,71,71,71,71,71,71,71,71,71,71,71,71,71,71,71,71,71,71,71,71,71],"card_choices":[{"not_picked":["Redo","Beam Cell"],"picked":"Leap","floor":1.0},{"not_picked":["Cold Snap","Coolheaded"],"picked":"Tempest","floor":2.0},{"not_picked":["Gash","Rebound"],"picked":"Genetic Algorithm","floor":3.0},{"not_picked":["Barrage","Beam Cell"],"picked":"Sunder","floor":4.0},{"not_picked":["Auto Shields","Rip and Tear"],"picked":"Glacier","floor":5.0},{"not_picked":["Rip and Tear","Beam Cell"],"picked":"Reboot","floor":7.0},{"not_picked":["Redo","Barrage","Gash"],"picked":"SKIP","floor":14.0},{"not_picked":["Machine Learning","Reboot"],"picked":"Echo Form","floor":16.0},{"not_picked":["Redo","Beam Cell"],"picked":"Hologram+1","floor":18.0},{"not_picked":["Redo","Conserve Battery"],"picked":"Self Repair","floor":19.0},{"not_picked":["Core Surge","Stack","Rebound"],"picked":"SKIP","floor":22.0},{"not_picked":["Scrape","Leap","Sweeping Beam"],"picked":"SKIP","floor":25.0},{"not_picked":["Compile Driver","Rebound"],"picked":"Self Repair","floor":29.0},{"not_picked":["Hello World","Compile Driver","Sweeping Beam"],"picked":"SKIP","floor":31.0},{"not_picked":["Seek","Buffer"],"picked":"Thunder Strike","floor":33},{"not_picked":["Leap"],"picked":"SKIP","floor":35},{"not_picked":["Stack"],"picked":"SKIP","floor":36},{"not_picked":["Conserve Battery"],"picked":"SKIP","floor":38},{"not_picked":[],"picked":"Skim","floor":39}],"player_experience":728494,"relics_obtained":[{"floor":7.0,"key":"Nunchaku"},{"floor":9.0,"key":"Potion Belt"},{"floor":26.0,"key":"Centennial Puzzle"}],"event_choices":[{"damage_healed":0.0,"max_hp_gain":0.0,"max_hp_loss":0.0,"gold_gain":0.0,"event_name":"Shining Light","player_choice":"Ignored","floor":8.0,"gold_loss":0.0,"damage_taken":0.0},{"damage_healed":0.0,"max_hp_gain":0.0,"max_hp_loss":0.0,"gold_gain":0.0,"cards_transformed":["Strike_B"],"event_name":"Living Wall","player_choice":"Change","floor":10.0,"gold_loss":0.0,"damage_taken":0.0,"cards_obtained":["Coolheaded"]},{"damage_healed":0.0,"max_hp_gain":0.0,"max_hp_loss":0.0,"gold_gain":0.0,"event_name":"Lab","player_choice":"Got Potions","floor":12.0,"gold_loss":0.0,"damage_taken":0.0},{"damage_healed":0.0,"max_hp_gain":0.0,"max_hp_loss":0.0,"gold_gain":0.0,"event_name":"The Mausoleum","player_choice":"Ignored","floor":20.0,"gold_loss":0.0,"damage_taken":0.0},{"damage_healed":0.0,"max_hp_gain":0.0,"max_hp_loss":0.0,"gold_gain":50.0,"event_name":"Nest","player_choice":"Stole From Cult","floor":21.0,"gold_loss":0.0,"damage_taken":0.0},{"damage_healed":0.0,"max_hp_gain":0.0,"max_hp_loss":0.0,"gold_gain":0.0,"event_name":"FaceTrader","player_choice":"Trade","floor":28.0,"gold_loss":0.0,"damage_taken":0.0,"relics_obtained":["CultistMask"]},{"cards_removed":["Strike_B"],"damage_healed":0.0,"max_hp_gain":0.0,"max_hp_loss":0.0,"gold_gain":0.0,"event_name":"Beggar","player_choice":"Gave Gold","floor":30.0,"gold_loss":75.0,"damage_taken":0.0},{"damage_healed":0,"gold_gain":0,"player_choice":"Cursed","damage_taken":0,"max_hp_gain":0,"max_hp_loss":0,"event_name":"Wheel of Change","floor":37,"gold_loss":0,"cards_obtained":["Decay"]}],"is_beta":false,"boss_relics":[{"not_picked":["Black Star","Sozu"],"picked":"Velvet Choker"},{"not_picked":["FrozenCore","White Beast Statue"],"picked":"Busted Crown"}],"items_purged_floors":[],"is_endless":false,"potions_floor_spawned":[3,5,14,19,22,25,36,38],"killed_by":"Reptomancer","ascension_level":16}