{"gold_per_floor":[116,128,53,63,77,105,105,139,139,150,162,175,175,207,207,207],"floor_reached":16,"playtime":1564,"items_purged":[],"score":130,"play_id":"d605792e-3853-4389-8008-788e293c3134","local_time":"20190203194212","is_ascension_mode":true,"campfire_choices":[{"data":"Noxious Fumes","floor":7,"key":"SMITH"},{"floor":13,"key":"REST"},{"floor":15,"key":"RECALL"}],"neow_cost":"NONE","seed_source_timestamp":1325862357109563,"circlet_count":0,"master_deck":["Defend_G","Defend_G","Defend_G","Defend_G","Defend_G","Strike_G","Strike_G","Strike_G","Strike_G","Strike_G","Survivor","Neutralize","Leg Sweep","Noxious Fumes+1","Calculated Gamble","A Thousand Cuts","Well Laid Plans","Cloak And Dagger","Bouncing Flask","Bouncing Flask"],"relics":["Ring of the Snake","Centennial Puzzle","Vajra","Bottled Tornado"],"potions_floor_usage":[6,14,14,16],"damage_taken":[{"damage":0,"enemies":"Jaw Worm","floor":1,"turns":5},{"damage":0,"enemies":"2 Louse","floor":2,"turns":4},{"damage":0,"enemies":"Small Slimes","floor":4,"turns":5},{"damage":9,"enemies":"Exordium Wildlife","floor":5,"turns":5},{"damage":10,"enemies":"Lagavulin","floor":6,"turns":11},{"damage":20,"enemies":"3 Sentries","floor":8,"turns":7},{"damage":0,"enemies":"Looter","floor":10,"turns":3},{"damage":20,"enemies":"Gremlin Gang","floor":11,"turns":4},{"damage":1,"enemies":"Blue Slaver","floor":12,"turns":5},{"damage":10,"enemies":"Gremlin Nob","floor":14,"turns":4},{"damage":27,"enemies":"Slime Boss","floor":16,"turns":8}],"seed_played":"-5576621023114234037","potions_obtained":[{"floor":5,"key":"Ancient Potion"},{"floor":8,"key":"EssenceOfSteel"},{"floor":11,"key":"Fire Potion"},{"floor":14,"key":"GamblersBrew"}],"is_trial":false,"path_per_floor":["M","M","$","M","M","E","R","E","T","M","M","M","R","E","R","B"],"character_chosen":"THE_SILENT","items_purchased":["Noxious Fumes"],"campfire_rested":1,"item_purchase_floors":[3],"current_hp_per_floor":[70,70,70,70,61,51,51,31,31,31,11,10,31,21,21,0],"gold":207,"neow_bonus":"THREE_CARDS","is_prod":false,"is_daily":false,"chose_seed":false,"campfire_upgraded":1,"win_rate":0,"timestamp":1549219332,"path_taken":["M","M","$","M","M","E","R","E","T","M","M","M","R","E","R","BOSS"],"build_version":"2019-01-23","purchased_purges":0,"victory":false,"max_hp_per_floor":[70,70,70,70,70,70,70,70,70,70,70,70,70,70,70,70],"card_choices":[{"not_picked":["Dash","Sucker Punch"],"picked":"Leg Sweep","floor":0},{"not_picked":["Deflect","Flechettes","Endless Agony"],"picked":"SKIP","floor":1},{"not_picked":["Sucker Punch","Acrobatics","Slice"],"picked":"SKIP","floor":2},{"not_picked":["Dagger Spray","Predator"],"picked":"Calculated Gamble","floor":4},{"not_picked":["Deadly Poison","Underhanded Strike","Dodge and Roll"],"picked":"SKIP","floor":5},{"not_picked":["Blade Dance","Endless Agony"],"picked":"A Thousand Cuts","floor":6},{"not_picked":["PiercingWail","Poisoned Stab"],"picked":"Well Laid Plans","floor":8},{"not_picked":["Terror","Acrobatics","Wraith Form v2"],"picked":"SKIP","floor":10},{"not_picked":["Finisher","PiercingWail"],"picked":"Cloak And Dagger","floor":11},{"not_picked":["Predator","Backflip"],"picked":"Bouncing Flask","floor":12},{"not_picked":["Corpse Explosion","Masterful Stab"],"picked":"Bouncing Flask","floor":14}],"player_experience":159250,"relics_obtained":[{"floor":6,"key":"Centennial Puzzle"},{"floor":8,"key":"Vajra"},{"floor":14,"key":"Bottled Tornado"}],"event_choices":[],"is_beta":false,"boss_relics":[],"items_purged_floors":[],"is_endless":false,"potions_floor_spawned":[5,8,11,14],"killed_by":"Slime Boss","ascension_level":1}