{"gold_per_floor":[15,15,15,34,47,47,72,72],"floor_reached":8,"playtime":226,"items_purged":[],"score":62,"play_id":"a246b7a3-35d4-4904-bc32-55ab45592412","local_time":"20190126124959","is_ascension_mode":true,"campfire_choices":[{"floor":6,"key":"REST"}],"neow_cost":"NO_GOLD","seed_source_timestamp":836949010302438,"circlet_count":0,"master_deck":["Strike_B","Strike_B","Strike_B","Strike_B","Defend_B","Defend_B","Defend_B","Defend_B","Zap","Dualcast","Fission","Capacitor","Normality","Flash of Steel","Aggregate","Beam Cell","Sweeping Beam","Core Surge"],"relics":["Cracked Core","Question Card"],"potions_floor_usage":[],"damage_taken":[{"damage":12,"enemies":"Jaw Worm","floor":1,"turns":4},{"damage":15,"enemies":"2 Louse","floor":4,"turns":3},{"damage":11,"enemies":"Cultist","floor":5,"turns":4},{"damage":54,"enemies":"Gremlin Nob","floor":7,"turns":5},{"damage":18,"enemies":"Large Slime","floor":8,"turns":1}],"seed_played":"-2356761287544506603","potions_obtained":[{"floor":7,"key":"Poison Potion"}],"is_trial":false,"path_per_floor":["M","?","?","M","M","R","E","M"],"character_chosen":"DEFECT","items_purchased":[],"campfire_rested":1,"item_purchase_floors":[],"current_hp_per_floor":[63,63,63,48,37,59,5,0],"gold":72,"neow_bonus":"THREE_RARE_CARDS","is_prod":false,"is_daily":false,"chose_seed":false,"campfire_upgraded":0,"win_rate":0,"timestamp":1548524999,"path_taken":["M","?","?","M","M","R","E","?"],"build_version":"2019-01-23","purchased_purges":0,"victory":false,"max_hp_per_floor":[75,75,75,75,75,75,75,75],"card_choices":[{"not_picked":["All For One","Hyperbeam"],"picked":"Fission","floor":0},{"not_picked":["Compile Driver","Streamline"],"picked":"Capacitor","floor":1},{"not_picked":["Static Discharge","Barrage"],"picked":"Beam Cell","floor":4},{"not_picked":["Skim","Stack"],"picked":"Sweeping Beam","floor":5},{"not_picked":["Barrage","Streamline"],"picked":"Core Surge","floor":7}],"player_experience":234134,"relics_obtained":[{"floor":7,"key":"Question Card"}],"event_choices":[{"damage_healed":0,"gold_gain":0,"player_choice":"Leave","damage_taken":0,"max_hp_gain":0,"max_hp_loss":0,"event_name":"The Cleric","floor":2,"gold_loss":0},{"damage_healed":0,"gold_gain":0,"player_choice":"3 cards matched","damage_taken":0,"max_hp_gain":0,"max_hp_loss":0,"event_name":"Match and Keep!","floor":3,"gold_loss":0,"cards_obtained":["Normality","Flash of Steel","Aggregate"]}],"is_beta":false,"boss_relics":[],"items_purged_floors":[],"is_endless":false,"potions_floor_spawned":[7],"killed_by":"Large Slime","ascension_level":2}