{"gold_per_floor":[115,65,65,65,90,131,9,9,32,32,32,45,59,75,75,166,166,186,216,50,70,89,124,142,142],"floor_reached":25,"playtime":2097,"items_purged":[],"score":368,"play_id":"6c78122c-ed3f-4342-8416-b69f9774e5e9","local_time":"20181201150726","is_ascension_mode":true,"campfire_choices":[{"data":"Thunder Strike","floor":8,"key":"SMITH"},{"data":"Electrodynamics","floor":11,"key":"SMITH"},{"data":"Zap","floor":15,"key":"SMITH"}],"neow_cost":"TEN_PERCENT_HP_LOSS","seed_source_timestamp":12091721324467,"circlet_count":0,"master_deck":["AscendersBane","Defend_B","Defend_B","Defend_B","Defend_B","Zap+1","Dualcast","Electrodynamics+1","FTL","Glacier","Hologram","Buffer","Thunder Strike+1","Glacier","White Noise","Undo","Electrodynamics","Leap","Thunder Strike+1","Hologram","Conserve Battery","Static Discharge+1","Redo"],"relics":["Cracked Core","Golden Idol","The Courier","Happy Flower","Empty Cage","Tiny Chest","DollysMirror","Dodecahedron"],"potions_floor_usage":[16,22,23,25],"damage_taken":[{"damage":1,"enemies":"2 Louse","floor":1,"turns":3},{"damage":7,"enemies":"Jaw Worm","floor":5,"turns":3},{"damage":21,"enemies":"Gremlin Nob","floor":6,"turns":5},{"damage":0,"enemies":"Cultist","floor":12,"turns":2},{"damage":5,"enemies":"Exordium Thugs","floor":13,"turns":3},{"damage":0,"enemies":"3 Louse","floor":14,"turns":1},{"damage":11,"enemies":"Hexaghost","floor":16,"turns":8},{"damage":13,"enemies":"2 Thieves","floor":18,"turns":4},{"damage":0,"enemies":"Spheric Guardian","floor":21,"turns":5},{"damage":17,"enemies":"Snake Plant","floor":22,"turns":7},{"damage":21,"enemies":"Slavers","floor":23,"turns":3},{"damage":0,"enemies":"Centurion and Healer","floor":24,"turns":6},{"damage":15,"enemies":"Cultist and Chosen","floor":25,"turns":4}],"seed_played":"5539843567341462352","potions_obtained":[{"floor":12,"key":"Weak Potion"},{"floor":13,"key":"Energy Potion"},{"floor":14,"key":"LiquidBronze"},{"floor":16,"key":"PowerPotion"},{"floor":24,"key":"SkillPotion"}],"is_trial":false,"path_per_floor":["M","?","?","?","M","E","$","R","T","?","R","M","M","M","R","B",null,"M","T","$","M","M","E","M","M"],"character_chosen":"DEFECT","items_purchased":["Thunder Strike","DollysMirror"],"campfire_rested":0,"item_purchase_floors":[7,20],"current_hp_per_floor":[67,67,67,72,65,44,44,44,44,44,44,44,39,39,39,28,62,49,49,49,49,32,11,11,0],"gold":142,"neow_bonus":"TRANSFORM_TWO_CARDS","is_prod":false,"is_daily":false,"chose_seed":false,"campfire_upgraded":3,"win_rate":0,"timestamp":1543673246,"path_taken":["M","?","?","?","?","E","$","R","T","?","R","M","M","M","R","BOSS","M","?","?","M","M","E","M","M"],"build_version":"2018-11-15","purchased_purges":0,"victory":false,"max_hp_per_floor":[68,68,68,73,73,73,73,73,73,73,73,73,73,73,73,73,73,73,73,73,73,73,73,73,73],"card_choices":[{"not_picked":["Go for the Eyes","Steam"],"picked":"Glacier","floor":1},{"not_picked":["Stack","Beam Cell"],"picked":"Hologram","floor":5},{"not_picked":["Sweeping Beam","Cold Snap"],"picked":"Buffer","floor":6},{"not_picked":["Rebound","Beam Cell"],"picked":"Glacier","floor":12},{"not_picked":["Coolheaded","Streamline"],"picked":"White Noise","floor":13},{"not_picked":["FTL","Gash"],"picked":"Undo","floor":14},{"not_picked":["Meteor Strike","Reboot"],"picked":"Electrodynamics","floor":16},{"not_picked":["Go for the Eyes","Stack"],"picked":"Leap","floor":18},{"not_picked":["Cold Snap","Stack"],"picked":"Hologram","floor":21},{"not_picked":["Compile Driver","Beam Cell"],"picked":"Conserve Battery","floor":22},{"not_picked":["Genetic Algorithm","Machine Learning"],"picked":"Static Discharge+1","floor":23},{"not_picked":["Rip and Tear","Beam Cell"],"picked":"Redo","floor":24}],"player_experience":568288,"relics_obtained":[{"floor":6,"key":"The Courier"},{"floor":9,"key":"Happy Flower"},{"floor":19,"key":"Tiny Chest"},{"floor":23,"key":"Dodecahedron"}],"event_choices":[{"cards_removed":["Strike_B"],"damage_healed":0,"gold_gain":0,"player_choice":"Card Removal","damage_taken":0,"max_hp_gain":0,"max_hp_loss":0,"event_name":"The Cleric","floor":2,"gold_loss":50},{"damage_healed":0,"gold_gain":0,"player_choice":"Take Wound","damage_taken":0,"relics_obtained":["Golden Idol"],"max_hp_gain":0,"max_hp_loss":0,"event_name":"Golden Idol","floor":3,"gold_loss":0,"cards_obtained":["Injury"]},{"damage_healed":0,"gold_gain":0,"player_choice":"Donut","damage_taken":0,"max_hp_gain":5,"max_hp_loss":0,"event_name":"Big Fish","floor":4,"gold_loss":0},{"damage_healed":0,"gold_gain":0,"player_choice":"Ignored","damage_taken":0,"max_hp_gain":0,"max_hp_loss":0,"event_name":"WeMeetAgain","floor":10,"gold_loss":0}],"is_beta":false,"boss_relics":[{"not_picked":["Lizard Tail","FrozenCore"],"picked":"Empty Cage"}],"items_purged_floors":[],"is_endless":false,"potions_floor_spawned":[12,13,14,16,18,24],"killed_by":"Cultist and Chosen","ascension_level":13}