{"gold_per_floor":[118,118,130,130,142,142,158,170,170,170,186,186,49,60,60,155,155,172,183,183,183,90,90,105,125,125,141,141],"floor_reached":28,"playtime":1451,"items_purged":[],"score":235,"play_id":"de33ae4e-cfef-43d0-9c6e-93b9c20aa978","local_time":"20190126201924","is_ascension_mode":true,"campfire_choices":[{"data":"Zap","floor":6,"key":"SMITH"},{"floor":12,"key":"REST"},{"floor":15,"key":"REST"},{"floor":23,"key":"REST"}],"neow_cost":"NONE","seed_source_timestamp":862689526570238,"circlet_count":0,"master_deck":["Strike_B","Strike_B","Strike_B","Defend_B","Defend_B+1","Defend_B","Defend_B","Zap+1","Dualcast","Seek","Sweeping Beam","Coolheaded+1","Coolheaded","Beam Cell","Turbo","Zap","Doom and Gloom","Creative AI","Capacitor","Go for the Eyes","Conserve Battery","Hello World","Amplify","Blind","Double Energy+1","Chill"],"relics":["FrozenCore","Ginger","Shuriken","Matryoshka"],"potions_floor_usage":[16,16,18,28],"damage_taken":[{"damage":5,"enemies":"Small Slimes","floor":1,"turns":4},{"damage":1,"enemies":"Cultist","floor":3,"turns":3},{"damage":2,"enemies":"Jaw Worm","floor":5,"turns":3},{"damage":8,"enemies":"Looter","floor":7,"turns":3},{"damage":11,"enemies":"Lots of Slimes","floor":8,"turns":3},{"damage":0,"enemies":"2 Fungi Beasts","floor":11,"turns":2},{"damage":20,"enemies":"Exordium Thugs","floor":14,"turns":4},{"damage":27,"enemies":"Slime Boss","floor":16,"turns":6},{"damage":22,"enemies":"3 Byrds","floor":18,"turns":6},{"damage":27,"enemies":"Shell Parasite","floor":19,"turns":8},{"damage":25,"enemies":"Shelled Parasite and Fungi","floor":24,"turns":7},{"damage":18,"enemies":"Snake Plant","floor":25,"turns":7},{"damage":5,"enemies":"Snecko","floor":27,"turns":7},{"damage":9,"enemies":"Centurion and Healer","floor":28,"turns":10}],"seed_played":"8483179496657495894","potions_obtained":[{"floor":8,"key":"FocusPotion"},{"floor":14,"key":"Swift Potion"},{"floor":16,"key":"Fruit Juice"},{"floor":19,"key":"Ancient Potion"},{"floor":27,"key":"EssenceOfSteel"}],"is_trial":false,"path_per_floor":["M","?","M","?","M","R","M","M","T","?","M","R","$","M","R","B",null,"M","M","?","T","$","R","M","M","T","M","M"],"character_chosen":"DEFECT","items_purchased":["Creative AI","Blind"],"campfire_rested":3,"item_purchase_floors":[13,22],"current_hp_per_floor":[70,70,69,54,52,52,44,33,33,33,33,55,55,35,57,30,75,58,31,31,31,31,55,30,12,12,7,0],"gold":141,"neow_bonus":"ONE_RANDOM_RARE_CARD","is_prod":false,"is_daily":false,"chose_seed":false,"campfire_upgraded":1,"win_rate":0,"timestamp":1548551964,"path_taken":["M","?","?","?","M","R","M","M","T","?","?","R","$","M","R","BOSS","M","M","?","?","$","R","M","M","T","M","M"],"build_version":"2019-01-23","purchased_purges":0,"victory":false,"max_hp_per_floor":[75,75,75,75,75,75,75,75,75,75,75,75,75,75,75,75,75,80,80,80,80,80,80,80,80,80,80,80],"card_choices":[{"not_picked":["Barrage","Gash"],"picked":"Sweeping Beam","floor":1},{"not_picked":["Streamline","Genetic Algorithm"],"picked":"Coolheaded","floor":3},{"not_picked":["Undo","Compile Driver"],"picked":"Coolheaded","floor":5},{"not_picked":["Barrage","Darkness"],"picked":"Beam Cell","floor":7},{"not_picked":["Streamline","Consume"],"picked":"Turbo","floor":8},{"not_picked":["Compile Driver","Redo"],"picked":"Doom and Gloom","floor":11},{"not_picked":["Heatsinks","Reinforced Body"],"picked":"Capacitor","floor":14},{"not_picked":["Reboot","All For One"],"picked":"Machine Learning","floor":16},{"not_picked":["Streamline","Rebound"],"picked":"Go for the Eyes","floor":18},{"not_picked":["Turbo","Rebound+1"],"picked":"Conserve Battery","floor":19},{"not_picked":["Cold Snap","Go for the Eyes"],"picked":"Double Energy+1","floor":24},{"not_picked":["Leap","Barrage"],"picked":"Chill","floor":25},{"not_picked":["Sweeping Beam","Leap","Auto Shields+1"],"picked":"SKIP","floor":27}],"player_experience":240679,"relics_obtained":[{"floor":9,"key":"Ginger"},{"floor":21,"key":"Shuriken"},{"floor":26,"key":"Matryoshka"}],"event_choices":[{"damage_healed":0,"gold_gain":0,"player_choice":"Ignored","damage_taken":0,"max_hp_gain":0,"max_hp_loss":0,"event_name":"Purifier","floor":2,"gold_loss":0},{"damage_healed":0,"gold_gain":0,"player_choice":"Entered Light","damage_taken":15,"max_hp_gain":0,"max_hp_loss":0,"event_name":"Shining Light","floor":4,"gold_loss":0,"cards_upgraded":["Defend_B","Coolheaded"]},{"damage_healed":0,"gold_gain":0,"player_choice":"1 cards matched","damage_taken":0,"max_hp_gain":0,"max_hp_loss":0,"event_name":"Match and Keep!","floor":10,"gold_loss":0,"cards_obtained":["Zap"]},{"damage_healed":0,"gold_gain":0,"cards_transformed":["Machine Learning","Strike_B"],"player_choice":"Became Test Subject","damage_taken":0,"max_hp_gain":0,"max_hp_loss":0,"event_name":"Drug Dealer","floor":20,"gold_loss":0,"cards_obtained":["Hello World","Amplify"]}],"is_beta":false,"boss_relics":[{"not_picked":["Astrolabe","Ectoplasm"],"picked":"FrozenCore"}],"items_purged_floors":[],"is_endless":false,"potions_floor_spawned":[8,14,16,19,27],"killed_by":"Centurion and Healer","ascension_level":2}