{"gold_per_floor":[109,59,78,78,153,153,216,216,216,234,234,253,284,296,296,296],"floor_reached":16,"playtime":889,"items_purged":[],"score":143,"play_id":"a8113aae-81dc-4a29-8a2f-113199925b6b","local_time":"20180727133241","is_ascension_mode":true,"campfire_choices":[{"data":"Zap","floor":6.0,"key":"SMITH"},{"floor":8.0,"key":"REST"},{"floor":15.0,"key":"REST"}],"neow_cost":"CURSE","seed_source_timestamp":0,"circlet_count":0,"master_deck":["Strike_B","Strike_B","Defend_B","Defend_B","Defend_B","Defend_B","Zap+1","Dualcast","Injury","Skim","Gash","Steam Power","Leap","Leap","Leap"],"special_seed":0,"relics":["Cracked Core","Nunchaku","Tiny Chest","Molten Egg 2","Regal Pillow"],"potions_floor_usage":[],"damage_taken":[{"damage":12.0,"enemies":"Jaw Worm","floor":1.0,"turns":3.0},{"damage":0.0,"enemies":"2 Louse","floor":3.0,"turns":2.0},{"damage":28.0,"enemies":"Gremlin Nob","floor":7.0,"turns":4.0},{"damage":5.0,"enemies":"Small Slimes","floor":10.0,"turns":4.0},{"damage":2.0,"enemies":"Looter","floor":12.0,"turns":3.0},{"damage":15.0,"enemies":"3 Sentries","floor":13.0,"turns":9.0},{"damage":0.0,"enemies":"3 Louse","floor":14.0,"turns":4.0},{"damage":71,"enemies":"Slime Boss","floor":16,"turns":9}],"seed_played":"8846982397780754808","potions_obtained":[{"floor":1.0,"key":"AttackPotion"},{"floor":7.0,"key":"Swift Potion"},{"floor":10.0,"key":"Swift Potion"},{"floor":12.0,"key":"SkillPotion"}],"is_trial":false,"path_per_floor":["M","?","M","?","?","R","E","R","T","M","?","M","E","M","R"],"character_chosen":"DEFECT","items_purchased":[],"campfire_rested":2,"item_purchase_floors":[],"current_hp_per_floor":[56,56,56,61,50,50,22,46,46,41,41,39,24,24,63,0],"gold":296,"neow_bonus":"ONE_RARE_RELIC","is_prod":false,"is_daily":false,"chose_seed":false,"campfire_upgraded":1,"win_rate":0,"timestamp":1532691161,"path_taken":["M","?","M","?","?","R","E","R","T","M","?","?","E","?","R","BOSS"],"build_version":"2018-07-26","purchased_purges":0,"victory":false,"max_hp_per_floor":[75,75,75,80,80,80,80,80,80,80,80,80,80,80,80,80],"card_choices":[{"not_picked":["Cold Snap","Beam Cell"],"picked":"Skim","floor":1.0},{"not_picked":["Scrape","Blizzard"],"picked":"Gash","floor":3.0},{"not_picked":["Streamline","Static Discharge","Doom and Gloom"],"picked":"SKIP","floor":7.0},{"not_picked":["Turbo","Sweeping Beam+1"],"picked":"Steam Power","floor":10.0},{"not_picked":["Hologram","Sweeping Beam+1"],"picked":"Leap","floor":12.0},{"not_picked":["Undo","Turbo"],"picked":"Leap","floor":13.0},{"not_picked":["Cold Snap+1","Rebound+1"],"picked":"Leap","floor":14.0}],"player_experience":222354,"relics_obtained":[{"floor":7.0,"key":"Tiny Chest"},{"floor":9.0,"key":"Molten Egg 2"},{"floor":13.0,"key":"Regal Pillow"}],"event_choices":[{"event_name":"The Cleric","player_choice":"Card Removal","floor":2.0,"damage_taken":0.0},{"event_name":"Big Fish","player_choice":"Donut","floor":4.0,"damage_taken":0.0},{"event_name":"World of Goop","player_choice":"Gather Gold","floor":5.0,"damage_taken":0.0},{"event_name":"Living Wall","player_choice":"Forget","floor":11.0,"damage_taken":0.0}],"is_beta":false,"boss_relics":[],"items_purged_floors":[],"is_endless":false,"potions_floor_spawned":[1,7,10,12],"killed_by":"Slime Boss","ascension_level":6}