{"gold_per_floor":[119,136,311,411,422,422,451,122,145,173,185,220,234,246,246,343,343,363,363,288,301,301],"floor_reached":22,"playtime":2229,"items_purged":["Doubt"],"score":289,"play_id":"63828ce7-92f7-44ef-8e60-e418b4f3e805","local_time":"20190212153128","is_ascension_mode":true,"campfire_choices":[{"data":"Go for the Eyes","floor":6,"key":"SMITH"},{"data":"Coolheaded","floor":15,"key":"SMITH"}],"neow_cost":"TEN_PERCENT_HP_LOSS","seed_source_timestamp":400922895411251,"circlet_count":0,"master_deck":["Strike_B","Defend_B","Defend_B","Defend_B","Defend_B","Zap","Dualcast","Go for the Eyes+1","Conserve Battery","Rainbow","Coolheaded","Coolheaded+1","Hologram","Double Energy","Reboot","Compile Driver","Cold Snap","White Noise"],"relics":["Cracked Core","Boot","Toy Ornithopter","Strawberry","Shovel","Inserter"],"potions_floor_usage":[12,12,16,16,22,22],"damage_taken":[{"damage":2,"enemies":"2 Louse","floor":1,"turns":2},{"damage":0,"enemies":"Jaw Worm","floor":2,"turns":3},{"damage":0,"enemies":"Cultist","floor":5,"turns":4},{"damage":48,"enemies":"3 Sentries","floor":7,"turns":9},{"damage":0,"enemies":"Lagavulin","floor":10,"turns":6},{"damage":0,"enemies":"Looter","floor":11,"turns":4},{"damage":9,"enemies":"3 Sentries","floor":12,"turns":10},{"damage":8,"enemies":"Lots of Slimes","floor":13,"turns":4},{"damage":0,"enemies":"Blue Slaver","floor":14,"turns":4},{"damage":20,"enemies":"Slime Boss","floor":16,"turns":20},{"damage":22,"enemies":"Spheric Guardian","floor":18,"turns":6},{"damage":13,"enemies":"2 Thieves","floor":20,"turns":5},{"damage":16,"enemies":"Sentry and Sphere","floor":21,"turns":6},{"damage":24,"enemies":"Cultist and Chosen","floor":22,"turns":6}],"seed_played":"8632393823315671995","potions_obtained":[{"floor":1,"key":"SteroidPotion"},{"floor":7,"key":"GamblersBrew"},{"floor":10,"key":"Block Potion"},{"floor":13,"key":"Dexterity Potion"},{"floor":14,"key":"Explosive Potion"},{"floor":21,"key":"Poison Potion"}],"is_trial":false,"path_per_floor":["?","?","M","?","M"],"character_chosen":"DEFECT","items_purchased":["Toy Ornithopter","Coolheaded"],"campfire_rested":0,"item_purchase_floors":[8,8],"current_hp_per_floor":[66,66,66,66,66,66,18,18,18,25,25,26,18,18,18,8,58,36,36,23,7,0],"gold":301,"neow_bonus":"REMOVE_TWO","is_prod":false,"is_daily":false,"chose_seed":false,"campfire_upgraded":2,"win_rate":0,"timestamp":1549981888,"path_taken":["M","M","?","?","M","R","E","$","T","E","M","E","?","M","R","BOSS","M","?","M","?","M"],"build_version":"2019-01-23","purchased_purges":1,"victory":false,"max_hp_per_floor":[68,68,68,68,68,68,68,68,68,75,75,75,75,75,75,75,75,75,75,75,75,75],"card_choices":[{"not_picked":["Darkness","Storm"],"picked":"Go for the Eyes","floor":1},{"not_picked":["Leap","Heatsinks"],"picked":"Conserve Battery","floor":2},{"not_picked":["Barrage","Auto Shields","Doom and Gloom"],"picked":"SKIP","floor":5},{"not_picked":["Aggregate","Redo"],"picked":"Rainbow","floor":7},{"not_picked":["Force Field","Steam"],"picked":"Coolheaded","floor":10},{"not_picked":["Rebound","Reprogram"],"picked":"Hologram","floor":11},{"not_picked":["Doom and Gloom","Auto Shields","Reprogram"],"picked":"SKIP","floor":12},{"not_picked":["Reprogram","Undo"],"picked":"Double Energy","floor":13},{"not_picked":["Hologram","Static Discharge","Sweeping Beam"],"picked":"SKIP","floor":14},{"not_picked":["Core Surge","Rainbow"],"picked":"Reboot","floor":16},{"not_picked":["Gash","Sweeping Beam"],"picked":"Compile Driver","floor":18},{"not_picked":["Gash","Beam Cell"],"picked":"Cold Snap","floor":20},{"not_picked":["Rebound+1","Redo"],"picked":"White Noise","floor":21}],"player_experience":148847,"relics_obtained":[{"floor":7,"key":"Boot"},{"floor":10,"key":"Strawberry"},{"floor":12,"key":"Shovel"}],"event_choices":[{"damage_healed":0,"gold_gain":175,"player_choice":"AGREE","damage_taken":0,"max_hp_gain":0,"max_hp_loss":0,"event_name":"Liars Game","floor":3,"gold_loss":0,"cards_obtained":["Doubt"]},{"damage_healed":0,"gold_gain":100,"player_choice":"Pray","damage_taken":0,"max_hp_gain":0,"max_hp_loss":0,"event_name":"Golden Shrine","floor":4,"gold_loss":0},{"cards_removed":["Strike_B"],"damage_healed":0,"gold_gain":0,"player_choice":"Purged","damage_taken":0,"max_hp_gain":0,"max_hp_loss":0,"event_name":"Purifier","floor":19,"gold_loss":0}],"is_beta":false,"boss_relics":[{"not_picked":["Runic Dome","Ectoplasm"],"picked":"Inserter"}],"items_purged_floors":[8],"is_endless":false,"potions_floor_spawned":[1,7,10,13,14,21],"killed_by":"Cultist and Chosen","ascension_level":5}