{"gold_per_floor":[212,23,34,34,34,34,34,53,53,328,342,342,12,36,36,157,157,177,177,195,13,13,13,46,46,46,46,46,46,46,79,79,202,202,215,229,6,26,40,40,40,73,73,73,73,86,211,211],"floor_reached":48,"playtime":2114,"items_purged":["Strike_B"],"score":746,"play_id":"9c19286a-b8ec-436c-b20e-ecae0122ff8f","local_time":"20190210053035","is_ascension_mode":true,"campfire_choices":[{"floor":6,"key":"REST"},{"data":"Zap","floor":12,"key":"SMITH"},{"data":"Go for the Eyes","floor":15,"key":"SMITH"},{"floor":23,"key":"REST"},{"data":"Hello World","floor":25,"key":"SMITH"},{"data":"Reinforced Body","floor":28,"key":"SMITH"},{"data":"Echo Form","floor":32,"key":"SMITH"},{"floor":40,"key":"REST"},{"data":"Capacitor","floor":44,"key":"SMITH"}],"neow_cost":"NONE","seed_source_timestamp":8172284014905,"circlet_count":0,"master_deck":["Defend_B","Defend_B","Defend_B","Defend_B","Zap+1","Dualcast","Cold Snap","Reinforced Body+1","Self Repair","FTL","Capacitor+1","Gash","Ball Lightning","Echo Form+1","Go for the Eyes+1","Turbo","Thunder Strike","Sweeping Beam+1","Hello World+1","Streamline","Steam Power","Cold Snap","Steam+1","Seek+1","Conserve Battery+1","Parasite","Hologram+1","Tempest+1","White Noise+1","Steam+1","Parasite"],"relics":["Cracked Core","Golden Idol","FossilizedHelix","PreservedInsect","Nuclear Battery","Bronze Scales","Symbiotic Virus","Gremlin Horn","Toxic Egg 2","Sozu","Bag of Preparation","Ancient Tea Set","Regal Pillow","Incense Burner"],"potions_floor_usage":[16,18,33],"damage_taken":[{"damage":1,"enemies":"Cultist","floor":1,"turns":3},{"damage":0,"enemies":"Jaw Worm","floor":3,"turns":3},{"damage":5,"enemies":"Small Slimes","floor":8,"turns":4},{"damage":9,"enemies":"Blue Slaver","floor":11,"turns":4},{"damage":6,"enemies":"3 Louse","floor":14,"turns":4},{"damage":32,"enemies":"Slime Boss","floor":16,"turns":12},{"damage":40,"enemies":"Spheric Guardian","floor":18,"turns":6},{"damage":18,"enemies":"Chosen","floor":20,"turns":5},{"damage":5,"enemies":"Book of Stabbing","floor":24,"turns":4},{"damage":0,"enemies":"Gremlin Leader","floor":31,"turns":3},{"damage":26,"enemies":"Champ","floor":33,"turns":12},{"damage":12,"enemies":"3 Shapes","floor":35,"turns":6},{"damage":27,"enemies":"3 Darklings","floor":36,"turns":5},{"damage":41,"enemies":"Writhing Mass","floor":38,"turns":9},{"damage":0,"enemies":"Spire Growth","floor":39,"turns":6},{"damage":0,"enemies":"Reptomancer","floor":42,"turns":6},{"damage":44,"enemies":"4 Shapes","floor":46,"turns":3},{"damage":15,"enemies":"Mind Bloom Boss Battle","floor":47,"turns":5},{"damage":35,"enemies":"Writhing Mass","floor":48,"turns":3}],"seed_played":"-5553308834305439319","potions_obtained":[{"floor":3,"key":"Dexterity Potion"},{"floor":8,"key":"Regen Potion"},{"floor":14,"key":"FearPotion"},{"floor":18,"key":"SpeedPotion"},{"floor":31,"key":"Block Potion"},{"floor":33,"key":"FearPotion"}],"is_trial":false,"path_per_floor":["M","$","M","?","?","R","?","M","T","?","M","R","$","M","R","B",null,"M","?","M","$","?","R","E","R","T","$","R","?","?","E","R","B",null,"M","M","$","M","M","R","?","E","T","R","$","M","?","M"],"character_chosen":"DEFECT","items_purchased":["Reinforced Body","Self Repair","FTL","Echo Form","PreservedInsect","Go for the Eyes","Bronze Scales","Hello World","Bag of Preparation"],"campfire_rested":3,"item_purchase_floors":[2,2,2,13,13,13,21,21,37],"current_hp_per_floor":[67,67,74,56,56,75,80,80,80,80,78,78,78,80,80,55,74,53,53,49,49,49,73,75,75,75,75,75,75,75,75,75,56,74,76,56,56,22,36,60,60,74,74,74,74,30,29,0],"gold":211,"neow_bonus":"HUNDRED_GOLD","is_prod":false,"is_daily":false,"chose_seed":false,"campfire_upgraded":6,"win_rate":0,"timestamp":1549794635,"path_taken":["M","$","M","?","?","R","?","?","T","?","?","R","$","M","R","BOSS","M","?","?","$","?","R","E","R","T","$","R","?","?","E","R","BOSS","M","M","$","M","?","R","?","E","T","R","$","M","?","M"],"build_version":"2019-01-23","purchased_purges":1,"victory":false,"max_hp_per_floor":[75,75,75,75,75,75,80,80,80,80,80,80,80,80,80,80,80,80,80,80,80,80,80,80,80,80,80,80,80,80,80,80,80,80,80,80,80,80,80,80,80,80,80,80,80,80,80,80],"card_choices":[{"not_picked":["Coolheaded","Leap"],"picked":"Cold Snap","floor":1},{"not_picked":["Cold Snap","Loop"],"picked":"Capacitor","floor":3},{"not_picked":["FTL","Fusion"],"picked":"Gash","floor":8},{"not_picked":["Auto Shields","Double Energy"],"picked":"Ball Lightning","floor":11},{"not_picked":["Stack","Hologram"],"picked":"Turbo","floor":14},{"not_picked":["Meteor Strike","Amplify"],"picked":"Thunder Strike","floor":16},{"not_picked":["Self Repair+1","Fusion"],"picked":"Sweeping Beam+1","floor":18},{"not_picked":["Beam Cell","Barrage","Reprogram"],"picked":"SKIP","floor":20},{"not_picked":["Beam Cell","Scrape","Stack"],"picked":"SKIP","floor":24},{"not_picked":["Scrape+1","Sweeping Beam"],"picked":"Steam","floor":31},{"not_picked":["Multi-Cast+1","Reboot+1"],"picked":"Seek+1","floor":33},{"not_picked":["Sweeping Beam","Steam Power+1"],"picked":"Conserve Battery+1","floor":35},{"not_picked":["Barrage+1","Turbo+1","Storm"],"picked":"SKIP","floor":36},{"not_picked":["Sunder+1","Leap+1"],"picked":"Hologram+1","floor":38},{"not_picked":["Leap+1","Force Field+1"],"picked":"Tempest+1","floor":39},{"not_picked":["Echo Form","Leap+1","Scrape"],"picked":"SKIP","floor":42},{"not_picked":["Loop+1","Capacitor+1"],"picked":"White Noise+1","floor":46},{"not_picked":["Sweeping Beam+1","Capacitor"],"picked":"Steam+1","floor":47}],"player_experience":439914,"relics_obtained":[{"floor":9,"key":"FossilizedHelix"},{"floor":24,"key":"Symbiotic Virus"},{"floor":26,"key":"Gremlin Horn"},{"floor":31,"key":"Toxic Egg 2"},{"floor":42,"key":"Ancient Tea Set"},{"floor":43,"key":"Regal Pillow"},{"floor":47,"key":"Incense Burner"}],"event_choices":[{"damage_healed":0,"gold_gain":0,"player_choice":"Take Damage","damage_taken":18,"relics_obtained":["Golden Idol"],"max_hp_gain":0,"max_hp_loss":0,"event_name":"Golden Idol","floor":4,"gold_loss":0},{"damage_healed":0,"gold_gain":0,"player_choice":"Leave","damage_taken":0,"max_hp_gain":0,"max_hp_loss":0,"event_name":"The Cleric","floor":5,"gold_loss":0},{"damage_healed":0,"gold_gain":0,"player_choice":"Donut","damage_taken":0,"max_hp_gain":5,"max_hp_loss":0,"event_name":"Big Fish","floor":7,"gold_loss":0},{"damage_healed":0,"gold_gain":275,"player_choice":"Desecrate","damage_taken":0,"max_hp_gain":0,"max_hp_loss":0,"event_name":"Golden Shrine","floor":10,"gold_loss":0,"cards_obtained":["Regret"]},{"cards_removed":["Regret"],"damage_healed":0,"gold_gain":0,"player_choice":"Removed Curses","damage_taken":0,"max_hp_gain":0,"max_hp_loss":0,"event_name":"Fountain of Cleansing","floor":19,"gold_loss":0},{"damage_healed":0,"gold_gain":0,"player_choice":"Ignored","damage_taken":0,"max_hp_gain":0,"max_hp_loss":0,"event_name":"Beggar","floor":22,"gold_loss":0},{"damage_healed":0,"gold_gain":0,"cards_transformed":["Strike_B","Strike_B"],"player_choice":"Became Test Subject","damage_taken":0,"max_hp_gain":0,"max_hp_loss":0,"event_name":"Drug Dealer","floor":29,"gold_loss":0,"cards_obtained":["Streamline","Steam Power"]},{"damage_healed":0,"gold_gain":0,"player_choice":"Copied","damage_taken":0,"max_hp_gain":0,"max_hp_loss":0,"event_name":"Duplicator","floor":30,"gold_loss":0,"cards_obtained":["Cold Snap"]},{"cards_removed":["Strike_B"],"damage_healed":0,"gold_gain":0,"player_choice":"Removed Attack","damage_taken":0,"max_hp_gain":0,"max_hp_loss":0,"event_name":"Falling","floor":41,"gold_loss":0},{"damage_healed":0,"gold_gain":0,"player_choice":"Fight","damage_taken":0,"max_hp_gain":0,"max_hp_loss":0,"event_name":"MindBloom","floor":47,"gold_loss":0}],"is_beta":false,"boss_relics":[{"not_picked":["Lizard Tail","Runic Dome"],"picked":"Nuclear Battery"},{"not_picked":["Tiny House","Black Star"],"picked":"Sozu"}],"items_purged_floors":[37],"is_endless":false,"potions_floor_spawned":[3,8,14,18,31,33,38,42,46,47],"killed_by":"Writhing Mass","ascension_level":7}