{"gold_per_floor":[119,131,131,56,69,69,98,116,116,134,134,134,54,82,82,186,186,205,155,65,83,83],"floor_reached":22,"playtime":1609,"items_purged":["Strike_B","Strike_B"],"score":310,"play_id":"75957ec5-9ec2-4f90-ab58-2d972e96644f","local_time":"20181104173016","is_ascension_mode":true,"campfire_choices":[{"data":"Melter","floor":6.0,"key":"SMITH"},{"floor":11,"key":"REST"},{"data":"Creative AI","floor":15,"key":"SMITH"}],"neow_cost":"NONE","seed_source_timestamp":0,"circlet_count":0,"master_deck":["AscendersBane","Strike_B","Defend_B","Defend_B","Defend_B","Defend_B","Zap","Dualcast","Melter+1","Doom and Gloom","Melter","Stack","Creative AI+1","Undo","Lockon","Buffer","Recycle","BootSequence","Storm"],"special_seed":0,"relics":["Cracked Core","Bag of Preparation","The Courier","Bottled Tornado","Cursed Key"],"potions_floor_usage":[21],"damage_taken":[{"damage":9.0,"enemies":"2 Louse","floor":1.0,"turns":3.0},{"damage":1.0,"enemies":"Cultist","floor":2.0,"turns":3.0},{"damage":7.0,"enemies":"Jaw Worm","floor":5.0,"turns":3.0},{"damage":13.0,"enemies":"3 Sentries","floor":7.0,"turns":5.0},{"damage":15.0,"enemies":"Exordium Thugs","floor":8.0,"turns":5.0},{"damage":0,"enemies":"2 Fungi Beasts","floor":10,"turns":3},{"damage":19,"enemies":"Gremlin Nob","floor":14,"turns":4},{"damage":27,"enemies":"The Guardian","floor":16,"turns":12},{"damage":0,"enemies":"Spheric Guardian","floor":18,"turns":2},{"damage":22,"enemies":"2 Thieves","floor":21,"turns":3},{"damage":52,"enemies":"3 Cultists","floor":22,"turns":4}],"seed_played":"-8072282603664399189","potions_obtained":[{"floor":1.0,"key":"Energy Potion"},{"floor":5.0,"key":"Block Potion"},{"floor":7.0,"key":"Block Potion"},{"floor":16,"key":"SkillPotion"}],"is_trial":false,"path_per_floor":["M","M","?","$","M","R","E","M","T","M","R","?","$","E","R","B",null,"M","?","$","M","M"],"character_chosen":"DEFECT","items_purchased":["BootSequence","Storm"],"campfire_rested":1,"item_purchase_floors":[20,20],"current_hp_per_floor":[66,65,65,65,58,58,45,30,30,30,54,82,82,63,63,36,71,71,71,71,49,0],"gold":83,"neow_bonus":"TEN_PERCENT_HP_BONUS","is_prod":false,"is_daily":false,"chose_seed":false,"campfire_upgraded":2,"win_rate":0,"timestamp":1541349016,"path_taken":["M","M","?","$","?","R","E","M","T","M","R","?","?","E","R","BOSS","M","?","$","?","M"],"build_version":"2018-11-01","purchased_purges":2,"victory":false,"max_hp_per_floor":[82,82,82,82,82,82,82,82,82,82,82,82,82,82,82,82,82,82,82,82,82,82],"card_choices":[{"not_picked":["Hologram","Coolheaded"],"picked":"Melter","floor":1.0},{"not_picked":["Rebound","Sweeping Beam"],"picked":"Doom and Gloom","floor":2.0},{"not_picked":["Leap","Conserve Battery"],"picked":"Melter","floor":5.0},{"not_picked":["Sunder","Static Discharge"],"picked":"Stack","floor":7.0},{"not_picked":["Turbo","Defragment"],"picked":"Creative AI","floor":8.0},{"not_picked":["Reprogram","Conserve Battery"],"picked":"Undo","floor":10},{"not_picked":["Go for the Eyes","Ball Lightning"],"picked":"Lockon","floor":14},{"not_picked":["Seek","Machine Learning"],"picked":"Buffer","floor":16},{"not_picked":["Sunder","Cold Snap"],"picked":"Recycle","floor":18},{"not_picked":["Melter+1","Sweeping Beam","Redo"],"picked":"SKIP","floor":21}],"player_experience":510884,"relics_obtained":[{"floor":7.0,"key":"Bag of Preparation"},{"floor":9,"key":"The Courier"},{"floor":14,"key":"Bottled Tornado"}],"event_choices":[{"cards_removed":["Strike_B"],"damage_healed":0.0,"max_hp_gain":0.0,"max_hp_loss":0.0,"gold_gain":0.0,"event_name":"Purifier","player_choice":"Purged","floor":3.0,"gold_loss":0.0,"damage_taken":0.0},{"damage_healed":28,"gold_gain":0,"player_choice":"Full Heal","damage_taken":0,"max_hp_gain":0,"max_hp_loss":0,"event_name":"Wheel of Change","floor":12,"gold_loss":0},{"damage_healed":0,"gold_gain":0,"player_choice":"Bet on Owner","damage_taken":0,"max_hp_gain":0,"max_hp_loss":0,"event_name":"The Joust","floor":19,"gold_loss":50}],"is_beta":false,"boss_relics":[{"not_picked":["Coffee Dripper","Inserter"],"picked":"Cursed Key"}],"items_purged_floors":[4,13],"is_endless":false,"potions_floor_spawned":[1,5,7,16],"killed_by":"3 Cultists","ascension_level":12}