{"gold_per_floor":[112,112,112,132,144,144,294,46,46,46,46],"floor_reached":11,"playtime":274,"items_purged":["Doubt"],"score":110,"play_id":"625d9cce-6999-4808-890a-7269d87665e6","local_time":"20190209173657","is_ascension_mode":true,"campfire_choices":[{"data":"Zap","floor":6,"key":"SMITH"},{"floor":10,"key":"REST"}],"neow_cost":"NONE","seed_source_timestamp":297678142684365,"circlet_count":0,"master_deck":["AscendersBane","Strike_B","Strike_B","Defend_B","Defend_B","Defend_B","Defend_B+1","Zap+1","Dualcast","Hologram","strawberrySpire:Adapter","Recycle+1","Leap","FIFO Queue","Chill"],"relics":["Cracked Core","Gremlin Food"],"potions_floor_usage":[],"damage_taken":[{"damage":9,"enemies":"Jaw Worm","floor":1,"turns":4},{"damage":0,"enemies":"2 Louse","floor":4,"turns":3},{"damage":4,"enemies":"Small Slimes","floor":5,"turns":3},{"damage":14,"enemies":"3 Sentries","floor":11,"turns":5}],"seed_played":"5633736861598132453","potions_obtained":[{"floor":1,"key":"Strength Potion"}],"is_trial":false,"path_per_floor":["M","?","?","M","M","R","?","$","T","R","E"],"character_chosen":"DEFECT","items_purchased":["FIFO Queue","Chill"],"campfire_rested":1,"item_purchase_floors":[8,8],"current_hp_per_floor":[55,55,48,48,44,44,44,44,44,65,51],"gold":46,"neow_bonus":"THREE_CARDS","is_prod":false,"is_daily":false,"chose_seed":false,"campfire_upgraded":1,"win_rate":0,"timestamp":1549694217,"path_taken":["M","?","?","M","M","R","?","?","T","R","E"],"build_version":"2019-01-23","purchased_purges":1,"victory":false,"max_hp_per_floor":[71,71,71,71,71,71,71,71,71,71,71],"card_choices":[{"not_picked":["Turbo","Panic Button"],"picked":"Hologram","floor":0},{"not_picked":["Lockon","Coolheaded"],"picked":"strawberrySpire:Adapter","floor":1},{"not_picked":["Panic Button","strawberrySpire:DataDump","Turbo"],"picked":"SKIP","floor":4},{"not_picked":["Skim","Go for the Eyes"],"picked":"Leap","floor":5}],"player_experience":411763,"relics_obtained":[{"floor":9,"key":"Gremlin Food"}],"event_choices":[{"cards_removed":["Strike_B"],"damage_healed":0,"gold_gain":0,"player_choice":"Card Removal","damage_taken":7,"max_hp_gain":0,"max_hp_loss":0,"event_name":"Golden Wing","floor":3,"gold_loss":0},{"damage_healed":0,"gold_gain":150,"player_choice":"AGREE","damage_taken":0,"max_hp_gain":0,"max_hp_loss":0,"event_name":"Liars Game","floor":7,"gold_loss":0,"cards_obtained":["Doubt"]}],"is_beta":false,"boss_relics":[],"items_purged_floors":[8],"is_endless":false,"potions_floor_spawned":[1],"killed_by":"3 Sentries","ascension_level":16}