{"gold_per_floor":[113,113,130,16,27,27,40,65,65,65],"floor_reached":10,"playtime":363,"items_purged":[],"score":75,"play_id":"9b747315-5eb9-46d8-aac7-ca784b711533","local_time":"20190108233846","is_ascension_mode":true,"campfire_choices":[{"data":"Neutralize","floor":6,"key":"SMITH"}],"neow_cost":"NONE","seed_source_timestamp":6555298917342,"circlet_count":0,"master_deck":["Defend_G","Defend_G","Defend_G","Defend_G","Defend_G","Strike_G","Strike_G","Strike_G","Strike_G","Strike_G","Survivor","Neutralize+1","Riddle With Holes","Cloak And Dagger","Cloak And Dagger","Well Laid Plans","Caltrops","Blade Dance","Sucker Punch"],"relics":["Ring of the Snake","NeowsBlessing","Lantern","Sundial"],"potions_floor_usage":[8,10],"damage_taken":[{"damage":0,"enemies":"2 Louse","floor":1,"turns":1},{"damage":0,"enemies":"Cultist","floor":3,"turns":1},{"damage":0,"enemies":"Small Slimes","floor":5,"turns":1},{"damage":14,"enemies":"3 Louse","floor":7,"turns":3},{"damage":40,"enemies":"Lagavulin","floor":8,"turns":8},{"damage":45,"enemies":"Gremlin Nob","floor":10,"turns":4}],"seed_played":"3122115843659734666","potions_obtained":[{"floor":2,"key":"FearPotion"},{"floor":2,"key":"Block Potion"},{"floor":2,"key":"Swift Potion"},{"floor":3,"key":"SpeedPotion"},{"floor":5,"key":"Regen Potion"},{"floor":8,"key":"Swift Potion"}],"is_trial":false,"path_per_floor":["M","?","M","$","M","R","M","E","T","E"],"character_chosen":"THE_SILENT","items_purchased":["Cloak And Dagger","Well Laid Plans"],"campfire_rested":0,"item_purchase_floors":[4,4],"current_hp_per_floor":[70,70,70,70,70,70,56,30,30,0],"gold":65,"neow_bonus":"THREE_ENEMY_KILL","is_prod":false,"is_daily":false,"chose_seed":false,"campfire_upgraded":1,"win_rate":0,"timestamp":1547012326,"path_taken":["M","?","?","?","M","R","M","E","T","E"],"build_version":"2019-01-03v4","purchased_purges":0,"victory":false,"max_hp_per_floor":[70,70,70,70,70,70,70,70,70,70],"card_choices":[{"not_picked":["Dagger Throw","Underhanded Strike"],"picked":"Riddle With Holes","floor":1},{"not_picked":["Outmaneuver","PiercingWail"],"picked":"Cloak And Dagger","floor":3},{"not_picked":["Expertise","Predator"],"picked":"Caltrops","floor":5},{"not_picked":["Catalyst","PiercingWail"],"picked":"Blade Dance","floor":7},{"not_picked":["Dagger Throw","Flying Knee"],"picked":"Sucker Punch","floor":8}],"player_experience":73241,"relics_obtained":[{"floor":8,"key":"Lantern"},{"floor":9,"key":"Sundial"}],"event_choices":[{"damage_healed":0,"gold_gain":0,"player_choice":"Got Potions","damage_taken":0,"max_hp_gain":0,"max_hp_loss":0,"event_name":"Lab","floor":2,"gold_loss":0}],"is_beta":false,"boss_relics":[],"items_purged_floors":[],"is_endless":false,"potions_floor_spawned":[3,5,8],"killed_by":"Gremlin Nob","ascension_level":2}