{"gold_per_floor":[116,116,116,191,191,218,168,168,194,222,222,23,51,61,61,61],"floor_reached":16,"playtime":810,"items_purged":["Defend_R","Strike_R"],"score":180,"play_id":"b3327051-0247-4852-9ca1-ca9c5ec3f3d3","local_time":"20190210160715","is_ascension_mode":true,"campfire_choices":[{"data":"Disarm","floor":8,"key":"SMITH"},{"data":"Metallicize","floor":11,"key":"SMITH"},{"data":"Disarm","floor":15,"key":"SMITH"}],"neow_cost":"NONE","seed_source_timestamp":1918543702597316,"circlet_count":0,"master_deck":["Strike_R","Strike_R","Strike_R","Defend_R+1","Defend_R","Defend_R+1","Bash","Intimidate","Disarm+1","Metallicize+1","Disarm+1"],"relics":["Burning Blood","NeowsBlessing","Smiling Mask","Dream Catcher","Vajra","Happy Flower","Strawberry","WingedGreaves"],"potions_floor_usage":[13,16,16],"damage_taken":[{"damage":0,"enemies":"Cultist","floor":1,"turns":1},{"damage":0,"enemies":"3 Sentries","floor":6,"turns":1},{"damage":0,"enemies":"Lagavulin","floor":10,"turns":1},{"damage":12,"enemies":"Gremlin Nob","floor":13,"turns":3},{"damage":0,"enemies":"2 Louse","floor":14,"turns":4},{"damage":73,"enemies":"Hexaghost","floor":16,"turns":21}],"seed_played":"-5119520840487412044","potions_obtained":[{"floor":6,"key":"Swift Potion"},{"floor":10,"key":"Fire Potion"},{"floor":13,"key":"BloodPotion"}],"is_trial":false,"path_per_floor":["M","?","?","?","?","E","$","R","T","E","R","$","E","M","R","B"],"character_chosen":"IRONCLAD","items_purchased":["Strawberry"],"campfire_rested":0,"item_purchase_floors":[12],"current_hp_per_floor":[80,64,57,46,43,49,49,49,49,55,55,62,56,62,62,0],"gold":61,"neow_bonus":"THREE_ENEMY_KILL","is_prod":false,"is_daily":false,"chose_seed":false,"campfire_upgraded":3,"win_rate":0,"timestamp":1549811235,"path_taken":["M","?","?","?","?","E","$","R","T","E","R","$","E","M","R","BOSS"],"build_version":"2019-01-23","purchased_purges":2,"victory":false,"max_hp_per_floor":[80,80,80,80,80,80,80,80,80,80,80,87,87,87,87,87],"card_choices":[{"not_picked":["Thunderclap","Burning Pact"],"picked":"Intimidate","floor":1},{"not_picked":["Havoc","Heavy Blade"],"picked":"Disarm","floor":6},{"not_picked":["True Grit","Sword Boomerang"],"picked":"Metallicize","floor":10},{"not_picked":["Thunderclap","Rupture","Havoc"],"picked":"SKIP","floor":13},{"not_picked":["Flex","Thunderclap"],"picked":"Disarm","floor":14}],"player_experience":175286,"relics_obtained":[{"floor":6,"key":"Dream Catcher"},{"floor":9,"key":"Vajra"},{"floor":10,"key":"Happy Flower"},{"floor":13,"key":"WingedGreaves"}],"event_choices":[{"damage_healed":0,"gold_gain":0,"player_choice":"Entered Light","damage_taken":16,"max_hp_gain":0,"max_hp_loss":0,"event_name":"Shining Light","floor":2,"gold_loss":0,"cards_upgraded":["Defend_R","Defend_R"]},{"cards_removed":["Strike_R"],"damage_healed":0,"gold_gain":0,"player_choice":"Card Removal","damage_taken":7,"max_hp_gain":0,"max_hp_loss":0,"event_name":"Golden Wing","floor":3,"gold_loss":0},{"damage_healed":0,"gold_gain":75,"player_choice":"Gather Gold","damage_taken":11,"max_hp_gain":0,"max_hp_loss":0,"event_name":"World of Goop","floor":4,"gold_loss":0},{"damage_healed":0,"gold_gain":0,"player_choice":"Success","damage_taken":3,"relics_obtained":["Smiling Mask"],"max_hp_gain":0,"max_hp_loss":0,"event_name":"Scrap Ooze","floor":5,"gold_loss":0}],"is_beta":false,"boss_relics":[],"items_purged_floors":[7,12],"is_endless":false,"potions_floor_spawned":[6,10,13],"killed_by":"Hexaghost","ascension_level":2}