{"gold_per_floor":[14,28,43,53,53,53,88,106,176,176,186,199,199],"floor_reached":13,"playtime":1139,"items_purged":[],"score":142,"play_id":"ed36ceee-047b-4728-acf6-8daabff4970a","local_time":"20180909164316","is_ascension_mode":true,"campfire_choices":[{"floor":6.0,"key":"REST"},{"floor":10,"key":"REST"}],"neow_cost":"NO_GOLD","seed_source_timestamp":0,"circlet_count":0,"master_deck":["Strike_B","Strike_B","Defend_B","Defend_B","Defend_B","Defend_B","Zap","Dualcast","AscendersBane","Static Discharge","Compile Driver","Hologram","Fusion","Turbo","Stack","Compile Driver","Seek","Darkness","Chaos"],"special_seed":0,"relics":["Cracked Core","Ornamental Fan","Blue Candle"],"potions_floor_usage":[12],"damage_taken":[{"damage":1.0,"enemies":"Cultist","floor":1.0,"turns":3.0},{"damage":5.0,"enemies":"Small Slimes","floor":2.0,"turns":4.0},{"damage":10.0,"enemies":"2 Louse","floor":3.0,"turns":3.0},{"damage":20.0,"enemies":"Gremlin Gang","floor":4.0,"turns":4.0},{"damage":31.0,"enemies":"Lagavulin","floor":7.0,"turns":9.0},{"damage":14.0,"enemies":"Lots of Slimes","floor":8.0,"turns":4.0},{"damage":6,"enemies":"Looter","floor":11,"turns":3},{"damage":3,"enemies":"2 Fungi Beasts","floor":12,"turns":4},{"damage":36,"enemies":"Exordium Thugs","floor":13,"turns":4}],"seed_played":"3444535735100414360","potions_obtained":[{"floor":2.0,"key":"EssenceOfSteel"},{"floor":4.0,"key":"SpeedPotion"},{"floor":7.0,"key":"Poison Potion"},{"floor":12,"key":"Poison Potion"}],"is_trial":false,"path_per_floor":["M","M","M","M","?","R","E","M","T","R","M","M"],"character_chosen":"DEFECT","items_purchased":[],"campfire_rested":2,"item_purchase_floors":[],"current_hp_per_floor":[67,62,52,32,37,61,30,16,16,40,34,31,0],"gold":199,"neow_bonus":"TRANSFORM_TWO_CARDS","is_prod":false,"is_daily":false,"chose_seed":false,"campfire_upgraded":0,"win_rate":0,"timestamp":1536504196,"path_taken":["M","?","M","M","?","R","E","?","T","R","M","M","?"],"build_version":"2018-09-06","purchased_purges":0,"victory":false,"max_hp_per_floor":[75,75,75,75,80,80,80,80,80,80,80,80,80],"card_choices":[{"not_picked":["Coolheaded","Barrage"],"picked":"Hologram","floor":1.0},{"not_picked":["Reinforced Body","Compile Driver"],"picked":"Fusion","floor":2.0},{"not_picked":["Redo","Beam Cell"],"picked":"Turbo","floor":3.0},{"not_picked":["Rebound","Hologram"],"picked":"Stack","floor":4.0},{"not_picked":["Lockon","Double Energy"],"picked":"Compile Driver","floor":7.0},{"not_picked":["Fusion","Turbo"],"picked":"Seek","floor":8.0},{"not_picked":["Leap","Conserve Battery"],"picked":"Darkness","floor":11},{"not_picked":["Melter","Aggregate"],"picked":"Chaos","floor":12}],"player_experience":394132,"relics_obtained":[{"floor":7.0,"key":"Ornamental Fan"},{"floor":9.0,"key":"Blue Candle"}],"event_choices":[{"event_name":"Big Fish","player_choice":"Donut","floor":5.0,"damage_taken":0.0}],"is_beta":false,"boss_relics":[],"items_purged_floors":[],"is_endless":false,"potions_floor_spawned":[2,4,7,12],"killed_by":"Exordium Thugs","ascension_level":12}