{"gold_per_floor":[114,124,124,49,69,69,104,104,150,32,32,65,65,90,90,165,165,181,101,118,132,152,185,185,185,208,219,28,28,42,69,69,145,145,161,161,178,191,18,18],"floor_reached":40,"playtime":4057,"items_purged":["Pain","Strike_R"],"score":780,"play_id":"89c49117-77dc-4b76-9464-58c7456d5831","local_time":"20181122232126","is_ascension_mode":true,"campfire_choices":[{"data":"Armaments","floor":6.0,"key":"SMITH"},{"data":"Inflame","floor":11.0,"key":"SMITH"},{"data":"Juggernaut","floor":15.0,"key":"SMITH"},{"floor":24.0,"key":"REST"},{"floor":32.0,"key":"REST"}],"neow_cost":"NONE","seed_source_timestamp":13040443012064,"circlet_count":0,"master_deck":["AscendersBane","Strike_R","Strike_R","Strike_R","Strike_R","Defend_R","Defend_R","Defend_R","Bash","Armaments+1","Inflame+1","Ghostly Armor","Shockwave","Seeing Red","Metallicize","Juggernaut+1","Feed","Flame Barrier","Shrug It Off","Iron Wave+1","Juggernaut+1","Juggernaut+1","Warcry","Exhume","Entrench"],"special_seed":0,"relics":["Burning Blood","WarpedTongs","Bronze Scales","Bag of Marbles","Lantern","Busted Crown","Pen Nib","Boot","DollysMirror","Regal Pillow","Runic Cube"],"potions_floor_usage":[],"damage_taken":[{"damage":0.0,"enemies":"Small Slimes","floor":1.0,"turns":3.0},{"damage":1.0,"enemies":"Cultist","floor":2.0,"turns":4.0},{"damage":7.0,"enemies":"Jaw Worm","floor":5.0,"turns":4.0},{"damage":32.0,"enemies":"3 Sentries","floor":7.0,"turns":10.0},{"damage":0.0,"enemies":"Lagavulin","floor":12.0,"turns":7.0},{"damage":35.0,"enemies":"Hexaghost","floor":16.0,"turns":8.0},{"damage":16.0,"enemies":"Spheric Guardian","floor":18.0,"turns":4.0},{"damage":22.0,"enemies":"2 Thieves","floor":20.0,"turns":4.0},{"damage":18.0,"enemies":"Snecko","floor":21.0,"turns":4.0},{"damage":0.0,"enemies":"3 Cultists","floor":22.0,"turns":6.0},{"damage":42.0,"enemies":"Slavers","floor":23.0,"turns":7.0},{"damage":15.0,"enemies":"Centurion and Healer","floor":27.0,"turns":8.0},{"damage":5.0,"enemies":"Cultist and Chosen","floor":30.0,"turns":5.0},{"damage":21.0,"enemies":"Gremlin Leader","floor":31.0,"turns":4.0},{"damage":73.0,"enemies":"Automaton","floor":33.0,"turns":10.0},{"damage":18,"enemies":"3 Darklings","floor":35,"turns":7},{"damage":18,"enemies":"3 Shapes","floor":37,"turns":5},{"damage":30,"enemies":"Jaw Worm Horde","floor":38,"turns":5},{"damage":31,"enemies":"Giant Head","floor":40,"turns":5}],"seed_played":"6399639569797448641","potions_obtained":[{"floor":2.0,"key":"Block Potion"},{"floor":5.0,"key":"Regen Potion"},{"floor":22.0,"key":"PowerPotion"},{"floor":23.0,"key":"Regen Potion"},{"floor":27.0,"key":"BloodPotion"},{"floor":31.0,"key":"FearPotion"}],"is_trial":false,"path_per_floor":["M","M","?","$","M","R","E","?","T","$","R","E","$","T","R","B",null,"M","$","M","M","M","E","R","$","T","M","$","?","M","E","R","B",null,"M","$","M","M","$","E"],"character_chosen":"IRONCLAD","items_purchased":["Seeing Red","Metallicize","Flame Barrier","DollysMirror","Entrench"],"campfire_rested":2,"item_purchase_floors":[10,10,19,28,39],"current_hp_per_floor":[81,82,82,82,81,81,55,48,48,48,48,54,54,54,54,40,72,62,62,49,37,46,10,36,36,36,42,42,42,43,28,69,10,69,57,57,45,24,24,0],"gold":18,"neow_bonus":"TEN_PERCENT_HP_BONUS","is_prod":false,"is_daily":false,"chose_seed":false,"campfire_upgraded":3,"win_rate":0,"timestamp":1542925286,"path_taken":["M","M","?","?","M","R","E","?","T","$","R","E","?","?","R","BOSS","M","$","M","M","M","E","R","$","T","M","$","?","?","E","R","BOSS","M","$","M","M","$","E"],"build_version":"2018-11-15","purchased_purges":2,"victory":false,"max_hp_per_floor":[82,82,82,82,82,82,82,82,82,82,82,82,82,82,82,82,82,82,82,85,85,88,88,88,88,88,88,88,88,88,88,88,88,88,88,88,88,91,91,91],"card_choices":[{"not_picked":["Flex","Shrug It Off"],"picked":"Armaments","floor":1.0},{"not_picked":["Thunderclap","True Grit"],"picked":"Inflame","floor":2.0},{"not_picked":["True Grit","Sentinel"],"picked":"Ghostly Armor","floor":5.0},{"not_picked":["True Grit","Armaments"],"picked":"Shockwave","floor":7.0},{"not_picked":["Wild Strike","Shrug It Off"],"picked":"Juggernaut","floor":12.0},{"not_picked":["Dark Embrace","Offering"],"picked":"Feed","floor":16.0},{"not_picked":["Uppercut"],"picked":"SKIP","floor":18.0},{"not_picked":["True Grit"],"picked":"SKIP","floor":20.0},{"not_picked":[],"picked":"Shrug It Off","floor":21.0},{"not_picked":[],"picked":"Iron Wave+1","floor":22.0},{"not_picked":["Heavy Blade"],"picked":"SKIP","floor":23.0},{"not_picked":["Perfected Strike"],"picked":"SKIP","floor":27.0},{"not_picked":["Reckless Charge"],"picked":"SKIP","floor":30.0},{"not_picked":[],"picked":"Warcry","floor":31.0},{"not_picked":[],"picked":"Exhume","floor":33.0},{"not_picked":["Uppercut"],"picked":"SKIP","floor":35},{"not_picked":["Cleave+1"],"picked":"SKIP","floor":37},{"not_picked":["Bloodletting"],"picked":"SKIP","floor":38}],"player_experience":541119,"relics_obtained":[{"floor":7.0,"key":"Bronze Scales"},{"floor":9.0,"key":"Bag of Marbles"},{"floor":14.0,"key":"Lantern"},{"floor":23.0,"key":"Pen Nib"},{"floor":26.0,"key":"Boot"},{"floor":31.0,"key":"Regal Pillow"}],"event_choices":[{"damage_healed":0.0,"max_hp_gain":0.0,"max_hp_loss":0.0,"gold_gain":0.0,"event_name":"Accursed Blacksmith","player_choice":"Rummage","floor":3.0,"gold_loss":0.0,"damage_taken":0.0,"relics_obtained":["WarpedTongs"],"cards_obtained":["Pain"]},{"cards_removed":["Defend_R"],"damage_healed":0.0,"max_hp_gain":0.0,"max_hp_loss":0.0,"gold_gain":0.0,"event_name":"Golden Wing","player_choice":"Card Removal","floor":8.0,"gold_loss":0.0,"damage_taken":7.0},{"damage_healed":0.0,"max_hp_gain":0.0,"max_hp_loss":0.0,"gold_gain":0.0,"event_name":"Duplicator","player_choice":"Copied","floor":29.0,"gold_loss":0.0,"damage_taken":0.0,"cards_obtained":["Juggernaut"]}],"is_beta":false,"boss_relics":[{"not_picked":["Runic Pyramid","Tiny House"],"picked":"Busted Crown"},{"not_picked":["Eternal Feather","Snecko Eye"],"picked":"Runic Cube"}],"items_purged_floors":[4,39],"is_endless":false,"potions_floor_spawned":[2,5,7,22,23,27,31],"killed_by":"Giant Head","ascension_level":14}