{"gold_per_floor":[113,188,207,207,228,228,252,252,252,271,271,271,271,290,290,290],"floor_reached":16,"playtime":1123,"items_purged":[],"score":161,"play_id":"e0b70f91-3a7c-4d48-a7f3-a6aa52764976","local_time":"20181212204526","is_ascension_mode":true,"campfire_choices":[{"floor":6,"key":"RECALL"},{"data":"Dodge and Roll","floor":8,"key":"SMITH"},{"data":"Dodge and Roll","floor":11,"key":"SMITH"},{"data":"Survivor","floor":13,"key":"SMITH"},{"floor":15,"key":"REST"}],"neow_cost":"NONE","seed_source_timestamp":6762223094648,"circlet_count":0,"master_deck":["AscendersBane","Defend_G","Defend_G","Defend_G","Defend_G","Defend_G","Strike_G","Strike_G","Strike_G","Strike_G","Strike_G","Survivor+1","Neutralize","Dodge and Roll+1","Dodge and Roll+1","Bullet Time"],"relics":["Ring of the Snake","NeowsBlessing","Golden Idol","Pantograph"],"potions_floor_usage":[],"damage_taken":[{"damage":0,"enemies":"Jaw Worm","floor":1,"turns":1},{"damage":0,"enemies":"Small Slimes","floor":3,"turns":1},{"damage":0,"enemies":"2 Louse","floor":5,"turns":1},{"damage":2,"enemies":"2 Fungi Beasts","floor":7,"turns":5},{"damage":4,"enemies":"3 Louse","floor":10,"turns":5},{"damage":28,"enemies":"Large Slime","floor":14,"turns":12},{"damage":59,"enemies":"The Guardian","floor":16,"turns":16}],"seed_played":"3922825990163378952","potions_obtained":[{"floor":14,"key":"SteroidPotion"}],"is_trial":false,"path_per_floor":["M","?","M","?","M","R","M","R","T","M","R","T","R","M","R","B"],"character_chosen":"THE_SILENT","items_purchased":[],"campfire_rested":1,"item_purchase_floors":[],"current_hp_per_floor":[59,48,48,48,48,48,46,46,46,42,42,42,42,14,32,0],"gold":290,"neow_bonus":"THREE_ENEMY_KILL","is_prod":false,"is_daily":false,"chose_seed":false,"campfire_upgraded":3,"win_rate":0,"timestamp":1544643926,"path_taken":["M","?","M","?","M","R","M","R","T","M","R","?","R","M","R","BOSS"],"build_version":"2018-12-06","purchased_purges":0,"victory":false,"max_hp_per_floor":[66,66,66,60,60,60,60,60,60,60,60,60,60,60,60,60],"card_choices":[{"not_picked":["Underhanded Strike","Dagger Throw"],"picked":"Dodge and Roll","floor":1},{"not_picked":["Quick Slash","Cloak And Dagger"],"picked":"Dodge and Roll","floor":3},{"not_picked":["Poisoned Stab","Masterful Stab"],"picked":"Bullet Time","floor":5},{"not_picked":["Deadly Poison","Outmaneuver","Dagger Throw"],"picked":"SKIP","floor":7},{"not_picked":["Cloak And Dagger","Slice","Quick Slash"],"picked":"SKIP","floor":10},{"not_picked":["Deflect","Quick Slash","Poisoned Stab"],"picked":"SKIP","floor":14}],"player_experience":607200,"relics_obtained":[{"floor":9,"key":"Pantograph"}],"event_choices":[{"damage_healed":0,"gold_gain":75,"player_choice":"Gather Gold","damage_taken":11,"max_hp_gain":0,"max_hp_loss":0,"event_name":"World of Goop","floor":2,"gold_loss":0},{"damage_healed":0,"gold_gain":0,"player_choice":"Lose Max HP","damage_taken":0,"relics_obtained":["Golden Idol"],"max_hp_gain":0,"max_hp_loss":6,"event_name":"Golden Idol","floor":4,"gold_loss":0}],"is_beta":false,"boss_relics":[],"items_purged_floors":[],"is_endless":false,"potions_floor_spawned":[14],"killed_by":"The Guardian","ascension_level":15}