{"gold_per_floor":[111,111,111,130,143,168,168,93,93,112,145,157,157,157,157,261,261,271,290,290,389,403,403,328,328,328,238,257,2,16,27,27,128,128,140,158,170,185,185,210,220,220,220,220],"floor_reached":44,"playtime":3290,"items_purged":["Strike_B","Defend_B"],"score":577,"play_id":"f58b0592-672b-435d-8b48-043a6d3b06bf","local_time":"20190120220615","is_ascension_mode":false,"campfire_choices":[{"floor":13,"key":"REST"},{"data":"Zap","floor":15,"key":"SMITH"},{"floor":23,"key":"REST"},{"data":"Dualcast","floor":25,"key":"SMITH"},{"data":"Conserve Battery","floor":32,"key":"SMITH"},{"data":"Redo","floor":42,"key":"SMITH"}],"neow_cost":"NONE","seed_source_timestamp":123119402058620,"circlet_count":0,"master_deck":["Strike_B+1","Strike_B+1","Defend_B","Zap+1","Dualcast+1","Defragment+1","Lockon+1","Ball Lightning","Fusion+1","Conserve Battery+1","BootSequence","Echo Form+1","Beam Cell+1","Beam Cell+1","Redo+1","Redo+1"],"relics":["Cracked Core","NeowsBlessing","Juzu Bracelet","Unceasing Top","Kunai","Frozen Egg 2","Whetstone","Nuclear Battery","Mercury Hourglass","Lantern","Lizard Tail","Vajra","Ornamental Fan"],"potions_floor_usage":[11,16,22,33,40],"damage_taken":[{"damage":0,"enemies":"Cultist","floor":1,"turns":1},{"damage":0,"enemies":"Jaw Worm","floor":4,"turns":1},{"damage":0,"enemies":"2 Louse","floor":5,"turns":1},{"damage":16,"enemies":"Gremlin Nob","floor":6,"turns":3},{"damage":8,"enemies":"2 Fungi Beasts","floor":10,"turns":3},{"damage":23,"enemies":"3 Sentries","floor":11,"turns":7},{"damage":1,"enemies":"Exordium Wildlife","floor":12,"turns":3},{"damage":0,"enemies":"Slime Boss","floor":16,"turns":9},{"damage":16,"enemies":"3 Byrds","floor":18,"turns":4},{"damage":4,"enemies":"Spheric Guardian","floor":19,"turns":3},{"damage":12,"enemies":"3 Cultists","floor":22,"turns":4},{"damage":5,"enemies":"Centurion and Healer","floor":28,"turns":3},{"damage":0,"enemies":"Snecko","floor":30,"turns":3},{"damage":2,"enemies":"Sentry and Sphere","floor":31,"turns":3},{"damage":0,"enemies":"Automaton","floor":33,"turns":4},{"damage":7,"enemies":"3 Shapes","floor":35,"turns":4},{"damage":0,"enemies":"Orb Walker","floor":36,"turns":2},{"damage":0,"enemies":"Transient","floor":37,"turns":5},{"damage":12,"enemies":"Maw","floor":38,"turns":4},{"damage":84,"enemies":"Reptomancer","floor":40,"turns":4},{"damage":6,"enemies":"Jaw Worm Horde","floor":41,"turns":3},{"damage":34,"enemies":"2 Orb Walkers","floor":44,"turns":3}],"seed_played":"-85821920193657243","potions_obtained":[{"floor":4,"key":"Swift Potion"},{"floor":5,"key":"Ancient Potion"},{"floor":10,"key":"FocusPotion"},{"floor":12,"key":"Energy Potion"},{"floor":16,"key":"Strength Potion"},{"floor":18,"key":"SpeedPotion"},{"floor":28,"key":"SteroidPotion"},{"floor":35,"key":"Poison Potion"}],"is_trial":false,"path_per_floor":["M","?","?","M","M","E","?","$","T","M","E","M","R","T","R","B",null,"M","M","?","?","M","R","?","R","T","?","M","$","M","M","R","B",null,"M","M","M","M","?","E","M","R","T","?"],"character_chosen":"DEFECT","items_purchased":["Lantern"],"campfire_rested":2,"item_purchase_floors":[29],"current_hp_per_floor":[75,75,75,75,75,59,44,44,44,36,13,12,34,34,34,34,75,59,55,39,39,27,49,49,49,49,49,44,44,44,42,42,42,75,68,68,68,56,56,37,31,31,31,0],"gold":220,"neow_bonus":"THREE_ENEMY_KILL","is_prod":false,"is_daily":false,"chose_seed":false,"campfire_upgraded":4,"win_rate":0.0,"timestamp":1548018375,"path_taken":["M","?","?","M","M","E","?","$","T","M","E","M","R","?","R","BOSS","M","M","?","?","M","R","?","R","T","?","M","$","M","M","R","BOSS","M","M","M","M","?","E","M","R","T","?"],"build_version":"2019-01-17v2","purchased_purges":2,"victory":false,"max_hp_per_floor":[75,75,75,75,75,75,75,75,75,75,75,75,75,75,75,75,75,75,75,75,75,75,75,75,75,75,75,75,75,75,75,75,75,75,75,75,75,75,75,75,75,75,75,75],"card_choices":[{"not_picked":["Rebound","Coolheaded"],"picked":"Defragment","floor":1},{"not_picked":["Reinforced Body","Barrage"],"picked":"Lockon","floor":4},{"not_picked":["Reprogram","Sweeping Beam"],"picked":"Ball Lightning","floor":5},{"not_picked":["Doom and Gloom","Redo"],"picked":"Fusion","floor":6},{"not_picked":["Force Field","Leap"],"picked":"Conserve Battery","floor":10},{"not_picked":["Skim","Barrage"],"picked":"BootSequence","floor":11},{"not_picked":["Blizzard","Storm+1","Sweeping Beam"],"picked":"SKIP","floor":12},{"not_picked":["Thunder Strike","Biased Cognition+1"],"picked":"Echo Form+1","floor":16},{"not_picked":["Genetic Algorithm","Tempest","Sweeping Beam"],"picked":"SKIP","floor":18},{"not_picked":["Undo","Hologram+1","Rip and Tear"],"picked":"SKIP","floor":19},{"not_picked":["Skim","Lockon","Sweeping Beam"],"picked":"SKIP","floor":22},{"not_picked":["Compile Driver","FTL","Hologram"],"picked":"SKIP","floor":28},{"not_picked":["Darkness","Sweeping Beam"],"picked":"Beam Cell+1","floor":30},{"not_picked":["Cold Snap","Turbo","Go for the Eyes"],"picked":"SKIP","floor":31},{"not_picked":["Genetic Algorithm","Skim","Ball Lightning+1"],"picked":"SKIP","floor":35},{"not_picked":["Barrage+1","Stack+1"],"picked":"Beam Cell+1","floor":36},{"not_picked":["Streamline","Chill","Melter"],"picked":"SKIP","floor":37},{"not_picked":["Darkness","Sweeping Beam+1"],"picked":"Redo","floor":38},{"not_picked":["Sunder","Reprogram+1","Steam"],"picked":"SKIP","floor":40},{"not_picked":["Sunder+1","Doom and Gloom+1"],"picked":"Redo","floor":41}],"player_experience":50766,"relics_obtained":[{"floor":2,"key":"Juzu Bracelet"},{"floor":6,"key":"Unceasing Top"},{"floor":9,"key":"Kunai"},{"floor":11,"key":"Frozen Egg 2"},{"floor":14,"key":"Whetstone"},{"floor":26,"key":"Mercury Hourglass"},{"floor":40,"key":"Vajra"},{"floor":43,"key":"Ornamental Fan"}],"event_choices":[{"damage_healed":0,"gold_gain":0,"player_choice":"Relic","damage_taken":0,"max_hp_gain":0,"max_hp_loss":0,"event_name":"Wheel of Change","floor":2,"gold_loss":0},{"cards_removed":["Strike_B"],"damage_healed":0,"gold_gain":0,"player_choice":"Forget","damage_taken":0,"max_hp_gain":0,"max_hp_loss":0,"event_name":"Living Wall","floor":3,"gold_loss":0},{"damage_healed":0,"gold_gain":0,"player_choice":"Entered Light","damage_taken":15,"max_hp_gain":0,"max_hp_loss":0,"event_name":"Shining Light","floor":7,"gold_loss":0,"cards_upgraded":["Defragment","Fusion"]},{"damage_healed":0,"gold_gain":0,"player_choice":"Obtained Book","damage_taken":16,"max_hp_gain":0,"max_hp_loss":0,"event_name":"Cursed Tome","floor":20,"gold_loss":0},{"damage_healed":0,"gold_gain":99,"player_choice":"Stole From Cult","damage_taken":0,"max_hp_gain":0,"max_hp_loss":0,"event_name":"Nest","floor":21,"gold_loss":0},{"cards_removed":["Defend_B"],"damage_healed":0,"gold_gain":0,"player_choice":"Gave Gold","damage_taken":0,"max_hp_gain":0,"max_hp_loss":0,"event_name":"Beggar","floor":24,"gold_loss":75},{"cards_removed":["Defend_B"],"damage_healed":0,"gold_gain":0,"player_choice":"Upgrade and Remove","damage_taken":0,"max_hp_gain":0,"max_hp_loss":0,"event_name":"Designer","floor":27,"gold_loss":90,"cards_upgraded":["Lockon"]},{"damage_healed":0,"gold_gain":0,"player_choice":"Upgraded","damage_taken":0,"max_hp_gain":0,"max_hp_loss":0,"event_name":"Upgrade Shrine","floor":39,"gold_loss":0,"cards_upgraded":["Redo"]},{"damage_healed":0,"gold_gain":0,"player_choice":"Fight","damage_taken":0,"max_hp_gain":0,"max_hp_loss":0,"event_name":"Mysterious Sphere","floor":44,"gold_loss":0}],"is_beta":false,"boss_relics":[{"not_picked":["FrozenCore","Pandora\u0027s Box"],"picked":"Nuclear Battery"},{"not_picked":["Inserter","Snecko Eye"],"picked":"Lizard Tail"}],"items_purged_floors":[8,29],"is_endless":false,"potions_floor_spawned":[4,5,10,12,16,18,19,28,31,35,36],"killed_by":"2 Orb Walkers","ascension_level":0}