{"gold_per_floor":[142,417,274,294,312,345,357,357,357,388,388,398,417,436,436,436],"floor_reached":16,"playtime":515,"items_purged":["Regret"],"score":154,"play_id":"2ef93bbb-336b-4b29-b047-4372a28659a1","local_time":"20190125003909","is_ascension_mode":true,"campfire_choices":[{"floor":8,"key":"REST"},{"data":"Perfected Strike","floor":11,"key":"SMITH"},{"data":"Body Slam","floor":15,"key":"SMITH"}],"neow_cost":"NONE","seed_source_timestamp":363450574755073,"circlet_count":0,"master_deck":["Strike_R","Strike_R","Strike_R","Strike_R","Strike_R","Defend_R","Defend_R","Defend_R","Defend_R","Bash","Cleave","Shockwave","Body Slam+1","Perfected Strike+1","Thunderclap","Ghostly Armor","Feel No Pain","Perfected Strike","Whirlwind","True Grit"],"relics":["Burning Blood","Tiny Chest","Red Skull","Bag of Marbles","Matryoshka"],"potions_floor_usage":[],"damage_taken":[{"damage":7,"enemies":"Jaw Worm","floor":1,"turns":3},{"damage":4,"enemies":"Cultist","floor":4,"turns":3},{"damage":1,"enemies":"Small Slimes","floor":5,"turns":3},{"damage":65,"enemies":"Lagavulin","floor":6,"turns":8},{"damage":10,"enemies":"Blue Slaver","floor":7,"turns":3},{"damage":17,"enemies":"3 Sentries","floor":10,"turns":4},{"damage":13,"enemies":"Red Slaver","floor":12,"turns":3},{"damage":3,"enemies":"3 Louse","floor":13,"turns":2},{"damage":1,"enemies":"Looter","floor":14,"turns":2},{"damage":33,"enemies":"Hexaghost","floor":16,"turns":9}],"seed_played":"-4146356026087117093","potions_obtained":[{"floor":10,"key":"FearPotion"},{"floor":13,"key":"Regen Potion"},{"floor":14,"key":"Explosive Potion"}],"is_trial":false,"path_per_floor":["M","?","$","M","M","E","M","R","T","E","R","M","M","M","R","B"],"character_chosen":"IRONCLAD","items_purchased":["Shockwave"],"campfire_rested":1,"item_purchase_floors":[3],"current_hp_per_floor":[71,71,71,73,78,19,15,39,39,28,28,21,24,29,29,0],"gold":436,"neow_bonus":"RANDOM_COMMON_RELIC","is_prod":false,"is_daily":false,"chose_seed":false,"campfire_upgraded":2,"win_rate":0,"timestamp":1548398349,"path_taken":["M","?","$","M","M","E","?","R","T","E","R","M","M","M","R","BOSS"],"build_version":"2019-01-23","purchased_purges":1,"victory":false,"max_hp_per_floor":[80,80,80,80,80,80,80,80,80,80,80,80,80,80,80,80],"card_choices":[{"not_picked":["Fire Breathing","Burning Pact"],"picked":"Cleave","floor":1},{"not_picked":["Blood for Blood","Fire Breathing"],"picked":"Body Slam","floor":4},{"not_picked":["Dual Wield","Armaments"],"picked":"Perfected Strike","floor":5},{"not_picked":["Shockwave","Clothesline"],"picked":"Thunderclap","floor":6},{"not_picked":["True Grit","Twin Strike"],"picked":"Ghostly Armor","floor":7},{"not_picked":["Cleave","Battle Trance"],"picked":"Feel No Pain","floor":10},{"not_picked":["Sword Boomerang","Ghostly Armor"],"picked":"Perfected Strike","floor":12},{"not_picked":["Limit Break","Armaments"],"picked":"Whirlwind","floor":13},{"not_picked":["Heavy Blade","Sword Boomerang"],"picked":"True Grit","floor":14}],"player_experience":122022,"relics_obtained":[{"floor":6,"key":"Red Skull"},{"floor":9,"key":"Bag of Marbles"},{"floor":10,"key":"Matryoshka"}],"event_choices":[{"damage_healed":0,"gold_gain":275,"player_choice":"Desecrate","damage_taken":0,"max_hp_gain":0,"max_hp_loss":0,"event_name":"Golden Shrine","floor":2,"gold_loss":0,"cards_obtained":["Regret"]}],"is_beta":false,"boss_relics":[],"items_purged_floors":[3],"is_endless":false,"potions_floor_spawned":[10,13,14],"killed_by":"Hexaghost","ascension_level":7}