{"gold_per_floor":[118,128,128,128,208,208,237,237,237,257,276,67,67,101,101,175,175,185,185,204,224,243,274,274,302,302,321,321,354,354,372,372,449,449,467,219,219,219,219,254,254,283,283,293,324,324,359,46,46,46],"floor_reached":51,"playtime":3709,"items_purged":["Strike_G","Defend_G"],"score":2001,"play_id":"3e81d8f2-9cc4-4367-9919-2521c40e4ec9","local_time":"20181003150651","is_ascension_mode":true,"campfire_choices":[{"data":"Cloak And Dagger","floor":6,"key":"SMITH"},{"data":"Cloak And Dagger","floor":8,"key":"SMITH"},{"floor":13,"key":"REST"},{"data":"Accuracy","floor":15,"key":"SMITH"},{"data":"Accuracy","floor":28,"key":"SMITH"},{"data":"Wraith Form v2","floor":30,"key":"SMITH"},{"data":"Accuracy","floor":32,"key":"SMITH"},{"data":"Accuracy","floor":41,"key":"SMITH"},{"data":"Accuracy","floor":46,"key":"SMITH"},{"data":"Panache","floor":49,"key":"SMITH"}],"neow_cost":"NONE","seed_source_timestamp":3798920974876,"circlet_count":0,"master_deck":["Defend_G","Defend_G","Defend_G","Defend_G","Survivor+1","Neutralize","AscendersBane","Accuracy","Accuracy+1","Cloak And Dagger+1","Accuracy+1","Cloak And Dagger+1","Calculated Gamble+1","Storm of Steel+1","Dodge and Roll+1","Blade Dance+1","Adrenaline+1","Storm of Steel+1","Cloak And Dagger+1","All Out Attack+1","After Image+1","Deflect+1","Prepared+1","Blade Dance+1","Terror+1","Blade Dance+1","Ghostly+1","Ghostly+1","Ghostly+1","Ghostly+1","Ghostly+1","Accuracy+1","Wraith Form v2+1","Infinite Blades","Accuracy+1","Accuracy+1","Infinite Blades","Night Terror+1","Backflip+1","Parasite","Calculated Gamble+1","Blade Dance+1","Panache+1","Flash of Steel"],"relics":["Orrery","Ninja Scroll","Toxic Egg 2","Regal Pillow","Mercury Hourglass","Odd Mushroom","Gremlin Horn","Astrolabe","Mango","Blood Vial","The Courier","Pear","Cursed Key","Ice Cream","Paper Crane","Mummified Hand","Dodecahedron","Vajra","Happy Flower"],"potions_floor_usage":[7,14,23,33,50,50],"damage_taken":[{"damage":0,"enemies":"2 Louse","floor":1,"turns":5},{"damage":2,"enemies":"Jaw Worm","floor":2,"turns":5},{"damage":19,"enemies":"Lagavulin","floor":7,"turns":7},{"damage":10,"enemies":"The Mushroom Lair","floor":10,"turns":4},{"damage":0,"enemies":"Small Slimes","floor":11,"turns":1},{"damage":0,"enemies":"3 Sentries","floor":14,"turns":3},{"damage":0,"enemies":"Slime Boss","floor":16,"turns":6},{"damage":11,"enemies":"2 Thieves","floor":18,"turns":2},{"damage":0,"enemies":"3 Byrds","floor":20,"turns":3},{"damage":3,"enemies":"Centurion and Healer","floor":21,"turns":6},{"damage":7,"enemies":"Snecko","floor":22,"turns":4},{"damage":10,"enemies":"Slavers","floor":23,"turns":3},{"damage":0,"enemies":"Gremlin Leader","floor":25,"turns":4},{"damage":2,"enemies":"Cultist and Chosen","floor":27,"turns":3},{"damage":0,"enemies":"Slavers","floor":29,"turns":4},{"damage":0,"enemies":"Snake Plant","floor":31,"turns":5},{"damage":0,"enemies":"Automaton","floor":33,"turns":7},{"damage":0,"enemies":"3 Shapes","floor":35,"turns":3},{"damage":0,"enemies":"Mind Bloom Boss Battle","floor":38,"turns":3},{"damage":0,"enemies":"Giant Head","floor":40,"turns":5},{"damage":0,"enemies":"Nemesis","floor":42,"turns":5},{"damage":0,"enemies":"Orb Walker","floor":44,"turns":2},{"damage":0,"enemies":"Giant Head","floor":45,"turns":6},{"damage":0,"enemies":"2 Orb Walkers","floor":47,"turns":4},{"damage":0,"enemies":"Donu and Deca","floor":50,"turns":4}],"seed_played":"220843985540790820","potions_obtained":[{"floor":2,"key":"Regen Potion"},{"floor":11,"key":"Explosive Potion"},{"floor":14,"key":"FearPotion"},{"floor":16,"key":"Swift Potion"},{"floor":23,"key":"GhostInAJar"},{"floor":25,"key":"GhostInAJar"},{"floor":38,"key":"Strength Potion"},{"floor":40,"key":"GhostInAJar"}],"is_trial":false,"path_per_floor":["M","M","?","?","T","R","E","R","T","?","M","$","R","E","R","B",null,"M","?","M","M","M","E","?","E","T","M","R","E","R","M","R","B",null,"M","$","?","?","?","E","R","E","T","M","E","R","E","$","R","B"],"character_chosen":"THE_SILENT","items_purchased":["Blade Dance+1","Adrenaline+1","Accuracy","Accuracy","Infinite Blades","Panache","Flash of Steel"],"campfire_rested":1,"item_purchase_floors":[12,12,36,36,36,48,48],"current_hp_per_floor":[63,61,58,44,44,44,39,39,39,29,29,29,65,65,65,65,69,58,58,58,55,48,52,42,42,42,40,40,52,52,52,52,52,52,52,52,52,52,49,49,49,49,49,49,49,49,49,49,49,49],"gold":46,"neow_bonus":"BOSS_RELIC","is_prod":false,"is_daily":false,"chose_seed":false,"campfire_upgraded":9,"win_rate":0,"timestamp":1538572011,"path_taken":["M","M","?","?","?","R","E","R","T","?","?","?","R","E","R","BOSS","M","?","M","M","M","E","?","E","T","M","R","E","R","?","R","BOSS","M","$","?","?","?","E","R","E","T","?","E","R","E","$","R","BOSS"],"build_version":"2018-09-27","purchased_purges":2,"victory":true,"max_hp_per_floor":[70,70,70,70,70,70,70,70,70,70,70,70,70,70,70,70,70,70,70,70,70,70,84,42,42,42,42,42,52,52,52,52,52,52,52,52,52,52,49,49,49,49,49,49,49,49,49,49,49,49],"card_choices":[{"not_picked":["Calculated Gamble","Backflip"],"picked":"Accuracy","floor":0},{"not_picked":["Dash","Underhanded Strike"],"picked":"Accuracy","floor":0},{"not_picked":["Deflect","Flechettes"],"picked":"Cloak And Dagger","floor":0},{"not_picked":["Prepared","Leg Sweep"],"picked":"Accuracy","floor":1},{"not_picked":["Predator","Escape Plan"],"picked":"Cloak And Dagger","floor":2},{"not_picked":["Finisher","Quick Slash"],"picked":"Calculated Gamble+1","floor":7},{"not_picked":["Deflect+1","Prepared+1"],"picked":"Storm of Steel+1","floor":10},{"not_picked":["Prepared+1","Finisher"],"picked":"Dodge and Roll+1","floor":11},{"not_picked":["All Out Attack","Poisoned Stab","Acrobatics+1"],"picked":"SKIP","floor":14},{"not_picked":["Glass Knife","Bullet Time+1"],"picked":"Storm of Steel+1","floor":16},{"not_picked":["Choke","Slice"],"picked":"Deflect+1","floor":18},{"not_picked":["Dodge and Roll+1","Sucker Punch"],"picked":"Prepared+1","floor":20},{"not_picked":["Quick Slash","Calculated Gamble+1"],"picked":"Blade Dance+1","floor":21},{"not_picked":["Blade Dance+1","Poisoned Stab"],"picked":"Terror+1","floor":22},{"not_picked":["Underhanded Strike+1","Deadly Poison+1"],"picked":"Blade Dance+1","floor":23},{"not_picked":["Bouncing Flask+1","Expertise+1"],"picked":"Accuracy","floor":25},{"not_picked":["Bouncing Flask+1","Quick Slash","Dodge and Roll+1"],"picked":"SKIP","floor":27},{"not_picked":["Calculated Gamble+1","Cloak And Dagger+1"],"picked":"Wraith Form v2","floor":29},{"not_picked":["Skewer","Crippling Poison+1"],"picked":"Infinite Blades","floor":31},{"not_picked":["Predator+1","Outmaneuver+1","Eviscerate"],"picked":"SKIP","floor":35},{"not_picked":["Backstab","Dagger Spray"],"picked":"Backflip+1","floor":38},{"not_picked":["Flechettes+1","Dagger Throw","Eviscerate+1"],"picked":"SKIP","floor":40},{"not_picked":["Blade Dance+1","Slice","PiercingWail+1"],"picked":"SKIP","floor":42},{"not_picked":["Outmaneuver+1","Dagger Throw+1"],"picked":"Calculated Gamble+1","floor":44},{"not_picked":["Venomology+1","Slice+1"],"picked":"Blade Dance+1","floor":45},{"not_picked":["PiercingWail+1","Cloak And Dagger+1","Eviscerate"],"picked":"SKIP","floor":47}],"player_experience":473266,"relics_obtained":[{"floor":5,"key":"Toxic Egg 2"},{"floor":7,"key":"Regal Pillow"},{"floor":9,"key":"Mercury Hourglass"},{"floor":10,"key":"Odd Mushroom"},{"floor":14,"key":"Gremlin Horn"},{"floor":23,"key":"Mango"},{"floor":25,"key":"Blood Vial"},{"floor":26,"key":"The Courier"},{"floor":29,"key":"Pear"},{"floor":38,"key":"Ice Cream"},{"floor":40,"key":"Paper Crane"},{"floor":42,"key":"Mummified Hand"},{"floor":43,"key":"Dodecahedron"},{"floor":45,"key":"Vajra"},{"floor":47,"key":"Happy Flower"}],"event_choices":[{"event_name":"Scrap Ooze","player_choice":"success","floor":3,"damage_taken":3},{"event_name":"Shining Light","player_choice":"Entered Light","floor":4,"damage_taken":0},{"event_name":"Mushrooms","player_choice":"Fought Mushrooms","floor":10,"damage_taken":0},{"event_name":"Cursed Tome","player_choice":"Ignored","floor":19,"damage_taken":0},{"event_name":"Ghosts","player_choice":"Became a Ghost","floor":24,"damage_taken":0},{"event_name":"Transmorgrifier","player_choice":"Transform","floor":37,"damage_taken":0},{"event_name":"MindBloom","player_choice":"Fight","floor":38,"damage_taken":0},{"event_name":"Winding Halls","player_choice":"Max HP","floor":39,"damage_taken":0}],"is_beta":false,"boss_relics":[{"not_picked":["White Beast Statue","Tiny House"],"picked":"Astrolabe"},{"not_picked":["Coffee Dripper","Philosopher\u0027s Stone"],"picked":"Cursed Key"}],"items_purged_floors":[36,48],"is_endless":false,"potions_floor_spawned":[2,11,14,16,22,23,25,27,38,40],"ascension_level":13}