{"gold_per_floor":[360,360,246,246,258,258,278,296,346,346,363,373,373,393,393,471,471,487,503,503,503,534,177,177,46,94,94,120,120,137,66,66,66],"floor_reached":33,"playtime":1172,"items_purged":["Writhe","Strike_B+1"],"score":446,"play_id":"84bf21f1-ff21-4c03-b345-37912c68a1bd","local_time":"20190220181436","is_ascension_mode":true,"campfire_choices":[{"data":"Go for the Eyes","floor":6.0,"key":"SMITH"},{"floor":13.0,"key":"REST"},{"data":"Zap","floor":15.0,"key":"SMITH"},{"data":"Dualcast","floor":24.0,"key":"SMITH"},{"data":"Loop","floor":27.0,"key":"SMITH"},{"floor":32.0,"key":"REST"}],"neow_cost":"CURSE","seed_source_timestamp":683347466543712,"circlet_count":0,"master_deck":["AscendersBane","Strike_B+1","Strike_B+1","Strike_B+1","Defend_B+1","Defend_B+1","Defend_B+1","Defend_B+1","Zap+1","Dualcast+1","Cold Snap+1","Conserve Battery+1","Go for the Eyes+1","Cold Snap","Leap","Chill","Doom and Gloom","All For One","Self Repair","Conserve Battery","Conserve Battery","Loop+1","Coolheaded+1","Go for the Eyes+1","Decay","Loop"],"special_seed":0,"relics":["Cracked Core","MawBank","Centennial Puzzle","White Beast Statue","Red Mask","Question Card","War Paint","Incense Burner"],"potions_floor_usage":[33,33],"damage_taken":[{"damage":10.0,"enemies":"2 Louse","floor":1.0,"turns":3.0},{"damage":4.0,"enemies":"Small Slimes","floor":5.0,"turns":3.0},{"damage":7.0,"enemies":"Jaw Worm","floor":7.0,"turns":2.0},{"damage":3.0,"enemies":"3 Louse","floor":8.0,"turns":3.0},{"damage":1.0,"enemies":"Looter","floor":11.0,"turns":3.0},{"damage":5.0,"enemies":"Large Slime","floor":12.0,"turns":6.0},{"damage":0.0,"enemies":"Exordium Wildlife","floor":14.0,"turns":5.0},{"damage":4.0,"enemies":"The Guardian","floor":16.0,"turns":12.0},{"damage":0.0,"enemies":"Chosen","floor":18.0,"turns":4.0},{"damage":15.0,"enemies":"Spheric Guardian","floor":19.0,"turns":4.0},{"damage":18.0,"enemies":"Masked Bandits","floor":22.0,"turns":4.0},{"damage":26.0,"enemies":"Slavers","floor":28.0,"turns":8.0},{"damage":3.0,"enemies":"Centurion and Healer","floor":30.0,"turns":8.0},{"damage":52,"enemies":"Collector","floor":33,"turns":7}],"seed_played":"-3563849417155606609","potions_obtained":[{"floor":5.0,"key":"Dexterity Potion"},{"floor":8.0,"key":"Explosive Potion"},{"floor":18.0,"key":"FocusPotion"},{"floor":19.0,"key":"PowerPotion"},{"floor":22.0,"key":"SkillPotion"},{"floor":28.0,"key":"SpeedPotion"},{"floor":30.0,"key":"Poison Potion"}],"is_trial":false,"path_per_floor":["M","?","$","?","M","R","M","M","T","?","M","M","R","M","R","B",null,"M","M","?","?","?","$","R","$","T","R","E","?","M","$","R","B"],"character_chosen":"DEFECT","items_purchased":["Conserve Battery","Question Card","Loop","Coolheaded","Loop"],"campfire_rested":2,"item_purchase_floors":[3,23,25,25,31],"current_hp_per_floor":[54,49,49,28,24,24,17,14,14,14,13,8,29,29,29,25,60,60,52,52,52,41,41,41,41,41,41,22,22,26,26,47,0],"gold":66,"neow_bonus":"TWO_FIFTY_GOLD","is_prod":false,"is_daily":false,"chose_seed":false,"campfire_upgraded":4,"win_rate":0,"timestamp":1550708076,"path_taken":["M","?","$","?","M","R","M","M","T","?","M","M","R","M","R","BOSS","M","M","?","?","?","$","R","?","T","R","E","?","M","$","R","BOSS"],"build_version":"2019-01-23","purchased_purges":2,"victory":false,"max_hp_per_floor":[71,71,71,71,71,71,71,71,71,71,71,71,71,71,71,71,71,71,71,71,71,71,71,71,71,71,71,71,71,71,71,71,71],"card_choices":[{"not_picked":["Stack","Darkness"],"picked":"Cold Snap","floor":1.0},{"not_picked":["Conserve Battery","Undo"],"picked":"Go for the Eyes","floor":5.0},{"not_picked":["Leap","Auto Shields"],"picked":"Cold Snap","floor":7.0},{"not_picked":["Gash","Storm"],"picked":"Leap","floor":8.0},{"not_picked":["Stack","Heatsinks"],"picked":"Chill","floor":11.0},{"not_picked":["Blizzard","Beam Cell","Storm"],"picked":"SKIP","floor":12.0},{"not_picked":["Hologram","Go for the Eyes"],"picked":"Doom and Gloom","floor":14.0},{"not_picked":["Rainbow","Multi-Cast"],"picked":"All For One","floor":16.0},{"not_picked":["Hello World","Redo"],"picked":"Self Repair","floor":18.0},{"not_picked":["Aggregate","Cold Snap"],"picked":"Conserve Battery","floor":19.0},{"not_picked":["Hologram","Melter"],"picked":"Conserve Battery","floor":22.0},{"not_picked":["Barrage","Doom and Gloom+1","Leap"],"picked":"Go for the Eyes+1","floor":28.0},{"not_picked":["Steam","Steam Power","Gash","Reprogram"],"picked":"SKIP","floor":30.0}],"player_experience":194899,"relics_obtained":[{"floor":9.0,"key":"Centennial Puzzle"},{"floor":22.0,"key":"Red Mask"},{"floor":26.0,"key":"War Paint"},{"floor":28.0,"key":"Incense Burner"}],"event_choices":[{"damage_healed":0.0,"max_hp_gain":0.0,"max_hp_loss":0.0,"gold_gain":0.0,"event_name":"Scrap Ooze","player_choice":"Success","floor":2.0,"gold_loss":0.0,"damage_taken":5.0,"relics_obtained":["MawBank"]},{"damage_healed":0.0,"max_hp_gain":0.0,"max_hp_loss":0.0,"gold_gain":0.0,"event_name":"Shining Light","player_choice":"Entered Light","floor":4.0,"gold_loss":0.0,"damage_taken":21.0,"cards_upgraded":["Strike_B","Cold Snap"]},{"damage_healed":0.0,"max_hp_gain":0.0,"max_hp_loss":0.0,"gold_gain":0.0,"event_name":"Liars Game","player_choice":"Ignored","floor":10.0,"gold_loss":0.0,"damage_taken":0.0},{"damage_healed":0.0,"max_hp_gain":0.0,"max_hp_loss":0.0,"gold_gain":0.0,"event_name":"Back to Basics","player_choice":"Simplicity","floor":20.0,"gold_loss":0.0,"damage_taken":0.0,"cards_upgraded":["Strike_B","Strike_B","Strike_B","Defend_B","Defend_B","Defend_B","Defend_B"]},{"damage_healed":0.0,"max_hp_gain":0.0,"max_hp_loss":0.0,"gold_gain":0.0,"event_name":"Vampires","player_choice":"Ignored","floor":21.0,"gold_loss":0.0,"damage_taken":0.0},{"damage_healed":0.0,"max_hp_gain":0.0,"max_hp_loss":0.0,"gold_gain":0.0,"event_name":"Masked Bandits","player_choice":"Fought Bandits","floor":22.0,"gold_loss":0.0,"damage_taken":0.0},{"damage_healed":0.0,"max_hp_gain":0.0,"max_hp_loss":0.0,"gold_gain":0.0,"event_name":"Forgotten Altar","player_choice":"Smashed Altar","floor":29.0,"gold_loss":0.0,"damage_taken":0.0,"cards_obtained":["Decay"]}],"is_beta":false,"boss_relics":[{"not_picked":["Busted Crown","Cursed Key"],"picked":"White Beast Statue"}],"items_purged_floors":[3,23],"is_endless":false,"potions_floor_spawned":[5,8,12,14,18,19,22,28,30],"killed_by":"Collector","ascension_level":15}