{"gold_per_floor":[110,120,120,120,136,136,174,174,174,209,234,249,288,313,313,441,441,461,536,199,199,172,210,210,241,241,241,265,75,75,100,100,220,220,243,46,46,46,69,69,109,24,106,106,130,151,171,195,195,195],"floor_reached":51,"playtime":11538,"items_purged":["Strike_G","Well Laid Plans"],"score":790,"play_id":"55f69c89-2bc6-4102-94d4-ed5ee76e25ea","local_time":"20180723231741","is_ascension_mode":true,"campfire_choices":[{"data":"Survivor","floor":6,"key":"SMITH"},{"floor":8,"key":"REST"},{"data":"Calculated Gamble","floor":15,"key":"SMITH"},{"floor":24,"key":"REST"},{"floor":27,"key":"REST"},{"data":"Eviscerate","floor":30,"key":"SMITH"},{"floor":32,"key":"REST"},{"data":"Calculated Gamble","floor":40,"key":"SMITH"},{"data":"Outmaneuver","floor":49,"key":"SMITH"}],"neow_cost":"TEN_PERCENT_HP_LOSS","seed_source_timestamp":0,"circlet_count":0,"master_deck":["Defend_G","Defend_G","Defend_G","Defend_G","Defend_G","Strike_G","Survivor+1","Neutralize","Masterful Stab","Calculated Gamble+1","Terror","Outmaneuver+1","Calculated Gamble+1","Eviscerate","PiercingWail","Underhanded Strike","Eviscerate+1","Predator","Acrobatics+1","Eviscerate","Secret Weapon+1","PiercingWail+1","Night Terror+1","Acrobatics+1","Finesse+1","Expertise+1","Acrobatics+1","Calculated Gamble+1","Underhanded Strike","Secret Weapon+1","Enlightenment+1","Prepared+1","Outmaneuver+1","PiercingWail+1"],"special_seed":0,"relics":["Ring of the Snake","Golden Idol","Incense Burner","Question Card","Pantograph","Pear","Anchor","HoveringKite","Shuriken","Matryoshka","Toxic Egg 2","Vajra","Gremlin Horn","Runic Pyramid","Happy Flower","Orichalcum","Letter Opener"],"potions_floor_usage":[10,16,16,16,33,47,50,50,50],"damage_taken":[{"damage":0.0,"enemies":"Jaw Worm","floor":1.0,"turns":6.0},{"damage":0,"enemies":"2 Louse","floor":2,"turns":3},{"damage":0,"enemies":"Cultist","floor":5,"turns":4},{"damage":8,"enemies":"Lagavulin","floor":7,"turns":10},{"damage":17,"enemies":"3 Sentries","floor":10,"turns":16},{"damage":3,"enemies":"Blue Slaver","floor":11,"turns":5},{"damage":0,"enemies":"3 Louse","floor":12,"turns":6},{"damage":14,"enemies":"Lagavulin","floor":13,"turns":4},{"damage":3,"enemies":"Lots of Slimes","floor":14,"turns":5},{"damage":23,"enemies":"Hexaghost","floor":16,"turns":13},{"damage":12,"enemies":"Chosen","floor":18,"turns":5},{"damage":10,"enemies":"2 Thieves","floor":22,"turns":5},{"damage":27,"enemies":"Gremlin Leader","floor":23,"turns":6},{"damage":17,"enemies":"Slavers","floor":25,"turns":7},{"damage":0,"enemies":"Cultist and Chosen","floor":28,"turns":5},{"damage":20,"enemies":"Snecko","floor":31,"turns":4},{"damage":43,"enemies":"Collector","floor":33,"turns":8},{"damage":1,"enemies":"Orb Walker","floor":35,"turns":3},{"damage":0,"enemies":"3 Darklings","floor":39,"turns":4},{"damage":1,"enemies":"Giant Head","floor":41,"turns":4},{"damage":0,"enemies":"Sphere and 2 Shapes","floor":45,"turns":4},{"damage":0,"enemies":"Spire Growth","floor":46,"turns":2},{"damage":16,"enemies":"Maw","floor":47,"turns":4},{"damage":0,"enemies":"Sphere and 2 Shapes","floor":48,"turns":1},{"damage":67,"enemies":"Time Eater","floor":50,"turns":8}],"seed_played":"-4801636749499882638","potions_obtained":[{"floor":2,"key":"Energy Potion"},{"floor":11,"key":"Strength Potion"},{"floor":13,"key":"PowerPotion"},{"floor":14,"key":"LiquidBronze"},{"floor":23,"key":"SpeedPotion"},{"floor":25,"key":"Poison Potion"},{"floor":33,"key":"Strength Potion"},{"floor":41,"key":"Regen Potion"},{"floor":46,"key":"EssenceOfSteel"},{"floor":47,"key":"Ancient Potion"}],"is_trial":false,"path_per_floor":["M","M","?","?","M","R","E","R","T","E","M","M","E","M","R","B",null,"M","?","$","?","M","E","R","E","T","R","M","$","R","M","R","B",null,"M","$","?","?","M","R","E","$","T","?","M","M","M","M","R","B"],"character_chosen":"THE_SILENT","items_purchased":["Underhanded Strike","Shuriken","Secret Weapon+1","Finesse+1","Calculated Gamble+1","Underhanded Strike"],"campfire_rested":4,"item_purchase_floors":[20,20,29,36,42,42],"current_hp_per_floor":[63,63,48,41,41,41,33,51,51,44,41,41,27,24,24,26,73,61,54,54,54,44,17,38,21,21,42,42,42,42,22,43,25,73,72,72,72,72,72,72,71,71,71,66,66,66,59,59,59,6],"gold":195,"neow_bonus":"REMOVE_TWO","is_prod":false,"is_daily":false,"chose_seed":false,"campfire_upgraded":5,"win_rate":0,"timestamp":1532380661,"path_taken":["M","M","?","?","M","R","E","R","T","E","M","?","E","M","R","BOSS","M","?","$","?","M","E","R","E","T","R","M","$","R","M","R","BOSS","M","$","?","?","M","R","E","?","T","?","M","M","?","M","R","BOSS"],"build_version":"2018-07-19v2","purchased_purges":2,"victory":true,"max_hp_per_floor":[63,63,63,63,63,63,63,63,63,73,73,73,73,73,73,73,73,73,73,73,73,73,73,73,73,73,73,73,73,73,73,73,73,73,73,73,73,73,73,73,73,73,73,73,73,73,73,73,73,73],"card_choices":[{"not_picked":["Dodge and Roll","Crippling Poison"],"picked":"Masterful Stab","floor":1.0},{"not_picked":["Bane","Dodge and Roll"],"picked":"Calculated Gamble","floor":2},{"not_picked":["Dagger Spray","Bane"],"picked":"Terror","floor":5},{"not_picked":["Dodge and Roll","Blur"],"picked":"Outmaneuver","floor":7},{"not_picked":["Bane","Leg Sweep","Distraction"],"picked":"Calculated Gamble","floor":10},{"not_picked":["Deadly Poison","All Out Attack","Burst"],"picked":"Eviscerate","floor":11},{"not_picked":["Deflect","Dagger Spray","Poisoned Stab","Slice"],"picked":"SKIP","floor":12},{"not_picked":["Backflip","Slice","Dodge and Roll","Crippling Poison"],"picked":"SKIP","floor":13},{"not_picked":["Dagger Spray","Leg Sweep","Backflip"],"picked":"PiercingWail","floor":14},{"not_picked":["Bullet Time","Storm of Steel","Burst"],"picked":"Tools of the Trade","floor":16},{"not_picked":["Calculated Gamble","Cloak And Dagger","Prepared"],"picked":"Well Laid Plans","floor":18},{"not_picked":["Setup","Slice+1","Cloak And Dagger+1"],"picked":"Predator","floor":22},{"not_picked":["Endless Agony+1","Dodge and Roll+1","Burst"],"picked":"Acrobatics+1","floor":23},{"not_picked":["Deadly Poison","Well Laid Plans","Distraction+1","Slice+1"],"picked":"SKIP","floor":25},{"not_picked":["Escape Plan+1","Dagger Throw+1","Dash+1"],"picked":"Eviscerate","floor":28},{"not_picked":["Blade Dance+1","Deadly Poison+1","Dodge and Roll+1"],"picked":"PiercingWail+1","floor":31},{"not_picked":["Tools of the Trade","Glass Knife","Bullet Time+1"],"picked":"Night Terror+1","floor":33},{"not_picked":["Dodge and Roll+1","PiercingWail+1","Deadly Poison+1"],"picked":"Acrobatics+1","floor":35},{"not_picked":["PiercingWail+1","Caltrops","Venomology+1"],"picked":"Expertise+1","floor":39},{"not_picked":["Setup+1","Flying Knee+1","Masterful Stab+1"],"picked":"Acrobatics+1","floor":41},{"not_picked":["Thinking Ahead+1","Enlightenment+1","Sadistic Nature"],"picked":"Secret Weapon+1","floor":44},{"not_picked":["Swift Strike","Madness+1","Purity+1"],"picked":"Enlightenment+1","floor":44},{"not_picked":["PiercingWail+1","Dagger Throw","Choke+1"],"picked":"Prepared+1","floor":45},{"not_picked":["Predator","Finisher","Dagger Spray+1","Riddle With Holes"],"picked":"SKIP","floor":46},{"not_picked":["Concentrate+1","Setup+1","PiercingWail+1"],"picked":"Outmaneuver+1","floor":47},{"not_picked":["Accuracy+1","Bouncing Flask+1","Blade Dance+1"],"picked":"PiercingWail+1","floor":48}],"player_experience":149008,"relics_obtained":[{"floor":7,"key":"Question Card"},{"floor":9,"key":"Pantograph"},{"floor":10,"key":"Pear"},{"floor":13,"key":"Anchor"},{"floor":23,"key":"Matryoshka"},{"floor":25,"key":"Toxic Egg 2"},{"floor":26,"key":"Vajra"},{"floor":26,"key":"Gremlin Horn"},{"floor":41,"key":"Happy Flower"},{"floor":43,"key":"Orichalcum"},{"floor":43,"key":"Letter Opener"}],"event_choices":[{"event_name":"Golden Idol","player_choice":"Take Damage","floor":3,"damage_taken":0},{"event_name":"Scrap Ooze","player_choice":"success","floor":4,"damage_taken":7},{"event_name":"FaceTrader","player_choice":"Touch","floor":19,"damage_taken":0},{"event_name":"Duplicator","player_choice":"One dupe","floor":21,"damage_taken":0},{"event_name":"Purifier","player_choice":"One Purge","floor":37,"damage_taken":0},{"event_name":"Falling","player_choice":"Removed Power","floor":38,"damage_taken":0},{"event_name":"SensoryStone","player_choice":"Memory 2","floor":44,"damage_taken":0}],"is_beta":false,"boss_relics":[{"not_picked":["Coffee Dripper","Velvet Choker"],"picked":"HoveringKite"},{"not_picked":["Lizard Tail","Fusion Hammer"],"picked":"Runic Pyramid"}],"items_purged_floors":[20,36],"is_endless":false,"potions_floor_spawned":[2,11,13,14,23,25,33,41,46,47],"ascension_level":3}