{"gold_per_floor":[116,116,131,147,163,189,189,201,255,255,49,62,77,91,91,186,186,199,216,233,244,258,283,300,300,300,300,139,152,152,168,168,268,268,285,295,313,313,140,140],"floor_reached":40,"playtime":2443,"items_purged":["Strike_B","Darkness+1"],"score":608,"play_id":"6cb53f56-449a-4a27-8ad8-70db8427c21b","local_time":"20190125013307","is_ascension_mode":true,"campfire_choices":[{"data":"Zap","floor":7.0,"key":"SMITH"},{"data":"Dualcast","floor":10.0,"key":"SMITH"},{"data":"Go for the Eyes","floor":15.0,"key":"SMITH"},{"data":"Coolheaded","floor":25.0,"key":"SMITH"},{"floor":27.0,"key":"REST"},{"data":"Redo","floor":32.0,"key":"SMITH"}],"neow_cost":"NONE","seed_source_timestamp":364327185339052,"circlet_count":0,"master_deck":["Defend_B","Defend_B","Defend_B","Defend_B","Zap+1","Dualcast+1","White Noise","Finesse","Electrodynamics","Stack","Steam","Conserve Battery","Coolheaded+1","Redo+1","Finesse","Go for the Eyes+1","Conserve Battery","Leap","Seek","Tempest+1","Stack+1","Skim","Cold Snap","Genetic Algorithm","Ball Lightning","Cold Snap","All For One","Gash+1","Hologram","Buffer","Leap","Chaos+1","Gash+1"],"special_seed":0,"relics":["Cracked Core","Art of War","Blood Vial","Astrolabe","Bag of Marbles","Nloth\u0027s Gift","Nuclear Battery"],"potions_floor_usage":[33,33,33,37,40],"damage_taken":[{"damage":0.0,"enemies":"Small Slimes","floor":1.0,"turns":3.0},{"damage":0.0,"enemies":"Cultist","floor":3.0,"turns":3.0},{"damage":9.0,"enemies":"Jaw Worm","floor":4.0,"turns":4.0},{"damage":9.0,"enemies":"Blue Slaver","floor":5.0,"turns":3.0},{"damage":27.0,"enemies":"Gremlin Nob","floor":6.0,"turns":4.0},{"damage":0.0,"enemies":"2 Fungi Beasts","floor":8.0,"turns":4.0},{"damage":2.0,"enemies":"Red Slaver","floor":12.0,"turns":4.0},{"damage":2.0,"enemies":"Exordium Thugs","floor":13.0,"turns":3.0},{"damage":1.0,"enemies":"Blue Slaver","floor":14.0,"turns":4.0},{"damage":0.0,"enemies":"The Guardian","floor":16.0,"turns":15.0},{"damage":0.0,"enemies":"3 Byrds","floor":18.0,"turns":2.0},{"damage":9.0,"enemies":"Spheric Guardian","floor":19.0,"turns":4.0},{"damage":7.0,"enemies":"Chosen and Byrds","floor":20.0,"turns":4.0},{"damage":0.0,"enemies":"3 Cultists","floor":21.0,"turns":3.0},{"damage":19.0,"enemies":"Cultist and Chosen","floor":22.0,"turns":5.0},{"damage":13.0,"enemies":"Gremlin Leader","floor":23.0,"turns":6.0},{"damage":4.0,"enemies":"Chosen and Byrds","floor":24.0,"turns":6.0},{"damage":28.0,"enemies":"Snake Plant","floor":29.0,"turns":4.0},{"damage":16.0,"enemies":"Shelled Parasite and Fungi","floor":31.0,"turns":7.0},{"damage":5,"enemies":"Champ","floor":33,"turns":8},{"damage":17,"enemies":"3 Shapes","floor":35,"turns":3},{"damage":5,"enemies":"3 Darklings","floor":36,"turns":5},{"damage":20,"enemies":"Maw","floor":37,"turns":10},{"damage":47,"enemies":"2 Orb Walkers","floor":40,"turns":3}],"seed_played":"-4284927224005074138","potions_obtained":[{"floor":1.0,"key":"Explosive Potion"},{"floor":5.0,"key":"Weak Potion"},{"floor":8.0,"key":"Dexterity Potion"},{"floor":13.0,"key":"Poison Potion"},{"floor":16.0,"key":"Ancient Potion"},{"floor":20.0,"key":"FearPotion"},{"floor":21.0,"key":"EssenceOfSteel"},{"floor":24.0,"key":"AttackPotion"},{"floor":31.0,"key":"SkillPotion"},{"floor":36,"key":"AttackPotion"}],"is_trial":false,"path_per_floor":["M","?","M","M","M","E","R","M","T","R","$","M","M","M","R","B",null,"M","M","M","M","M","E","M","R","T","R","$","M","?","M","R","B",null,"M","M","M","?","$","?"],"character_chosen":"DEFECT","items_purchased":["Redo","Finesse","All For One","Regen Potion"],"campfire_rested":1,"item_purchase_floors":[11,11,28,39],"current_hp_per_floor":[75,75,75,66,57,30,30,30,30,30,30,30,30,31,31,33,70,72,65,60,62,45,34,32,32,32,56,56,30,30,16,16,13,65,50,47,29,29,29,0],"gold":140,"neow_bonus":"TEN_PERCENT_HP_BONUS","is_prod":false,"is_daily":false,"chose_seed":false,"campfire_upgraded":5,"win_rate":0,"timestamp":1548401587,"path_taken":["M","?","M","M","M","E","R","?","T","R","$","M","M","M","R","BOSS","M","M","M","M","M","E","M","R","T","R","$","M","?","M","R","BOSS","M","M","?","?","$","?"],"build_version":"2019-01-23","purchased_purges":2,"victory":false,"max_hp_per_floor":[82,82,82,82,82,82,82,82,82,82,82,82,82,82,82,82,82,82,82,82,82,82,82,82,82,82,82,82,82,82,82,82,82,82,82,82,82,82,82,82],"card_choices":[{"not_picked":["Redo","Leap"],"picked":"White Noise","floor":1.0},{"not_picked":["Streamline","Chaos"],"picked":"Stack","floor":3.0},{"not_picked":["Streamline","Tempest","Double Energy"],"picked":"SKIP","floor":4.0},{"not_picked":["Meteor Strike","Rebound"],"picked":"Steam","floor":5.0},{"not_picked":["Rip and Tear","Turbo"],"picked":"Conserve Battery","floor":6.0},{"not_picked":["Hologram","Stack"],"picked":"Coolheaded","floor":8.0},{"not_picked":["Stack","Beam Cell"],"picked":"Go for the Eyes","floor":12.0},{"not_picked":["Compile Driver","Go for the Eyes"],"picked":"Conserve Battery","floor":13.0},{"not_picked":["Thunder Strike","Steam"],"picked":"Leap","floor":14.0},{"not_picked":["Multi-Cast","Core Surge"],"picked":"Seek","floor":16.0},{"not_picked":["Auto Shields","Doom and Gloom+1"],"picked":"Skim","floor":18.0},{"not_picked":["Beam Cell","Auto Shields"],"picked":"Cold Snap","floor":19.0},{"not_picked":["Tempest","Beam Cell"],"picked":"Genetic Algorithm","floor":20.0},{"not_picked":["Steam","Rebound","Beam Cell"],"picked":"SKIP","floor":21.0},{"not_picked":["Gash","Compile Driver+1","Streamline"],"picked":"SKIP","floor":22.0},{"not_picked":["Beam Cell","Streamline+1"],"picked":"Ball Lightning","floor":23.0},{"not_picked":["Reboot","Steam Power"],"picked":"Cold Snap","floor":24.0},{"not_picked":["Cold Snap+1","Streamline"],"picked":"Gash+1","floor":29.0},{"not_picked":["Barrage","Beam Cell+1"],"picked":"Hologram","floor":31.0},{"not_picked":["Multi-Cast","Amplify"],"picked":"Buffer","floor":33},{"not_picked":["Streamline+1","Cold Snap"],"picked":"Leap","floor":35},{"not_picked":["Redo+1","Reinforced Body+1"],"picked":"Chaos+1","floor":36},{"not_picked":["Cold Snap","Creative AI"],"picked":"Gash+1","floor":37}],"player_experience":122827,"relics_obtained":[{"floor":6.0,"key":"Art of War"},{"floor":9.0,"key":"Blood Vial"},{"floor":23.0,"key":"Darkstone Periapt"},{"floor":26.0,"key":"Bag of Marbles"}],"event_choices":[{"damage_healed":0.0,"max_hp_gain":0.0,"max_hp_loss":0.0,"gold_gain":0.0,"event_name":"Match and Keep!","player_choice":"2 cards matched","floor":2.0,"gold_loss":0.0,"damage_taken":0.0,"cards_obtained":["Finesse","Electrodynamics"]},{"damage_healed":0.0,"max_hp_gain":0.0,"max_hp_loss":0.0,"gold_gain":0.0,"event_name":"N\u0027loth","player_choice":"Traded Relic","floor":30.0,"relics_lost":["Darkstone Periapt"],"gold_loss":0.0,"damage_taken":0.0,"relics_obtained":["Nloth\u0027s Gift"]},{"damage_healed":0,"gold_gain":0,"player_choice":"Ignored","damage_taken":0,"max_hp_gain":0,"max_hp_loss":0,"event_name":"Tomb of Lord Red Mask","floor":38,"gold_loss":0},{"damage_healed":0,"gold_gain":0,"player_choice":"Fight","damage_taken":0,"max_hp_gain":0,"max_hp_loss":0,"event_name":"Mysterious Sphere","floor":40,"gold_loss":0}],"is_beta":false,"boss_relics":[{"not_picked":["Eternal Feather","Orrery"],"picked":"Astrolabe"},{"not_picked":["Snecko Eye","Lizard Tail"],"picked":"Nuclear Battery"}],"items_purged_floors":[11,39],"is_endless":false,"potions_floor_spawned":[1,5,8,13,16,20,21,22,24,31,36],"killed_by":"2 Orb Walkers","ascension_level":6}