{"gold_per_floor":[213,229,240,28,28,59,59,88,141,141,141,141,141,66,66,138,138,154,174,184,184],"floor_reached":21,"playtime":533,"items_purged":[],"score":374,"play_id":"9a8ccb38-2b52-4137-a1f6-59abdb258d43","local_time":"20190223144035","is_ascension_mode":true,"campfire_choices":[{"floor":7,"key":"REST"},{"data":"Zap","floor":11,"key":"SMITH"},{"data":"Buffer","floor":13,"key":"SMITH"},{"floor":15,"key":"REST"}],"neow_cost":"NONE","seed_source_timestamp":3733913614800,"circlet_count":0,"master_deck":["AscendersBane","Strike_B","Strike_B","Strike_B+1","Strike_B+1","Defend_B","Defend_B","Defend_B","Zap+1","Dualcast","Ball Lightning","Leap","Buffer+1","Echo Form","Capacitor","Recycle+1"],"relics":["Cracked Core","Membership Card","Whetstone","Regal Pillow","Tiny Chest","Sozu"],"potions_floor_usage":[6,16],"damage_taken":[{"damage":7,"enemies":"Jaw Worm","floor":1,"turns":4},{"damage":5,"enemies":"Small Slimes","floor":2,"turns":3},{"damage":9,"enemies":"2 Louse","floor":3,"turns":2},{"damage":16,"enemies":"Lagavulin","floor":6,"turns":6},{"damage":35,"enemies":"Gremlin Nob","floor":8,"turns":4},{"damage":43,"enemies":"The Guardian","floor":16,"turns":13},{"damage":6,"enemies":"Spheric Guardian","floor":18,"turns":4},{"damage":13,"enemies":"Shell Parasite","floor":19,"turns":6},{"damage":31,"enemies":"Snake Plant","floor":20,"turns":5},{"damage":8,"enemies":"Colosseum Slavers","floor":21,"turns":1}],"seed_played":"4399999915479384506","potions_obtained":[{"floor":1,"key":"Poison Potion"},{"floor":8,"key":"SkillPotion"}],"is_trial":false,"path_per_floor":["M","M","M","$","?","E","R","E","T","?","R","?","R","?","R","B",null,"M","M","M","?"],"character_chosen":"DEFECT","items_purchased":["Membership Card"],"campfire_rested":2,"item_purchase_floors":[4],"current_hp_per_floor":[57,52,43,43,43,27,48,13,13,30,30,30,30,30,65,22,57,51,38,7,0],"gold":184,"neow_bonus":"HUNDRED_GOLD","is_prod":false,"is_daily":false,"chose_seed":false,"campfire_upgraded":2,"win_rate":0,"timestamp":1550925635,"path_taken":["M","M","M","$","?","E","R","E","T","?","R","?","R","?","R","BOSS","M","M","M","?"],"build_version":"2019-01-23","purchased_purges":0,"victory":false,"max_hp_per_floor":[71,71,71,71,71,71,71,71,71,71,71,68,68,68,68,68,68,68,68,68,68],"card_choices":[{"not_picked":["Doom and Gloom","Rebound"],"picked":"Ball Lightning","floor":1},{"not_picked":["Doom and Gloom","Lockon","Coolheaded"],"picked":"SKIP","floor":2},{"not_picked":["Sweeping Beam","Coolheaded"],"picked":"Leap","floor":3},{"not_picked":["Leap","Rebound","Hello World"],"picked":"SKIP","floor":6},{"not_picked":["Force Field","Steam"],"picked":"Buffer","floor":8},{"not_picked":["Meteor Strike","Hyperbeam"],"picked":"Echo Form","floor":16},{"not_picked":["Darkness","Hologram"],"picked":"Capacitor","floor":18},{"not_picked":["BootSequence","Sweeping Beam"],"picked":"Recycle+1","floor":19},{"not_picked":["Steam","Chill","Stack"],"picked":"SKIP","floor":20}],"player_experience":909396,"relics_obtained":[{"floor":6,"key":"Whetstone"},{"floor":8,"key":"Regal Pillow"},{"floor":9,"key":"Tiny Chest"}],"event_choices":[{"damage_healed":0,"gold_gain":0,"player_choice":"Ignored","damage_taken":0,"max_hp_gain":0,"max_hp_loss":0,"event_name":"Liars Game","floor":5,"gold_loss":0},{"damage_healed":17,"gold_gain":0,"player_choice":"Healed and dodged fight","damage_taken":0,"max_hp_gain":0,"max_hp_loss":0,"event_name":"Mushrooms","floor":10,"gold_loss":0,"cards_obtained":["Parasite"]},{"cards_removed":["Parasite"],"damage_healed":0,"gold_gain":0,"player_choice":"Forget","damage_taken":0,"max_hp_gain":0,"max_hp_loss":0,"event_name":"Living Wall","floor":12,"gold_loss":0},{"cards_removed":["Defend_B"],"damage_healed":0,"gold_gain":0,"player_choice":"Card Removal","damage_taken":0,"max_hp_gain":0,"max_hp_loss":0,"event_name":"The Cleric","floor":14,"gold_loss":75},{"damage_healed":0,"gold_gain":0,"player_choice":"Fight","damage_taken":0,"max_hp_gain":0,"max_hp_loss":0,"event_name":"Colosseum","floor":21,"gold_loss":0}],"is_beta":false,"boss_relics":[{"not_picked":["Snecko Eye","Ectoplasm"],"picked":"Sozu"}],"items_purged_floors":[],"is_endless":false,"potions_floor_spawned":[1,8],"killed_by":"Colosseum Slavers","ascension_level":20}