{"gold_per_floor":[131,113,50,50,64,64,92,92,115,27,45,45,59,69,69,145,145,162,162,162,172,189,189],"floor_reached":23,"playtime":606,"items_purged":["Strike_B"],"score":382,"play_id":"0bdb5dfc-3d83-450a-889c-243029314404","local_time":"20190223211145","is_ascension_mode":true,"campfire_choices":[{"data":"Zap","floor":6,"key":"SMITH"},{"data":"Zap","floor":8,"key":"SMITH"},{"data":"Defragment","floor":12,"key":"SMITH"},{"floor":15,"key":"REST"}],"neow_cost":"NONE","seed_source_timestamp":27107982568200,"circlet_count":0,"master_deck":["AscendersBane","Strike_B","Strike_B","Defend_B","Defend_B","Defend_B","Zap+1","Dualcast","Zap+1","Rip and Tear","Beam Cell","White Noise","Defragment+1","Defragment","Self Repair","Defragment","Echo Form","Cold Snap","Compile Driver+1","Cold Snap"],"special_seed":0,"relics":["Cracked Core","MawBank","Pocketwatch","Dream Catcher","Empty Cage"],"potions_floor_usage":[16,18,23],"damage_taken":[{"damage":4.0,"enemies":"Small Slimes","floor":1.0,"turns":3.0},{"damage":0,"enemies":"Cultist","floor":5,"turns":2},{"damage":32,"enemies":"Gremlin Nob","floor":7,"turns":4},{"damage":0,"enemies":"2 Louse","floor":11,"turns":2},{"damage":18,"enemies":"Exordium Thugs","floor":13,"turns":4},{"damage":0,"enemies":"Large Slime","floor":14,"turns":3},{"damage":17,"enemies":"The Guardian","floor":16,"turns":8},{"damage":16,"enemies":"2 Thieves","floor":18,"turns":3},{"damage":23,"enemies":"Chosen","floor":21,"turns":5},{"damage":21,"enemies":"Snecko","floor":22,"turns":6},{"damage":28,"enemies":"Gremlin Leader","floor":23,"turns":1}],"seed_played":"9080355492411886705","potions_obtained":[{"floor":2.0,"key":"FairyPotion"},{"floor":2.0,"key":"Fruit Juice"},{"floor":5,"key":"Strength Potion"},{"floor":16,"key":"Block Potion"},{"floor":18,"key":"FocusPotion"}],"is_trial":false,"path_per_floor":["M","?","$","?","M","R","E","R","T","$","M","R","M","M","R","B",null,"M","?","?","M","M","E"],"character_chosen":"DEFECT","items_purchased":["Defragment"],"campfire_rested":1,"item_purchase_floors":[10],"current_hp_per_floor":[60,65,65,65,65,65,33,33,33,33,33,33,15,22,44,34,66,50,50,43,27,13,0],"gold":189,"neow_bonus":"RANDOM_COMMON_RELIC","is_prod":false,"is_daily":false,"chose_seed":false,"campfire_upgraded":3,"win_rate":0,"timestamp":1550949105,"path_taken":["M","?","?","?","M","R","E","R","T","$","M","R","M","M","R","BOSS","M","?","?","?","M","E"],"build_version":"2019-01-23","purchased_purges":1,"victory":false,"max_hp_per_floor":[71,76,76,76,76,76,76,76,76,76,76,76,76,76,76,76,76,76,76,76,76,76,76],"card_choices":[{"not_picked":["Coolheaded","Blizzard","Reprogram"],"picked":"SKIP","floor":1.0},{"not_picked":["Fusion","Barrage","Reinforced Body"],"picked":"SKIP","floor":5},{"not_picked":["Meteor Strike","Coolheaded"],"picked":"White Noise","floor":7},{"not_picked":["Undo","Self Repair"],"picked":"Defragment","floor":11},{"not_picked":["Scrape","Recycle"],"picked":"Self Repair","floor":13},{"not_picked":["Chill","Scrape","Go for the Eyes"],"picked":"SKIP","floor":14},{"not_picked":["Chill","Heatsinks"],"picked":"Defragment","floor":15},{"not_picked":["Core Surge","Machine Learning"],"picked":"Echo Form","floor":16},{"not_picked":["Scrape","Steam"],"picked":"Cold Snap","floor":18},{"not_picked":["Sweeping Beam+1","Coolheaded"],"picked":"Compile Driver+1","floor":21},{"not_picked":["Go for the Eyes","Redo"],"picked":"Cold Snap","floor":22}],"player_experience":928286,"relics_obtained":[{"floor":7,"key":"Pocketwatch"},{"floor":9,"key":"Dream Catcher"}],"event_choices":[{"damage_healed":0.0,"max_hp_gain":0.0,"max_hp_loss":0.0,"gold_gain":0.0,"event_name":"The Woman in Blue","player_choice":"Bought 2 Potions","floor":2.0,"gold_loss":0.0,"damage_taken":0.0},{"damage_healed":0,"gold_gain":0,"player_choice":"3 cards matched","damage_taken":0,"max_hp_gain":0,"max_hp_loss":0,"event_name":"Match and Keep!","floor":4,"gold_loss":0,"cards_obtained":["Zap","Rip and Tear","Beam Cell"]},{"damage_healed":0,"gold_gain":0,"player_choice":"Ignored","damage_taken":0,"max_hp_gain":0,"max_hp_loss":0,"event_name":"Cursed Tome","floor":19,"gold_loss":0},{"damage_healed":0,"gold_gain":0,"player_choice":"","damage_taken":7,"max_hp_gain":0,"max_hp_loss":0,"event_name":"Knowing Skull","floor":20,"potions_obtained":[],"gold_loss":0,"cards_obtained":[]}],"is_beta":false,"boss_relics":[{"not_picked":["Eternal Feather","Pandora\u0027s Box"],"picked":"Empty Cage"}],"items_purged_floors":[3],"is_endless":false,"potions_floor_spawned":[5,16,18,22],"killed_by":"Gremlin Leader","ascension_level":20}