{"gold_per_floor":[115,115,134,152,302,302,319,331,331,20,20,33,33,59,59,130,130,144,161,161,175,185,210,222,255,255,179,209,225,41,41,41,115,115,125,144,44,60,70,70,104,104,104,134,134],"floor_reached":45,"playtime":6198,"items_purged":["Doubt","Strike_R"],"score":940,"play_id":"e122a403-2907-406d-af54-246aee96c38e","local_time":"20181130191857","is_ascension_mode":true,"campfire_choices":[{"data":"Shrug It Off","floor":6.0,"key":"SMITH"},{"floor":13.0,"key":"REST"},{"floor":15.0,"key":"REST"},{"floor":32.0,"key":"REST"},{"data":"Armaments","floor":40,"key":"SMITH"}],"neow_cost":"PERCENT_DAMAGE","seed_source_timestamp":0,"circlet_count":0,"master_deck":["AscendersBane","Strike_R","Strike_R","Strike_R","Strike_R+1","Defend_R","Defend_R","Defend_R","Defend_R","Bash","Metallicize","Shrug It Off+1","Power Through","Blood for Blood","Blood for Blood+1","Fire Breathing","Hello World","After Image","Metallicize+1","Armaments+1","Metallicize+1","Infinite Blades","Leap+1","Ghostly Armor","Battle Trance","Stack","Magnetism","Thinking Ahead","Darkness","Parasite","Doppelganger"],"special_seed":0,"relics":["Burning Blood","Bird Faced Urn","Centennial Puzzle","PrismaticShard","Omamori","Sozu","Letter Opener","Anchor","Bottled Lightning","Pen Nib","Cursed Key","The Courier","Bottled Tornado","Whetstone"],"potions_floor_usage":[],"damage_taken":[{"damage":4.0,"enemies":"Jaw Worm","floor":1.0,"turns":4.0},{"damage":2.0,"enemies":"Cultist","floor":3.0,"turns":4.0},{"damage":5.0,"enemies":"2 Louse","floor":4.0,"turns":3.0},{"damage":10.0,"enemies":"Exordium Wildlife","floor":7.0,"turns":6.0},{"damage":39.0,"enemies":"Exordium Thugs","floor":8.0,"turns":10.0},{"damage":0.0,"enemies":"Large Slime","floor":12.0,"turns":8.0},{"damage":34.0,"enemies":"Gremlin Nob","floor":14.0,"turns":6.0},{"damage":46.0,"enemies":"The Guardian","floor":16.0,"turns":16.0},{"damage":26.0,"enemies":"2 Thieves","floor":18.0,"turns":5.0},{"damage":4.0,"enemies":"Chosen","floor":19.0,"turns":8.0},{"damage":1.0,"enemies":"Shelled Parasite and Fungi","floor":21.0,"turns":10.0},{"damage":23.0,"enemies":"Snake Plant","floor":22.0,"turns":7.0},{"damage":21.0,"enemies":"Book of Stabbing","floor":23.0,"turns":8.0},{"damage":18.0,"enemies":"Snecko","floor":24.0,"turns":6.0},{"damage":13.0,"enemies":"Slavers","floor":25.0,"turns":9.0},{"damage":64.0,"enemies":"Gremlin Leader","floor":28.0,"turns":13.0},{"damage":38.0,"enemies":"3 Cultists","floor":29.0,"turns":8.0},{"damage":0.0,"enemies":"Colosseum Slavers","floor":31.0,"turns":8.0},{"damage":41.0,"enemies":"Collector","floor":33.0,"turns":15.0},{"damage":0.0,"enemies":"Orb Walker","floor":35.0,"turns":5.0},{"damage":1,"enemies":"3 Shapes","floor":36,"turns":7},{"damage":20,"enemies":"Sphere and 2 Shapes","floor":38,"turns":8},{"damage":34,"enemies":"Writhing Mass","floor":39,"turns":14},{"damage":27,"enemies":"Nemesis","floor":41,"turns":13},{"damage":60,"enemies":"Reptomancer","floor":44,"turns":9},{"damage":37,"enemies":"Transient","floor":45,"turns":2}],"seed_played":"-8028457915830769818","potions_obtained":[{"floor":1.0,"key":"SkillPotion"},{"floor":7.0,"key":"EssenceOfSteel"},{"floor":12.0,"key":"Dexterity Potion"},{"floor":16.0,"key":"SkillPotion"}],"is_trial":false,"path_per_floor":["M","?","M","M","?","R","M","M","T","$","?","M","R","E","R","B",null,"M","M","?","M","M","E","M","E","T","$","E","M","$","?","R","B",null,"M","M","$","M","M","R","E","?","T","E","M"],"character_chosen":"IRONCLAD","items_purchased":["PrismaticShard","Fire Breathing","Battle Trance","Magnetism"],"campfire_rested":3,"item_purchase_floors":[10,10,27,30],"current_hp_per_floor":[52,48,54,57,57,57,55,24,24,24,24,34,56,28,50,16,60,48,60,60,75,70,62,62,69,69,69,25,7,7,31,53,36,65,75,75,75,65,53,53,52,67,67,29,0],"gold":134,"neow_bonus":"ONE_RARE_RELIC","is_prod":false,"is_daily":false,"chose_seed":false,"campfire_upgraded":2,"win_rate":0,"timestamp":1543601937,"path_taken":["M","?","?","M","?","R","M","M","T","$","?","M","R","E","R","BOSS","M","M","?","?","M","E","M","E","T","?","E","M","$","?","R","BOSS","M","M","$","M","M","R","E","?","T","E","M"],"build_version":"2018-11-15","purchased_purges":2,"victory":false,"max_hp_per_floor":[75,75,75,75,75,75,75,75,75,75,75,75,75,75,75,75,75,75,75,75,75,75,75,75,75,75,75,75,75,75,75,75,75,75,75,75,75,75,75,75,75,75,75,75,75],"card_choices":[{"not_picked":["Iron Wave","Sword Boomerang"],"picked":"Metallicize","floor":1.0},{"not_picked":["Headbutt","Thunderclap"],"picked":"Shrug It Off","floor":3.0},{"not_picked":["Blood for Blood","Headbutt"],"picked":"Power Through","floor":4.0},{"not_picked":["Cleave","Havoc"],"picked":"Blood for Blood","floor":7.0},{"not_picked":["Heavy Blade","True Grit"],"picked":"Blood for Blood","floor":8.0},{"not_picked":["Cloak And Dagger","Quick Slash","Acrobatics"],"picked":"SKIP","floor":12.0},{"not_picked":["Predator","Backstab"],"picked":"Hello World","floor":14.0},{"not_picked":["Reboot","Burst"],"picked":"After Image","floor":16.0},{"not_picked":["Blood for Blood","Beam Cell+1"],"picked":"Metallicize+1","floor":18.0},{"not_picked":["Blood for Blood","Blade Dance+1"],"picked":"Armaments","floor":19.0},{"not_picked":["Blood for Blood","Pommel Strike"],"picked":"Infinite Blades","floor":21.0},{"not_picked":["Bane","Deflect"],"picked":"Leap+1","floor":22.0},{"not_picked":["Iron Wave","Heavy Blade","Outmaneuver"],"picked":"SKIP","floor":23.0},{"not_picked":["Reflex","Infernal Blade","Deadly Poison"],"picked":"SKIP","floor":24.0},{"not_picked":["Corpse Explosion","Dagger Throw"],"picked":"Ghostly Armor","floor":25.0},{"not_picked":["Bouncing Flask","Reckless Charge"],"picked":"Stack","floor":28.0},{"not_picked":["Enlightenment","Cleave","Gash"],"picked":"SKIP","floor":29.0},{"not_picked":["Fission","Doppelganger"],"picked":"Thinking Ahead","floor":33.0},{"not_picked":["Madness","Anger","Go for the Eyes+1"],"picked":"SKIP","floor":35.0},{"not_picked":["Dropkick","Perfected Strike","Twin Strike"],"picked":"SKIP","floor":36},{"not_picked":["Havoc","True Grit","Clash"],"picked":"SKIP","floor":38},{"not_picked":["Sword Boomerang","Perfected Strike","Havoc"],"picked":"SKIP","floor":39},{"not_picked":["Forethought","Warcry"],"picked":"Darkness","floor":41},{"not_picked":["Swift Strike","Steam Power"],"picked":"Doppelganger","floor":44}],"player_experience":557143,"relics_obtained":[{"floor":9.0,"key":"Centennial Puzzle"},{"floor":14.0,"key":"Omamori"},{"floor":23.0,"key":"Letter Opener"},{"floor":25.0,"key":"Anchor"},{"floor":26.0,"key":"Bottled Lightning"},{"floor":28.0,"key":"Pen Nib"},{"floor":41,"key":"The Courier"},{"floor":43,"key":"Bottled Tornado"},{"floor":44,"key":"Whetstone"}],"event_choices":[{"damage_healed":0.0,"max_hp_gain":0.0,"max_hp_loss":0.0,"gold_gain":0.0,"event_name":"The Woman in Blue","player_choice":"Bought 0 Potions","floor":2.0,"gold_loss":0.0,"damage_taken":0.0},{"damage_healed":0.0,"max_hp_gain":0.0,"max_hp_loss":0.0,"gold_gain":150.0,"event_name":"Liars Game","player_choice":"AGREE","floor":5.0,"gold_loss":0.0,"damage_taken":0.0,"cards_obtained":["Doubt"]},{"damage_healed":0.0,"max_hp_gain":0.0,"max_hp_loss":0.0,"gold_gain":0.0,"event_name":"Shining Light","player_choice":"Ignored","floor":11.0,"gold_loss":0.0,"damage_taken":0.0},{"damage_healed":0.0,"max_hp_gain":0.0,"max_hp_loss":0.0,"gold_gain":0.0,"event_name":"Duplicator","player_choice":"Copied","floor":20.0,"gold_loss":0.0,"damage_taken":0.0,"cards_obtained":["Metallicize"]},{"damage_healed":0.0,"max_hp_gain":0.0,"max_hp_loss":0.0,"gold_gain":0.0,"event_name":"Colosseum","player_choice":"Fight","floor":31.0,"gold_loss":0.0,"damage_taken":0.0},{"damage_healed":0.0,"max_hp_gain":0.0,"max_hp_loss":0.0,"gold_gain":0.0,"event_name":"Colosseum","player_choice":"Fled From Nobs","floor":31.0,"gold_loss":0.0,"damage_taken":0.0},{"damage_healed":15,"gold_gain":0,"player_choice":"Writhe","damage_taken":0,"max_hp_gain":0,"max_hp_loss":0,"event_name":"Winding Halls","floor":42,"gold_loss":0,"cards_obtained":["Writhe"]}],"is_beta":false,"boss_relics":[{"not_picked":["Busted Crown","Ectoplasm"],"picked":"Sozu"},{"not_picked":["Pandora\u0027s Box","Empty Cage"],"picked":"Cursed Key"}],"items_purged_floors":[10,37],"is_endless":false,"potions_floor_spawned":[1,7,12,16,23,25,28,29,31,38,39,44],"killed_by":"Transient","ascension_level":15}