{"gold_per_floor":[109,139,53,65,116,143,161,161,186,186,250,19,33,33,33,135,135,147,157,43,56,56,56,66,79,79,79,79,0,17,17,17,117,117,135,149,10,27,27,27,38,38,38,0,0,0,0,15,15,15],"floor_reached":50,"playtime":2670,"items_purged":[],"score":540,"play_id":"5614ef77-4e5a-4304-947c-8d3d059eb517","local_time":"20190118040231","is_ascension_mode":false,"campfire_choices":[{"data":"Creative AI","floor":8,"key":"SMITH"},{"data":"Zap","floor":10,"key":"SMITH"},{"data":"Enlightenment","floor":15,"key":"SMITH"},{"floor":23,"key":"REST"},{"floor":28,"key":"REST"},{"data":"Defragment","floor":32,"key":"SMITH"},{"floor":40,"key":"REST"},{"data":"Tempest","floor":45,"key":"SMITH"},{"data":"Madness","floor":49,"key":"SMITH"}],"neow_cost":"NONE","seed_source_timestamp":111624507878383,"circlet_count":0,"master_deck":["Defend_B","Defend_B","Defend_B","Defend_B","Zap+1","Dualcast","Melter","Dark Shackles","Stack","Conserve Battery","Creative AI+1","Streamline","Enlightenment+1","Ball Lightning","Storm","Leap","Heatsinks","Electrodynamics","Cold Snap","Hologram","Defragment+1","Beam Cell","Sweeping Beam","Bite","Bite","Bite","Bite","Bite","Tempest+1","Ball Lightning","Barrage","Machine Learning","Stack","Darkness","Jack Of All Trades+1","Leap+1","Turbo+1","Finesse","Thinking Ahead","Dramatic Entrance","Madness","Madness+1"],"relics":["Cracked Core","NeowsBlessing","Tiny Chest","Potion Belt","Ornamental Fan","Centennial Puzzle","Art of War","Busted Crown","Bottled Lightning","Enchiridion","Eternal Feather","Mercury Hourglass","Red Mask","Singing Bowl"],"potions_floor_usage":[11,11,16,21,33,38,41,50,50],"damage_taken":[{"damage":0,"enemies":"Small Slimes","floor":1,"turns":1},{"damage":0,"enemies":"Cultist","floor":4,"turns":1},{"damage":0,"enemies":"3 Sentries","floor":6,"turns":1},{"damage":1,"enemies":"Jaw Worm","floor":7,"turns":3},{"damage":10,"enemies":"Gremlin Nob","floor":11,"turns":5},{"damage":6,"enemies":"3 Louse","floor":13,"turns":3},{"damage":37,"enemies":"Slime Boss","floor":16,"turns":7},{"damage":5,"enemies":"Chosen","floor":18,"turns":4},{"damage":16,"enemies":"3 Byrds","floor":19,"turns":3},{"damage":30,"enemies":"Snecko","floor":21,"turns":7},{"damage":6,"enemies":"Shelled Parasite and Fungi","floor":24,"turns":6},{"damage":6,"enemies":"3 Cultists","floor":25,"turns":3},{"damage":0,"enemies":"Chosen and Byrds","floor":30,"turns":4},{"damage":48,"enemies":"Collector","floor":33,"turns":8},{"damage":4,"enemies":"3 Shapes","floor":35,"turns":3},{"damage":8,"enemies":"Orb Walker","floor":36,"turns":3},{"damage":34,"enemies":"Jaw Worm Horde","floor":38,"turns":3},{"damage":18,"enemies":"Writhing Mass","floor":41,"turns":7},{"damage":6,"enemies":"Sphere and 2 Shapes","floor":48,"turns":4},{"damage":66,"enemies":"Awakened One","floor":50,"turns":3}],"seed_played":"-8314611495028121793","potions_obtained":[{"floor":1,"key":"GamblersBrew"},{"floor":4,"key":"Weak Potion"},{"floor":7,"key":"AttackPotion"},{"floor":13,"key":"FocusPotion"},{"floor":18,"key":"Energy Potion"},{"floor":25,"key":"Explosive Potion"},{"floor":33,"key":"Ancient Potion"},{"floor":36,"key":"SteroidPotion"},{"floor":38,"key":"Strength Potion"}],"is_trial":false,"path_per_floor":["M","?","$","M","T","E","M","R","T","R","?","$","M","$","R","B",null,"M","M","$","M","?","R","M","M","T","?","R","?","M","?","R","B",null,"M","M","$","M","?","R","M","?","T","?","R","T","?","M","R","B"],"character_chosen":"DEFECT","items_purchased":["Dark Shackles","Enlightenment","Ball Lightning","Storm","Leap","Defragment","Beam Cell","Jack Of All Trades","Explosive Potion"],"campfire_rested":3,"item_purchase_floors":[3,12,12,12,12,20,20,37,37],"current_hp_per_floor":[75,75,75,75,75,75,74,74,74,74,64,64,58,58,58,21,75,70,54,54,24,24,39,37,35,35,19,34,34,40,40,40,8,52,52,44,44,18,18,52,44,34,34,34,52,52,45,41,54,0],"gold":15,"neow_bonus":"THREE_ENEMY_KILL","is_prod":false,"is_daily":false,"chose_seed":false,"campfire_upgraded":6,"win_rate":0.0,"timestamp":1547802151,"path_taken":["M","?","?","M","?","E","M","R","T","R","?","$","M","?","R","BOSS","M","M","$","M","?","R","M","M","T","?","R","?","M","?","R","BOSS","M","M","$","M","?","R","?","?","T","?","R","?","?","M","R","BOSS"],"build_version":"2019-01-17","purchased_purges":0,"victory":false,"max_hp_per_floor":[75,75,75,75,75,75,75,75,75,75,75,75,75,75,75,75,75,75,75,75,75,52,52,52,52,52,52,52,52,52,52,52,52,52,52,52,52,52,52,52,52,52,52,52,52,52,52,54,54,54],"card_choices":[{"not_picked":["Beam Cell","Heatsinks"],"picked":"Melter","floor":1},{"not_picked":["Reprogram","Rebound"],"picked":"Stack","floor":4},{"not_picked":["Turbo","Leap"],"picked":"Conserve Battery","floor":6},{"not_picked":["Skim","Rebound"],"picked":"Creative AI","floor":7},{"not_picked":["Leap","Steam Power"],"picked":"Streamline","floor":11},{"not_picked":["Streamline","Leap"],"picked":"Heatsinks","floor":13},{"not_picked":["Hyperbeam","Thunder Strike"],"picked":"Electrodynamics","floor":16},{"not_picked":[],"picked":"Cold Snap","floor":18},{"not_picked":[],"picked":"Hologram","floor":19},{"not_picked":[],"picked":"Sweeping Beam","floor":21},{"not_picked":[],"picked":"Tempest","floor":24},{"not_picked":[],"picked":"Ball Lightning","floor":25},{"not_picked":[],"picked":"Barrage","floor":30},{"not_picked":[],"picked":"Machine Learning","floor":33},{"not_picked":[],"picked":"Stack","floor":35},{"not_picked":[],"picked":"Darkness","floor":36},{"not_picked":[],"picked":"Leap+1","floor":38},{"not_picked":[],"picked":"Turbo+1","floor":41},{"not_picked":[],"picked":"Finesse","floor":42},{"not_picked":[],"picked":"Thinking Ahead","floor":42},{"not_picked":[],"picked":"Dramatic Entrance","floor":42},{"not_picked":["Rebound+1"],"picked":"Singing Bowl","floor":48}],"player_experience":97802,"relics_obtained":[{"floor":5,"key":"Potion Belt"},{"floor":6,"key":"Ornamental Fan"},{"floor":9,"key":"Centennial Puzzle"},{"floor":26,"key":"Bottled Lightning"},{"floor":27,"key":"Enchiridion"},{"floor":43,"key":"Mercury Hourglass"},{"floor":46,"key":"Singing Bowl"}],"event_choices":[{"damage_healed":0,"gold_gain":0,"player_choice":"Gave Potion","damage_taken":0,"relics_obtained":["Tiny Chest"],"max_hp_gain":0,"max_hp_loss":0,"event_name":"WeMeetAgain","floor":2,"gold_loss":0},{"damage_healed":0,"gold_gain":0,"player_choice":"Searched \u00272\u0027 times","damage_taken":0,"relics_obtained":["Art of War"],"max_hp_gain":0,"max_hp_loss":0,"event_name":"Dead Adventurer","floor":11,"gold_loss":0},{"damage_healed":0,"gold_gain":0,"player_choice":"Became a vampire","damage_taken":0,"max_hp_gain":0,"max_hp_loss":23,"event_name":"Vampires","floor":22,"gold_loss":0,"cards_obtained":["Bite","Bite","Bite","Bite","Bite"]},{"damage_healed":0,"gold_gain":0,"player_choice":"Obtained Book","damage_taken":16,"max_hp_gain":0,"max_hp_loss":0,"event_name":"Cursed Tome","floor":27,"gold_loss":0},{"damage_healed":0,"gold_gain":0,"player_choice":"Paid Fearfully","damage_taken":0,"max_hp_gain":0,"max_hp_loss":0,"event_name":"Masked Bandits","floor":29,"gold_loss":79},{"damage_healed":0,"gold_gain":0,"player_choice":"Ignored","damage_taken":0,"max_hp_gain":0,"max_hp_loss":0,"event_name":"Beggar","floor":31,"gold_loss":0},{"damage_healed":0,"gold_gain":0,"player_choice":"Upgraded","damage_taken":0,"max_hp_gain":0,"max_hp_loss":0,"event_name":"Upgrade Shrine","floor":39,"gold_loss":0,"cards_upgraded":["Jack Of All Trades"]},{"damage_healed":0,"gold_gain":0,"player_choice":"Memory 3","damage_taken":10,"max_hp_gain":0,"max_hp_loss":0,"event_name":"SensoryStone","floor":42,"gold_loss":0},{"damage_healed":0,"gold_gain":0,"player_choice":"Paid","damage_taken":0,"relics_obtained":["Red Mask"],"max_hp_gain":0,"max_hp_loss":0,"event_name":"Tomb of Lord Red Mask","floor":44,"gold_loss":38},{"damage_healed":0,"gold_gain":0,"player_choice":"Embrace Madness","damage_taken":7,"max_hp_gain":0,"max_hp_loss":0,"event_name":"Winding Halls","floor":47,"gold_loss":0,"cards_obtained":["Madness","Madness"]}],"is_beta":false,"boss_relics":[{"not_picked":["Astrolabe","Cursed Key"],"picked":"Busted Crown"},{"not_picked":["Black Star","Nuclear Battery"],"picked":"Eternal Feather"}],"items_purged_floors":[],"is_endless":false,"potions_floor_spawned":[1,4,7,13,18,25,33,36,38],"killed_by":"Awakened One","ascension_level":0}