{"gold_per_floor":[109,122,122,140,156,156,188,206,206,206,236,236,30,49,49,121,121,138,149,64,80,80,80,110,110,110,122,138,4,4,4],"floor_reached":31,"playtime":1117,"items_purged":["Strike_B"],"score":488,"play_id":"d2bd67e0-c8a0-4d04-ab9f-ec61b9ebf72a","local_time":"20190223004929","is_ascension_mode":true,"campfire_choices":[{"data":"Dualcast","floor":6,"key":"SMITH"},{"data":"Conserve Battery","floor":12,"key":"SMITH"},{"data":"Go for the Eyes","floor":15,"key":"SMITH"},{"data":"Glacier","floor":23,"key":"SMITH"},{"data":"Ball Lightning","floor":25,"key":"SMITH"},{"data":"Defragment","floor":30,"key":"SMITH"}],"neow_cost":"NONE","seed_source_timestamp":880013694329032,"circlet_count":0,"master_deck":["AscendersBane","Defend_B","Defend_B","Defend_B","Defend_B","Zap+1","Dualcast+1","Beam Cell","Sweeping Beam","Sweeping Beam","Conserve Battery+1","Coolheaded","Ball Lightning+1","Go for the Eyes+1","Glacier+1","Leap","Ball Lightning","Hologram","Self Repair","Streamline","Rip and Tear","Defragment+1","Coolheaded"],"relics":["Cracked Core","Potion Belt","Bottled Flame","Empty Cage","Pear","Mercury Hourglass","Bottled Tornado"],"potions_floor_usage":[13,16,24],"damage_taken":[{"damage":8,"enemies":"Small Slimes","floor":1,"turns":3},{"damage":1,"enemies":"Cultist","floor":2,"turns":3},{"damage":2,"enemies":"Jaw Worm","floor":4,"turns":2},{"damage":10,"enemies":"2 Fungi Beasts","floor":5,"turns":3},{"damage":28,"enemies":"Lagavulin","floor":7,"turns":5},{"damage":0,"enemies":"Blue Slaver","floor":8,"turns":3},{"damage":0,"enemies":"3 Louse","floor":14,"turns":2},{"damage":34,"enemies":"Hexaghost","floor":16,"turns":15},{"damage":18,"enemies":"Spheric Guardian","floor":18,"turns":4},{"damage":9,"enemies":"Shell Parasite","floor":19,"turns":7},{"damage":36,"enemies":"3 Cultists","floor":21,"turns":4},{"damage":34,"enemies":"Slavers","floor":24,"turns":6},{"damage":12,"enemies":"Centurion and Healer","floor":27,"turns":8},{"damage":13,"enemies":"Chosen and Byrds","floor":28,"turns":4},{"damage":57,"enemies":"Gremlin Leader","floor":31,"turns":5}],"seed_played":"2984318163775395473","potions_obtained":[{"floor":2,"key":"FairyPotion"},{"floor":4,"key":"LiquidBronze"},{"floor":7,"key":"PowerPotion"},{"floor":16,"key":"Swift Potion"},{"floor":18,"key":"Poison Potion"},{"floor":21,"key":"PowerPotion"}],"is_trial":false,"path_per_floor":["M","M","?","M","M","R","E","M","T","?","?","R","$","M","R","B",null,"M","M","?","M","?","R","E","R","T","M","M","$","R","E"],"character_chosen":"DEFECT","items_purchased":["Go for the Eyes","Fruit Juice","Defragment","Coolheaded"],"campfire_rested":0,"item_purchase_floors":[13,13,29,29],"current_hp_per_floor":[63,62,62,60,50,50,22,22,22,22,22,22,27,27,27,8,64,46,37,47,11,103,103,69,69,69,64,51,51,51,0],"gold":4,"neow_bonus":"TEN_PERCENT_HP_BONUS","is_prod":false,"is_daily":false,"chose_seed":false,"campfire_upgraded":6,"win_rate":0,"timestamp":1550904569,"path_taken":["M","M","?","?","M","R","E","M","T","?","?","R","$","M","R","BOSS","M","M","?","M","?","R","E","R","T","?","M","$","R","E"],"build_version":"2019-01-23","purchased_purges":1,"victory":false,"max_hp_per_floor":[78,78,78,78,78,78,78,78,78,78,78,78,83,83,83,83,83,83,83,93,93,103,103,103,103,103,103,103,103,103,103],"card_choices":[{"not_picked":["Leap","Force Field"],"picked":"Beam Cell","floor":1},{"not_picked":["Stack","Beam Cell"],"picked":"Sweeping Beam","floor":2},{"not_picked":["Steam","Compile Driver"],"picked":"Sweeping Beam","floor":4},{"not_picked":["Streamline","Self Repair"],"picked":"Conserve Battery","floor":5},{"not_picked":["Recycle","Hologram"],"picked":"Coolheaded","floor":7},{"not_picked":["Rebound","Beam Cell"],"picked":"Ball Lightning","floor":8},{"not_picked":["Streamline","Rainbow"],"picked":"Glacier","floor":14},{"not_picked":["Buffer","Hyperbeam"],"picked":"Echo Form","floor":16},{"not_picked":["Skim","Hologram+1"],"picked":"Leap","floor":18},{"not_picked":["Compile Driver","Storm"],"picked":"Ball Lightning","floor":19},{"not_picked":["Stack","Turbo+1"],"picked":"Hologram","floor":21},{"not_picked":["Consume+1","Conserve Battery"],"picked":"Self Repair","floor":24},{"not_picked":["Double Energy","Barrage"],"picked":"Streamline","floor":27},{"not_picked":["Hologram","Turbo"],"picked":"Rip and Tear","floor":28}],"player_experience":206123,"relics_obtained":[{"floor":7,"key":"Potion Belt"},{"floor":9,"key":"Bottled Flame"},{"floor":24,"key":"Mercury Hourglass"},{"floor":26,"key":"Bottled Tornado"}],"event_choices":[{"damage_healed":0,"gold_gain":0,"player_choice":"Forge","damage_taken":0,"max_hp_gain":0,"max_hp_loss":0,"event_name":"Accursed Blacksmith","floor":3,"gold_loss":0,"cards_upgraded":["Zap"]},{"cards_removed":["Strike_B"],"damage_healed":0,"gold_gain":0,"player_choice":"Forget","damage_taken":0,"max_hp_gain":0,"max_hp_loss":0,"event_name":"Living Wall","floor":10,"gold_loss":0},{"damage_healed":0,"gold_gain":30,"player_choice":"Searched \u00271\u0027 times","damage_taken":0,"max_hp_gain":0,"max_hp_loss":0,"event_name":"Dead Adventurer","floor":11,"gold_loss":0},{"damage_healed":0,"gold_gain":0,"player_choice":"Obtained Relic","damage_taken":0,"relics_obtained":["Pear"],"max_hp_gain":0,"max_hp_loss":0,"event_name":"Addict","floor":20,"gold_loss":85},{"cards_removed":["Echo Form"],"damage_healed":82,"gold_gain":0,"player_choice":"Offered Rare","damage_taken":0,"max_hp_gain":10,"max_hp_loss":0,"event_name":"Bonfire Elementals","floor":22,"gold_loss":0}],"is_beta":false,"boss_relics":[{"not_picked":["Philosopher\u0027s Stone","Coffee Dripper"],"picked":"Empty Cage"}],"items_purged_floors":[13],"is_endless":false,"potions_floor_spawned":[2,4,7,16,18,21],"killed_by":"Gremlin Leader","ascension_level":16}