{"path_per_floor":["M","?","$","?","?","E","M","?","T","$","M","?","M","M","R","B",null,"M","?","M","?","M","R","?","$","T","R","?","?","E","T","R","B",null,"M","?","?","$","?","R","E","M","T","M","$","?","$","E","R","B"],"character_chosen":"DEFECT","items_purchased":["Static Discharge","Storm","Genetic Algorithm","Self Repair","Frozen Egg 2","Loop","Force Field","Runic Capacitor"],"gold_per_floor":[118,118,39,39,114,147,159,159,234,115,127,127,143,159,159,257,257,274,274,290,205,222,222,222,148,172,172,202,202,235,235,235,336,336,352,574,574,184,184,184,211,224,249,268,61,61,61,92,92,92],"floor_reached":51,"campfire_rested":2,"playtime":2320,"item_purchase_floors":[3,10,10,25,38,38,38,45],"current_hp_per_floor":[75,75,75,75,64,51,39,32,32,32,32,29,11,11,36,27,85,71,71,66,66,60,60,60,60,60,60,54,85,73,73,73,23,85,60,60,60,60,60,60,61,68,68,75,75,64,64,64,91,24],"items_purged":[],"gold":92,"score":867,"play_id":"c922a1ca-fe0a-49d9-8f86-f8d4d7f64834","local_time":"20180602114259","is_prod":false,"is_daily":false,"chose_seed":false,"is_ascension_mode":true,"campfire_upgraded":4,"win_rate":0,"timestamp":1527903779,"campfire_choices":[{"floor":15,"key":"REST"},{"data":"Amplify","floor":23,"key":"SMITH"},{"data":"Storm","floor":27,"key":"SMITH"},{"data":"Biased Cognition","floor":32,"key":"SMITH"},{"data":"Force Field","floor":40,"key":"SMITH"},{"floor":49,"key":"REST"}],"path_taken":["M","?","?","?","?","E","M","?","T","?","M","?","M","M","R","BOSS","M","?","M","?","M","R","?","?","T","R","?","?","E","?","R","BOSS","M","?","?","?","?","R","E","M","T","M","$","?","$","E","R","BOSS"],"build_version":"2018-05-31","seed_source_timestamp":136829325665159,"purchased_purges":0,"victory":true,"master_deck":["Zap","Dualcast","Ball Lightning","Static Discharge","Static Discharge","Biased Cognition","Conserve Battery","Storm+1","Genetic Algorithm","Reinforced Body","Undo","Leap","Amplify+1","Streamline","Cold Snap+1","Steam","Reinforced Body","Reprogram","Leap","Double Energy+1","Conserve Battery","Self Repair","Leap+1","Biased Cognition+1","Creative AI+1","Loop+1","Force Field+1","Creative AI+1","Ball Lightning","Madness","Madness"],"max_hp_per_floor":[75,75,75,75,75,85,85,85,85,85,85,85,85,85,85,85,85,85,85,85,85,85,85,85,85,85,85,85,85,85,85,85,85,85,87,87,87,87,87,87,89,89,89,89,89,89,89,91,91,91],"relics":["Cracked Core","Juzu Bracelet","Pear","Cables","Omamori","Pandora\u0027s Box","Regal Pillow","Thread and Needle","Pen Nib","Red Mask","Singing Bowl","Whetstone","Philosopher\u0027s Stone","Frozen Egg 2","Orichalcum","Bronze Scales","Runic Capacitor","Girya"],"card_choices":[{"not_picked":["Turbo","Beam Cell"],"picked":"Ball Lightning","floor":1},{"not_picked":["Meteor Strike","Recycle"],"picked":"Biased Cognition","floor":6},{"not_picked":["Chill","Beam Cell"],"picked":"Conserve Battery","floor":7},{"not_picked":["Turbo","Skim"],"picked":"Reinforced Body","floor":11},{"not_picked":["Gash","Stack"],"picked":"Undo","floor":13},{"not_picked":["Sweeping Beam","Go for the Eyes"],"picked":"Leap","floor":14},{"not_picked":["Reboot","All For One"],"picked":"Amplify","floor":16},{"not_picked":["Chill","Go for the Eyes"],"picked":"Leap","floor":18},{"not_picked":["Gash+1","Beam Cell"],"picked":"Double Energy+1","floor":20},{"not_picked":["Rebound","Hologram"],"picked":"Conserve Battery","floor":22},{"not_picked":["Stack","Cold Snap"],"picked":"Leap+1","floor":28},{"not_picked":["Sweeping Beam","Streamline"],"picked":"Biased Cognition","floor":30},{"not_picked":["Meteor Strike","Multi-Cast"],"picked":"Creative AI","floor":33},{"not_picked":["Skim+1","Hologram","Coolheaded+1"],"picked":"Singing Bowl","floor":35},{"not_picked":["Streamline+1","Hologram","Compile Driver"],"picked":"Singing Bowl","floor":41},{"not_picked":["Redo","Genetic Algorithm"],"picked":"Creative AI+1","floor":42},{"not_picked":["Consume","Barrage"],"picked":"Ball Lightning","floor":44},{"not_picked":["Ball Lightning+1","Gash+1","Sweeping Beam+1"],"picked":"Singing Bowl","floor":48}],"player_experience":139856,"potions_floor_usage":[16,33,33,33,35,50,50],"damage_taken":[{"damage":0,"enemies":"Small Slimes","floor":1,"turns":2},{"damage":23,"enemies":"Gremlin Nob","floor":6,"turns":3},{"damage":12,"enemies":"Jaw Worm","floor":7,"turns":2},{"damage":0,"enemies":"Cultist","floor":11,"turns":3},{"damage":18,"enemies":"3 Louse","floor":13,"turns":3},{"damage":0,"enemies":"Blue Slaver","floor":14,"turns":3},{"damage":9,"enemies":"Slime Boss","floor":16,"turns":6},{"damage":14,"enemies":"Shell Parasite","floor":18,"turns":3},{"damage":5,"enemies":"Chosen","floor":20,"turns":4},{"damage":6,"enemies":"Snake Plant","floor":22,"turns":3},{"damage":13,"enemies":"Masked Bandits","floor":28,"turns":3},{"damage":19,"enemies":"Gremlin Leader","floor":30,"turns":6},{"damage":64,"enemies":"Collector","floor":33,"turns":7},{"damage":34,"enemies":"3 Darklings","floor":35,"turns":5},{"damage":8,"enemies":"Giant Head","floor":41,"turns":5},{"damage":0,"enemies":"Orb Walker","floor":42,"turns":3},{"damage":0,"enemies":"Maw","floor":44,"turns":5},{"damage":9,"enemies":"Nemesis","floor":48,"turns":5},{"damage":67,"enemies":"Awakened One","floor":50,"turns":6}],"relics_obtained":[{"floor":6,"key":"Pear"},{"floor":9,"key":"Cables"},{"floor":26,"key":"Pen Nib"},{"floor":28,"key":"Red Mask"},{"floor":30,"key":"Singing Bowl"},{"floor":31,"key":"Whetstone"},{"floor":41,"key":"Orichalcum"},{"floor":43,"key":"Bronze Scales"},{"floor":48,"key":"Girya"}],"event_choices":[{"event_name":"Living Wall","player_choice":"Change","floor":2,"damage_taken":0},{"event_name":"The Cleric","player_choice":"Leave","floor":4,"damage_taken":0},{"event_name":"World of Goop","player_choice":"Gather Gold","floor":5,"damage_taken":0},{"event_name":"Golden Wing","player_choice":"Card Removal","floor":8,"damage_taken":0},{"event_name":"Scrap Ooze","player_choice":"success","floor":12,"damage_taken":3},{"event_name":"The Lab","player_choice":"Got Potions","floor":19,"damage_taken":0},{"event_name":"Addict","player_choice":"Obtained Relic","floor":21,"damage_taken":0},{"event_name":"The Mausoleum","player_choice":"Yes","floor":24,"damage_taken":0},{"event_name":"Masked Bandits","player_choice":"Fought over 172 gold","floor":28,"damage_taken":0},{"event_name":"Wheel of Change","player_choice":"Full Heal","floor":29,"damage_taken":0},{"event_name":"Tomb of Lord Red Mask","player_choice":"Wore Mask","floor":36,"damage_taken":0},{"event_name":"Upgrade Shrine","player_choice":"Upgraded","floor":39,"damage_taken":0},{"event_name":"Winding Halls","player_choice":"Embrace Madness","floor":46,"damage_taken":0}],"boss_relics":[{"not_picked":["Calling Bell","Nuclear Battery"],"picked":"Pandora\u0027s Box"},{"not_picked":["Velvet Choker","Snecko Eye"],"picked":"Philosopher\u0027s Stone"}],"items_purged_floors":[],"potions_floor_spawned":[7,11,14,20,22,28,35,44],"seed_played":"1225345353371445608","ascension_level":3,"potions_obtained":[{"floor":7,"key":"SteroidPotion"},{"floor":11,"key":"SteroidPotion"},{"floor":14,"key":"Poison Potion"},{"floor":19,"key":"EntropicBrew"},{"floor":28,"key":"Block Potion"},{"floor":35,"key":"Explosive Potion"},{"floor":44,"key":"Swift Potion"}],"is_trial":false}