{"gold_per_floor":[164,181,356,356,210,210,228,228,228,242,242,242,19,31,31,109,109,91,91,106,306,306],"floor_reached":22,"playtime":1848,"items_purged":["Strike_G"],"score":299,"play_id":"a39b9c8e-f199-461e-8a7a-323aef1e0365","local_time":"20181129224049","is_ascension_mode":true,"campfire_choices":[{"data":"Blur","floor":6,"key":"SMITH"},{"floor":8,"key":"REST"},{"data":"Catalyst","floor":11,"key":"SMITH"},{"data":"Doubt","floor":15,"key":"PURGE"}],"neow_cost":"NONE","seed_source_timestamp":0,"circlet_count":0,"master_deck":["AscendersBane","Defend_G","Defend_G","Defend_G","Defend_G+1","Defend_G","Strike_G","Strike_G","Strike_G","Strike_G","Survivor","Neutralize","Dodge and Roll","Outmaneuver","Bouncing Flask","Blur+1","Catalyst+1","Noxious Fumes","Deflect","Night Terror","Well Laid Plans","Deadly Poison","Dodge and Roll","Escape Plan","Outmaneuver","Deadly Poison+1"],"special_seed":0,"relics":["Tiny House","Peace Pipe","Incense Burner","Oddly Smooth Stone","Orrery"],"potions_floor_usage":[18],"damage_taken":[{"damage":10.0,"enemies":"Small Slimes","floor":1.0,"turns":7.0},{"damage":6.0,"enemies":"Cultist","floor":2.0,"turns":6.0},{"damage":13.0,"enemies":"Jaw Worm","floor":5.0,"turns":7.0},{"damage":8,"enemies":"Jaw Worm","floor":7,"turns":5},{"damage":7,"enemies":"Exordium Thugs","floor":10,"turns":7},{"damage":0,"enemies":"Large Slime","floor":14,"turns":7},{"damage":16,"enemies":"Slime Boss","floor":16,"turns":12},{"damage":19,"enemies":"2 Thieves","floor":18,"turns":5},{"damage":19,"enemies":"Spheric Guardian","floor":20,"turns":7},{"damage":0,"enemies":"Shelled Parasite and Fungi","floor":22,"turns":4}],"seed_played":"5258979730090806392","potions_obtained":[{"floor":0.0,"key":"SmokeBomb"},{"floor":14,"key":"Strength Potion"},{"floor":16,"key":"LiquidBronze"}],"is_trial":false,"path_per_floor":["M","M","?","?","M","$","R","M","R","T","M","R","T","$","M","R","B",null,"M","?","M","?","M"],"character_chosen":"THE_SILENT","items_purchased":["Blur","Noxious Fumes","Oddly Smooth Stone"],"campfire_rested":1,"item_purchase_floors":[5,13,13],"current_hp_per_floor":[54,48,48,48,35,35,27,48,48,41,41,41,41,41,41,25,60,41,28,9,9,9],"gold":306,"neow_bonus":"BOSS_RELIC","is_prod":false,"is_daily":false,"chose_seed":false,"campfire_upgraded":2,"win_rate":0,"timestamp":1543527649,"path_taken":["M","M","?","?","?","R","M","R","T","M","R","?","$","M","R","BOSS","M","?","M","?","?"],"build_version":"2018-11-15","purchased_purges":1,"victory":false,"max_hp_per_floor":[71,71,71,71,71,71,71,71,71,71,71,71,71,71,71,71,71,71,76,76,76,76],"card_choices":[{"not_picked":["Underhanded Strike","Dagger Spray"],"picked":"Dodge and Roll","floor":0.0},{"not_picked":["Prepared","Blade Dance"],"picked":"Outmaneuver","floor":1.0},{"not_picked":["Dagger Throw","Poisoned Stab"],"picked":"Bouncing Flask","floor":2.0},{"not_picked":["Dagger Spray","Dagger Throw","Quick Slash"],"picked":"SKIP","floor":7},{"not_picked":["Blade Dance","Concentrate"],"picked":"Catalyst","floor":10},{"not_picked":["Acrobatics","Sucker Punch"],"picked":"Deflect","floor":14},{"not_picked":["Adrenaline","Tools of the Trade"],"picked":"Night Terror","floor":16},{"not_picked":["Infinite Blades","Flying Knee"],"picked":"Well Laid Plans","floor":17},{"not_picked":["Slice","Dagger Throw"],"picked":"Deadly Poison","floor":17},{"not_picked":["Predator","Backstab"],"picked":"Dodge and Roll","floor":17},{"not_picked":["Dagger Throw","Dodge and Roll"],"picked":"Escape Plan","floor":17},{"not_picked":["A Thousand Cuts","Choke"],"picked":"Outmaneuver","floor":17},{"not_picked":["Dagger Spray","Bane","Dodge and Roll"],"picked":"SKIP","floor":18},{"not_picked":["PiercingWail","Dagger Throw"],"picked":"Deadly Poison+1","floor":20}],"player_experience":554882,"relics_obtained":[{"floor":9,"key":"Peace Pipe"},{"floor":12,"key":"Incense Burner"}],"event_choices":[{"damage_healed":0.0,"max_hp_gain":0.0,"max_hp_loss":0.0,"gold_gain":175.0,"event_name":"Liars Game","player_choice":"AGREE","floor":3.0,"gold_loss":0.0,"damage_taken":0.0,"cards_obtained":["Doubt"]},{"damage_healed":0.0,"max_hp_gain":0.0,"max_hp_loss":0.0,"gold_gain":0.0,"event_name":"Match and Keep!","player_choice":"0 cards matched","floor":4.0,"gold_loss":0.0,"damage_taken":0.0,"cards_obtained":[]},{"damage_healed":0,"gold_gain":0,"player_choice":"Shed Blood","damage_taken":18,"max_hp_gain":5,"max_hp_loss":0,"event_name":"Forgotten Altar","floor":19,"gold_loss":0},{"damage_healed":0,"gold_gain":250,"player_choice":"Bet on Owner","damage_taken":0,"max_hp_gain":0,"max_hp_loss":0,"event_name":"The Joust","floor":21,"gold_loss":50}],"is_beta":false,"boss_relics":[{"not_picked":["Empty Cage","WristBlade"],"picked":"Orrery"}],"items_purged_floors":[5],"is_endless":false,"potions_floor_spawned":[5,14,16],"killed_by":"Shelled Parasite and Fungi","ascension_level":14}