{"gold_per_floor":[111,21,33,33,53,53,76,90,144,144,319,319,319,338,338,464,464,477,477,21,41,71,71],"floor_reached":23,"playtime":666,"items_purged":[],"score":215,"play_id":"333ef418-a713-4aef-8a2f-578f10414dd8","local_time":"20190129032428","is_ascension_mode":true,"campfire_choices":[{"data":"Zap","floor":6,"key":"SMITH"},{"data":"Go for the Eyes","floor":10,"key":"SMITH"},{"data":"Beam Cell","floor":12,"key":"SMITH"},{"floor":15,"key":"REST"}],"neow_cost":"NONE","seed_source_timestamp":1061784630115089,"circlet_count":0,"master_deck":["Strike_B","Strike_B","Strike_B","Strike_B","Defend_B","Defend_B","Defend_B","Defend_B","Zap+1","Dualcast","Seek","Coolheaded","Self Repair","Beam Cell+1","Gash","Machine Learning","Go for the Eyes+1","Ball Lightning","Doubt","Conserve Battery","Echo Form","Rebound+1","Panache","Loop","Stack"],"relics":["Cracked Core","Odd Mushroom","Potion Belt","Golden Idol","Sozu","Molten Egg 2","Tiny Chest"],"potions_floor_usage":[7,16,16],"damage_taken":[{"damage":17,"enemies":"Small Slimes","floor":1,"turns":3},{"damage":2,"enemies":"2 Louse","floor":3,"turns":2},{"damage":9,"enemies":"Jaw Worm","floor":5,"turns":3},{"damage":17,"enemies":"The Mushroom Lair","floor":7,"turns":4},{"damage":0,"enemies":"2 Fungi Beasts","floor":8,"turns":2},{"damage":3,"enemies":"Blue Slaver","floor":14,"turns":3},{"damage":19,"enemies":"Hexaghost","floor":16,"turns":9},{"damage":12,"enemies":"3 Byrds","floor":18,"turns":5},{"damage":9,"enemies":"Spheric Guardian","floor":21,"turns":3},{"damage":69,"enemies":"Gremlin Leader","floor":23,"turns":5}],"seed_played":"-2985237158103279305","potions_obtained":[{"floor":1,"key":"Weak Potion"},{"floor":5,"key":"Regen Potion"},{"floor":7,"key":"PowerPotion"}],"is_trial":false,"path_per_floor":["M","$","M","?","M","R","?","M","T","R","?","R","?","M","R","B",null,"M","?","$","M","T","E"],"character_chosen":"DEFECT","items_purchased":["Self Repair","Beam Cell","Molten Egg 2","Panache","Loop"],"campfire_rested":1,"item_purchase_floors":[2,2,20,20,20],"current_hp_per_floor":[58,58,56,56,54,54,56,56,56,56,56,56,38,42,64,52,75,70,70,70,61,61,0],"gold":71,"neow_bonus":"ONE_RANDOM_RARE_CARD","is_prod":false,"is_daily":false,"chose_seed":false,"campfire_upgraded":3,"win_rate":0,"timestamp":1548750268,"path_taken":["M","$","M","?","M","R","?","M","T","R","?","R","?","M","R","BOSS","M","?","$","M","?","E"],"build_version":"2019-01-23","purchased_purges":0,"victory":false,"max_hp_per_floor":[75,75,75,75,75,75,75,75,75,75,75,75,75,75,75,75,75,75,75,75,75,75,75],"card_choices":[{"not_picked":["Sweeping Beam","Rebound"],"picked":"Coolheaded","floor":1},{"not_picked":["Hologram","Compile Driver"],"picked":"Gash","floor":3},{"not_picked":["Ball Lightning","Recycle"],"picked":"Machine Learning","floor":5},{"not_picked":["Lockon","Tempest"],"picked":"Go for the Eyes","floor":7},{"not_picked":["Turbo","Stack"],"picked":"Ball Lightning","floor":8},{"not_picked":["Redo","Rebound"],"picked":"Conserve Battery","floor":14},{"not_picked":["Meteor Strike","Buffer"],"picked":"Echo Form","floor":16},{"not_picked":["Rip and Tear+1","Leap"],"picked":"Rebound+1","floor":18},{"not_picked":["Compile Driver+1","Fusion"],"picked":"Stack","floor":21}],"player_experience":261048,"relics_obtained":[{"floor":7,"key":"Odd Mushroom"},{"floor":9,"key":"Potion Belt"},{"floor":22,"key":"Tiny Chest"}],"event_choices":[{"damage_healed":0,"gold_gain":0,"player_choice":"Ignored","damage_taken":0,"max_hp_gain":0,"max_hp_loss":0,"event_name":"Golden Wing","floor":4,"gold_loss":0},{"damage_healed":0,"gold_gain":0,"player_choice":"Fought Mushrooms","damage_taken":0,"max_hp_gain":0,"max_hp_loss":0,"event_name":"Mushrooms","floor":7,"gold_loss":0},{"damage_healed":0,"gold_gain":175,"player_choice":"AGREE","damage_taken":0,"max_hp_gain":0,"max_hp_loss":0,"event_name":"Liars Game","floor":11,"gold_loss":0,"cards_obtained":["Doubt"]},{"damage_healed":0,"gold_gain":0,"player_choice":"Take Damage","damage_taken":18,"relics_obtained":["Golden Idol"],"max_hp_gain":0,"max_hp_loss":0,"event_name":"Golden Idol","floor":13,"gold_loss":0},{"damage_healed":0,"gold_gain":0,"player_choice":"Ignored","damage_taken":0,"max_hp_gain":0,"max_hp_loss":0,"event_name":"Ghosts","floor":19,"gold_loss":0}],"is_beta":false,"boss_relics":[{"not_picked":["Cursed Key","Inserter"],"picked":"Sozu"}],"items_purged_floors":[],"is_endless":false,"potions_floor_spawned":[1,5,7,21],"killed_by":"Gremlin Leader","ascension_level":4}