{"gold_per_floor":[119,119,194,204,204,235,185,214,267,294,294,294,4,21,21,121,121,139,153,153,74,74,100,118,147,147,167,202,202,229,102,102,202,202,218,228,0,12,12,12,42,52,52,52,71,106,151,151,151,151,151,151,38,68,68],"floor_reached":56,"playtime":6620,"items_purged":["Strike_B"],"score":1619,"play_id":"7a6698fc-e322-42dd-9304-4259588f9512","local_time":"20190212134911","is_ascension_mode":true,"campfire_choices":[{"data":"Defragment","floor":12,"key":"SMITH"},{"data":"Go for the Eyes","floor":15,"key":"SMITH"},{"data":"Defragment","floor":29,"key":"SMITH"},{"data":"Amplify","floor":32,"key":"SMITH"},{"data":"Reboot","floor":40,"key":"SMITH"},{"data":"Steam Power","floor":44,"key":"SMITH"},{"floor":49,"key":"RECALL"},{"floor":52,"key":"DIG"}],"neow_cost":"NONE","seed_source_timestamp":390361779690560,"circlet_count":0,"master_deck":["Defend_B+1","Defend_B","Defend_B+1","Defend_B","Zap","Dualcast","Self Repair","Hologram","Capacitor","Defragment+1","All For One","Go for the Eyes+1","Amplify+1","Self Repair","Turbo+1","Defragment+1","Glacier+1","Lockon","Biased Cognition","Creative AI","Steam Power+1","White Noise","Turbo+1","Capacitor","Reboot+1","White Noise+1","Turbo","BootSequence+1","Glacier+1","Force Field+1","Double Energy","Darkness+1","Finesse","Secret Technique","Mayhem","Loop","Coolheaded+1"],"relics":["Cracked Core","NeowsBlessing","Omamori","Symbiotic Virus","Pantograph","Bronze Scales","Centennial Puzzle","Mercury Hourglass","Emotion Chip","Inserter","Incense Burner","Dream Catcher","Mummified Hand","Darkstone Periapt","Gambling Chip","Cursed Key","Red Mask","Pear","War Paint","Bag of Preparation","Shovel","Cables","Ornamental Fan"],"potions_floor_usage":[8,16,23,25,25,28,28,33,35,36,46,55],"damage_taken":[{"damage":0,"enemies":"Small Slimes","floor":1,"turns":1},{"damage":0,"enemies":"Jaw Worm","floor":4,"turns":1},{"damage":0,"enemies":"Lagavulin","floor":6,"turns":1},{"damage":31,"enemies":"3 Sentries","floor":8,"turns":11},{"damage":13,"enemies":"Lagavulin","floor":10,"turns":7},{"damage":0,"enemies":"2 Louse","floor":14,"turns":2},{"damage":11,"enemies":"Hexaghost","floor":16,"turns":8},{"damage":4,"enemies":"Chosen","floor":18,"turns":4},{"damage":35,"enemies":"2 Thieves","floor":19,"turns":4},{"damage":14,"enemies":"Slavers","floor":23,"turns":5},{"damage":8,"enemies":"Snecko","floor":24,"turns":4},{"damage":17,"enemies":"Gremlin Leader","floor":25,"turns":6},{"damage":0,"enemies":"3 Cultists","floor":27,"turns":5},{"damage":17,"enemies":"Slavers","floor":28,"turns":4},{"damage":6,"enemies":"Book of Stabbing","floor":30,"turns":4},{"damage":22,"enemies":"Automaton","floor":33,"turns":5},{"damage":11,"enemies":"3 Shapes","floor":35,"turns":3},{"damage":50,"enemies":"3 Darklings","floor":36,"turns":4},{"damage":0,"enemies":"Sphere and 2 Shapes","floor":38,"turns":4},{"damage":31,"enemies":"Reptomancer","floor":41,"turns":7},{"damage":18,"enemies":"Spire Growth","floor":42,"turns":5},{"damage":17,"enemies":"Jaw Worm Horde","floor":45,"turns":3},{"damage":0,"enemies":"Giant Head","floor":46,"turns":6},{"damage":9,"enemies":"2 Orb Walkers","floor":47,"turns":4},{"damage":18,"enemies":"Awakened One","floor":50,"turns":8},{"damage":0,"enemies":"Shield and Spear","floor":54,"turns":6},{"damage":12,"enemies":"The Heart","floor":55,"turns":8}],"seed_played":"8699823715738293346","potions_obtained":[{"floor":4,"key":"SpeedPotion"},{"floor":10,"key":"LiquidBronze"},{"floor":14,"key":"Explosive Potion"},{"floor":16,"key":"FearPotion"},{"floor":24,"key":"Poison Potion"},{"floor":25,"key":"Swift Potion"},{"floor":27,"key":"SkillPotion"},{"floor":28,"key":"Explosive Potion"},{"floor":30,"key":"AttackPotion"},{"floor":35,"key":"LiquidBronze"},{"floor":38,"key":"SneckoOil"},{"floor":41,"key":"Ancient Potion"},{"floor":45,"key":"Swift Potion"},{"floor":47,"key":"Fire Potion"}],"is_trial":false,"path_per_floor":["?","?","?","?","T","M","?","?","?","?","M","?","?"],"character_chosen":"DEFECT","items_purchased":["Emotion Chip","Defragment","Turbo","Capacitor","Loop"],"campfire_rested":0,"item_purchase_floors":[13,21,31,31,53],"current_hp_per_floor":[75,68,57,57,42,42,42,18,18,12,12,12,12,12,12,33,75,75,47,33,33,33,26,32,29,29,43,40,40,48,48,48,65,80,80,44,44,44,54,54,37,33,33,33,37,58,63,53,53,74,90,90,90,90,90],"gold":68,"neow_bonus":"THREE_ENEMY_KILL","is_prod":false,"is_daily":false,"chose_seed":false,"campfire_upgraded":6,"win_rate":0,"timestamp":1549975751,"path_taken":["M","?","?","M","?","E","?","E","T","E","?","R","$","M","R","BOSS","M","?","?","$","?","E","M","E","T","M","E","R","E","$","R","BOSS","M","M","?","M","?","R","E","?","T","R","M","E","?","?","R","BOSS","R","$","E","BOSS"],"build_version":"2019-01-23","purchased_purges":1,"victory":true,"max_hp_per_floor":[75,75,75,75,75,75,75,75,75,75,75,75,75,75,75,75,75,75,75,80,80,80,80,80,80,80,80,80,80,80,80,80,80,80,80,80,80,80,90,90,90,90,90,90,90,90,90,90,90,90,90,90,90,90,90],"card_choices":[{"not_picked":["Sweeping Beam","Leap"],"picked":"Self Repair","floor":1},{"not_picked":["Compile Driver","Steam"],"picked":"Hologram","floor":4},{"not_picked":["Recycle","Barrage"],"picked":"Capacitor","floor":6},{"not_picked":["FTL","Conserve Battery"],"picked":"Defragment","floor":8},{"not_picked":["Beam Cell","Cold Snap"],"picked":"All For One","floor":10},{"not_picked":["Force Field","Gash"],"picked":"Go for the Eyes","floor":14},{"not_picked":["Multi-Cast","Hyperbeam"],"picked":"Amplify","floor":16},{"not_picked":["Recycle+1","Reprogram"],"picked":"Self Repair","floor":18},{"not_picked":["Rebound","Hello World+1"],"picked":"Turbo+1","floor":19},{"not_picked":["Cold Snap+1","Heatsinks"],"picked":"Biased Cognition","floor":23},{"not_picked":["Stack+1","Beam Cell","Static Discharge"],"picked":"SKIP","floor":24},{"not_picked":["Sweeping Beam","Barrage+1","Rebound+1"],"picked":"SKIP","floor":25},{"not_picked":["Stack+1","Fusion"],"picked":"Creative AI","floor":27},{"not_picked":["Biased Cognition","Lockon"],"picked":"Steam Power","floor":28},{"not_picked":["Compile Driver","Blizzard"],"picked":"White Noise","floor":30},{"not_picked":["Multi-Cast","Rainbow"],"picked":"Reboot","floor":33},{"not_picked":["Compile Driver","Capacitor"],"picked":"White Noise+1","floor":35},{"not_picked":["Rip and Tear","Beam Cell"],"picked":"Turbo","floor":36},{"not_picked":["Leap","Streamline","Redo"],"picked":"SKIP","floor":38},{"not_picked":["Darkness+1","Streamline+1"],"picked":"BootSequence+1","floor":41},{"not_picked":["Static Discharge","Chaos"],"picked":"Glacier+1","floor":42},{"not_picked":["Rebound+1","Reprogram"],"picked":"Force Field+1","floor":45},{"not_picked":["Steam+1","Cold Snap+1"],"picked":"Double Energy","floor":46},{"not_picked":["Rebound","Steam+1"],"picked":"Darkness+1","floor":47},{"not_picked":["Dark Shackles","Madness"],"picked":"Finesse","floor":48},{"not_picked":["Madness","Flash of Steel"],"picked":"Secret Technique","floor":48},{"not_picked":["Panache","PanicButton"],"picked":"Mayhem","floor":48},{"not_picked":["BootSequence+1","Force Field+1"],"picked":"Coolheaded+1","floor":54}],"player_experience":138376,"relics_obtained":[{"floor":6,"key":"Symbiotic Virus"},{"floor":8,"key":"Pantograph"},{"floor":9,"key":"Bronze Scales"},{"floor":10,"key":"Centennial Puzzle"},{"floor":11,"key":"Mercury Hourglass"},{"floor":23,"key":"Incense Burner"},{"floor":25,"key":"Dream Catcher"},{"floor":26,"key":"Mummified Hand"},{"floor":28,"key":"Darkstone Periapt"},{"floor":30,"key":"Gambling Chip"},{"floor":41,"key":"War Paint"},{"floor":46,"key":"Bag of Preparation"},{"floor":47,"key":"Shovel"},{"floor":52,"key":"Cables"},{"floor":54,"key":"Ornamental Fan"}],"event_choices":[{"damage_healed":0,"gold_gain":0,"player_choice":"Success","damage_taken":7,"relics_obtained":["Omamori"],"max_hp_gain":0,"max_hp_loss":0,"event_name":"Scrap Ooze","floor":2,"gold_loss":0},{"damage_healed":0,"gold_gain":75,"player_choice":"Gather Gold","damage_taken":11,"max_hp_gain":0,"max_hp_loss":0,"event_name":"World of Goop","floor":3,"gold_loss":0},{"damage_healed":0,"gold_gain":0,"player_choice":"Entered Light","damage_taken":15,"max_hp_gain":0,"max_hp_loss":0,"event_name":"Shining Light","floor":5,"gold_loss":0,"cards_upgraded":["Defend_B","Defend_B"]},{"cards_removed":["Strike_B"],"damage_healed":0,"gold_gain":0,"player_choice":"Card Removal","damage_taken":0,"max_hp_gain":0,"max_hp_loss":0,"event_name":"The Cleric","floor":7,"gold_loss":50},{"damage_healed":0,"gold_gain":0,"player_choice":"Shed Blood","damage_taken":19,"max_hp_gain":5,"max_hp_loss":0,"event_name":"Forgotten Altar","floor":20,"gold_loss":0},{"damage_healed":0,"gold_gain":0,"cards_transformed":["Strike_B","Strike_B"],"player_choice":"Became Test Subject","damage_taken":0,"max_hp_gain":0,"max_hp_loss":0,"event_name":"Drug Dealer","floor":22,"gold_loss":0,"cards_obtained":["Glacier","Lockon"]},{"damage_healed":0,"gold_gain":0,"player_choice":"Paid","damage_taken":0,"relics_obtained":["Red Mask"],"max_hp_gain":0,"max_hp_loss":0,"event_name":"Tomb of Lord Red Mask","floor":37,"gold_loss":228},{"damage_healed":0,"gold_gain":0,"player_choice":"Gave Potion","damage_taken":0,"relics_obtained":["Pear"],"max_hp_gain":0,"max_hp_loss":0,"event_name":"WeMeetAgain","floor":39,"gold_loss":0},{"damage_healed":0,"gold_gain":0,"player_choice":"Fight","damage_taken":0,"max_hp_gain":0,"max_hp_loss":0,"event_name":"Mysterious Sphere","floor":47,"gold_loss":0},{"damage_healed":0,"gold_gain":0,"player_choice":"Memory 3","damage_taken":10,"max_hp_gain":0,"max_hp_loss":0,"event_name":"SensoryStone","floor":48,"gold_loss":0}],"is_beta":false,"boss_relics":[{"not_picked":["Coffee Dripper","Lizard Tail"],"picked":"Inserter"},{"not_picked":["Busted Crown","Tiny House"],"picked":"Cursed Key"}],"items_purged_floors":[53],"is_endless":false,"potions_floor_spawned":[4,10,14,16,24,25,27,28,30,35,38,41,45,47],"ascension_level":4}