{"gold_per_floor":[118,193,193,205,5,5,18,18,18,43,43,58,72,85,85,160,160,179,194,194,210,210,244,244],"floor_reached":24,"playtime":1201,"items_purged":[],"score":364,"play_id":"b9faa890-468e-4202-bb2a-612d52639117","local_time":"20190223170604","is_ascension_mode":true,"campfire_choices":[{"floor":6.0,"key":"REST"},{"data":"Catalyst","floor":8.0,"key":"SMITH"},{"floor":15.0,"key":"REST"}],"neow_cost":"NONE","seed_source_timestamp":0,"circlet_count":0,"master_deck":["AscendersBane","Defend_G","Defend_G","Defend_G","Defend_G","Defend_G","Strike_G","Strike_G","Strike_G","Survivor","Neutralize","Catalyst+1","Backflip","Bouncing Flask","Sadistic Nature","Crippling Poison","A Thousand Cuts","Noxious Fumes","Leg Sweep","Infinite Blades","Burst","Well Laid Plans+1","Bouncing Flask","Poisoned Stab+1","Deflect"],"special_seed":0,"relics":["Ring of the Snake","Oddly Smooth Stone","The Courier","Odd Mushroom","Fusion Hammer","Boot"],"potions_floor_usage":[23,24],"damage_taken":[{"damage":16.0,"enemies":"Jaw Worm","floor":1.0,"turns":9.0},{"damage":0.0,"enemies":"2 Louse","floor":4.0,"turns":3.0},{"damage":7.0,"enemies":"Small Slimes","floor":7.0,"turns":3.0},{"damage":8.0,"enemies":"The Mushroom Lair","floor":10.0,"turns":5.0},{"damage":3.0,"enemies":"Blue Slaver","floor":12.0,"turns":3.0},{"damage":8.0,"enemies":"Red Slaver","floor":13.0,"turns":4.0},{"damage":7.0,"enemies":"Large Slime","floor":14.0,"turns":3.0},{"damage":21.0,"enemies":"Hexaghost","floor":16.0,"turns":8.0},{"damage":12.0,"enemies":"3 Byrds","floor":18.0,"turns":5.0},{"damage":0,"enemies":"Shell Parasite","floor":19,"turns":5},{"damage":16,"enemies":"Sentry and Sphere","floor":21,"turns":4},{"damage":27,"enemies":"Slavers","floor":23,"turns":5},{"damage":8,"enemies":"Snecko","floor":24,"turns":3}],"seed_played":"-4645849145001581229","potions_obtained":[{"floor":1.0,"key":"Weak Potion"},{"floor":10.0,"key":"GamblersBrew"},{"floor":12.0,"key":"AttackPotion"},{"floor":13.0,"key":"Fire Potion"},{"floor":16.0,"key":"SmokeBomb"},{"floor":18.0,"key":"FairyPotion"},{"floor":23,"key":"EssenceOfSteel"}],"is_trial":false,"path_per_floor":["M","?","?","M","$","R","M","R","T","?","$","M","M","M","R","B",null,"M","M","?","M","?","E","M"],"character_chosen":"THE_SILENT","items_purchased":["Bouncing Flask","Sadistic Nature"],"campfire_rested":2,"item_purchase_floors":[5,5],"current_hp_per_floor":[43,32,25,25,25,44,37,37,37,29,29,26,18,11,30,9,52,40,40,40,24,24,4,0],"gold":244,"neow_bonus":"RANDOM_COMMON_RELIC","is_prod":false,"is_daily":false,"chose_seed":false,"campfire_upgraded":1,"win_rate":0,"timestamp":1550963164,"path_taken":["M","?","?","M","$","R","M","R","T","?","?","?","M","M","R","BOSS","M","M","?","?","?","E","M"],"build_version":"2019-01-23","purchased_purges":0,"victory":false,"max_hp_per_floor":[66,66,66,66,66,66,66,66,66,66,66,66,66,66,66,66,66,66,66,66,66,66,66,66],"card_choices":[{"not_picked":["Tactician","Cloak And Dagger"],"picked":"Catalyst","floor":1.0},{"not_picked":["Caltrops","Riddle With Holes"],"picked":"Backflip","floor":4.0},{"not_picked":["Well Laid Plans","Prepared"],"picked":"Crippling Poison","floor":7.0},{"not_picked":["PiercingWail","Cloak And Dagger"],"picked":"A Thousand Cuts","floor":10.0},{"not_picked":["Blur","PiercingWail"],"picked":"Noxious Fumes","floor":12.0},{"not_picked":["Poisoned Stab","Acrobatics"],"picked":"Leg Sweep","floor":13.0},{"not_picked":["Outmaneuver","PiercingWail"],"picked":"Infinite Blades","floor":14.0},{"not_picked":["Malaise","Die Die Die"],"picked":"Burst","floor":16.0},{"not_picked":["Backflip","Cloak And Dagger"],"picked":"Well Laid Plans+1","floor":18.0},{"not_picked":["Quick Slash","Prepared"],"picked":"Bouncing Flask","floor":19},{"not_picked":["Dagger Throw","Dagger Spray"],"picked":"Poisoned Stab+1","floor":21},{"not_picked":["Phantasmal Killer","Underhanded Strike"],"picked":"Deflect","floor":23}],"player_experience":593084,"relics_obtained":[{"floor":9.0,"key":"The Courier"},{"floor":10.0,"key":"Odd Mushroom"},{"floor":23,"key":"Boot"}],"event_choices":[{"damage_healed":0.0,"max_hp_gain":0.0,"max_hp_loss":0.0,"gold_gain":75.0,"event_name":"World of Goop","player_choice":"Gather Gold","floor":2.0,"gold_loss":0.0,"damage_taken":11.0},{"cards_removed":["Strike_G"],"damage_healed":0.0,"max_hp_gain":0.0,"max_hp_loss":0.0,"gold_gain":0.0,"event_name":"Golden Wing","player_choice":"Card Removal","floor":3.0,"gold_loss":0.0,"damage_taken":7.0},{"damage_healed":0.0,"max_hp_gain":0.0,"max_hp_loss":0.0,"gold_gain":0.0,"event_name":"Mushrooms","player_choice":"Fought Mushrooms","floor":10.0,"gold_loss":0.0,"damage_taken":0.0},{"cards_removed":["Strike_G"],"damage_healed":0,"gold_gain":0,"player_choice":"Offered Basic","damage_taken":0,"max_hp_gain":0,"max_hp_loss":0,"event_name":"Bonfire Elementals","floor":20,"gold_loss":0},{"damage_healed":0,"gold_gain":0,"player_choice":"Ignored","damage_taken":0,"max_hp_gain":0,"max_hp_loss":0,"event_name":"Vampires","floor":22,"gold_loss":0}],"is_beta":false,"boss_relics":[{"not_picked":["Black Star","Runic Pyramid"],"picked":"Fusion Hammer"}],"items_purged_floors":[],"is_endless":false,"potions_floor_spawned":[1,10,12,13,16,18,23],"killed_by":"Snecko","ascension_level":15}