{"gold_per_floor":[116,116,134,134,134,165,180,180,180,190,45,57,57,87,87,184,184,201,125,125,105,124,149,149,32,32,57,57],"floor_reached":28,"playtime":1907,"items_purged":[],"score":361,"play_id":"70a16ef3-b8e5-47bf-be47-46afa622869a","local_time":"20190215115255","is_ascension_mode":true,"campfire_choices":[{"data":"Chaos","floor":8,"key":"SMITH"},{"data":"Buffer","floor":13,"key":"SMITH"},{"data":"Biased Cognition","floor":15,"key":"SMITH"},{"data":"Seek","floor":24,"key":"SMITH"}],"neow_cost":"NONE","seed_source_timestamp":191704791816973,"circlet_count":0,"master_deck":["Strike_B","Defend_B","Defend_B","Defend_B","Defend_B","Zap+1","Dualcast+1","BootSequence","Compile Driver","Chaos+1","Hologram","Buffer+1","Biased Cognition+1","Conserve Battery","Glacier","Seek+1","Conserve Battery","Steam Power","Reinforced Body","Melter","Hologram+1","Compile Driver+1"],"relics":["Cracked Core","NeowsBlessing","Dead Branch","Bottled Lightning","Sundial","Philosopher\u0027s Stone","Toxic Egg 2","Tiny Chest","Symbiotic Virus","Nunchaku"],"potions_floor_usage":[14,16,16,23,23,28],"damage_taken":[{"damage":0,"enemies":"Cultist","floor":1,"turns":1},{"damage":0,"enemies":"2 Louse","floor":3,"turns":1},{"damage":0,"enemies":"Lagavulin","floor":6,"turns":1},{"damage":0,"enemies":"Jaw Worm","floor":7,"turns":2},{"damage":0,"enemies":"Exordium Wildlife","floor":10,"turns":3},{"damage":2,"enemies":"Large Slime","floor":12,"turns":5},{"damage":8,"enemies":"Gremlin Nob","floor":14,"turns":6},{"damage":21,"enemies":"Hexaghost","floor":16,"turns":11},{"damage":0,"enemies":"Chosen","floor":18,"turns":5},{"damage":2,"enemies":"2 Thieves","floor":22,"turns":3},{"damage":45,"enemies":"Gremlin Leader","floor":23,"turns":10},{"damage":15,"enemies":"Book of Stabbing","floor":27,"turns":7},{"damage":10,"enemies":"Centurion and Healer","floor":28,"turns":1}],"seed_played":"473993951878713991","potions_obtained":[{"floor":1,"key":"Weak Potion"},{"floor":2,"key":"EssenceOfSteel"},{"floor":2,"key":"Strength Potion"},{"floor":14,"key":"EssenceOfSteel"},{"floor":16,"key":"Swift Potion"},{"floor":18,"key":"FocusPotion"},{"floor":21,"key":"PowerPotion"},{"floor":23,"key":"FocusPotion"}],"is_trial":false,"path_per_floor":["?","M","?","?","$","M","?","?","M","$"],"character_chosen":"DEFECT","items_purchased":["Biased Cognition","Steam Power","Tiny Chest"],"campfire_rested":0,"item_purchase_floors":[11,19,25],"current_hp_per_floor":[75,75,75,60,60,60,60,60,60,60,60,58,58,50,50,29,64,64,64,64,64,62,17,17,17,17,2,0],"gold":57,"neow_bonus":"THREE_ENEMY_KILL","is_prod":false,"is_daily":false,"chose_seed":false,"campfire_upgraded":4,"win_rate":0,"timestamp":1550227975,"path_taken":["M","?","?","?","?","E","M","R","T","M","?","?","R","E","R","BOSS","M","$","?","?","?","E","R","?","T","E","M"],"build_version":"2019-01-23","purchased_purges":0,"victory":false,"max_hp_per_floor":[75,75,75,75,75,75,75,75,75,75,75,75,75,75,75,75,75,75,75,75,75,75,75,75,75,75,75,75],"card_choices":[{"not_picked":["Stack","Gash"],"picked":"BootSequence","floor":1},{"not_picked":["Steam","Beam Cell"],"picked":"Compile Driver","floor":3},{"not_picked":["Force Field","Gash"],"picked":"Chaos","floor":6},{"not_picked":["Rebound","Streamline"],"picked":"Hologram","floor":7},{"not_picked":["Conserve Battery","Tempest"],"picked":"Buffer","floor":10},{"not_picked":["Hello World","Compile Driver"],"picked":"Conserve Battery","floor":12},{"not_picked":["Ball Lightning","Sweeping Beam"],"picked":"Glacier","floor":14},{"not_picked":["Machine Learning","Reboot"],"picked":"Seek","floor":16},{"not_picked":["Recycle","Stack"],"picked":"Conserve Battery","floor":18},{"not_picked":["Redo","Turbo"],"picked":"Hologram+1","floor":22},{"not_picked":["Darkness","Sweeping Beam","Leap+1"],"picked":"SKIP","floor":23},{"not_picked":["Gash","Rip and Tear+1"],"picked":"Compile Driver+1","floor":27}],"player_experience":162225,"relics_obtained":[{"floor":6,"key":"Dead Branch"},{"floor":9,"key":"Bottled Lightning"},{"floor":14,"key":"Sundial"},{"floor":23,"key":"Toxic Egg 2"},{"floor":26,"key":"Symbiotic Virus"},{"floor":27,"key":"Nunchaku"}],"event_choices":[{"damage_healed":0,"gold_gain":0,"player_choice":"Got Potions","damage_taken":0,"max_hp_gain":0,"max_hp_loss":0,"event_name":"Lab","floor":2,"gold_loss":0},{"damage_healed":0,"gold_gain":0,"player_choice":"Entered Light","damage_taken":15,"max_hp_gain":0,"max_hp_loss":0,"event_name":"Shining Light","floor":4,"gold_loss":0,"cards_upgraded":["Zap","Dualcast"]},{"cards_removed":["Strike_B"],"damage_healed":0,"gold_gain":0,"player_choice":"Forget","damage_taken":0,"max_hp_gain":0,"max_hp_loss":0,"event_name":"Living Wall","floor":5,"gold_loss":0},{"damage_healed":0,"gold_gain":0,"cards_transformed":["Strike_B","Strike_B"],"player_choice":"Became Test Subject","damage_taken":0,"max_hp_gain":0,"max_hp_loss":0,"event_name":"Drug Dealer","floor":20,"gold_loss":0,"cards_obtained":["Reinforced Body","Melter"]},{"damage_healed":0,"gold_gain":0,"player_choice":"Bought 1 Potion","damage_taken":0,"max_hp_gain":0,"max_hp_loss":0,"event_name":"The Woman in Blue","floor":21,"gold_loss":0}],"is_beta":false,"boss_relics":[{"not_picked":["Tiny House","Astrolabe"],"picked":"Philosopher\u0027s Stone"}],"items_purged_floors":[],"is_endless":false,"potions_floor_spawned":[1,14,16,18,23],"killed_by":"Centurion and Healer","ascension_level":5}