{"gold_per_floor":[116,116,131,131,147,147,161,161,161,187,187,205,205,230,230,356,356,369,390,315,315,335,335,335],"floor_reached":24,"playtime":1750,"items_purged":[],"score":287,"play_id":"de500691-2595-49db-9c2f-44f71e605fac","local_time":"20180827223832","is_ascension_mode":true,"campfire_choices":[{"data":"Ghostly Armor","floor":6.0,"key":"SMITH"},{"data":"Defend_R","floor":8.0,"key":"SMITH"},{"data":"Armaments","floor":15.0,"key":"SMITH"},{"floor":23,"key":"REST"}],"neow_cost":"NONE","seed_source_timestamp":0,"circlet_count":0,"master_deck":["Strike_R","Strike_R","Strike_R","Strike_R","Strike_R","Defend_R","Defend_R","Defend_R","Defend_R+1","Bash","Twin Strike","Ghostly Armor+1","Spot Weakness","Armaments+1","Pummel","Offering","Ghostly Armor"],"special_seed":0,"relics":["Burning Blood","Bag of Marbles","Self Forming Clay","Orichalcum","Darkstone Periapt","Bottled Flame","Golden Idol","Black Star"],"potions_floor_usage":[19,21],"damage_taken":[{"damage":8.0,"enemies":"2 Louse","floor":1.0,"turns":4.0},{"damage":7.0,"enemies":"Jaw Worm","floor":3.0,"turns":4.0},{"damage":4.0,"enemies":"Small Slimes","floor":5.0,"turns":4.0},{"damage":6.0,"enemies":"3 Louse","floor":7.0,"turns":4.0},{"damage":20.0,"enemies":"3 Sentries","floor":10.0,"turns":11.0},{"damage":2.0,"enemies":"2 Fungi Beasts","floor":12.0,"turns":4.0},{"damage":0.0,"enemies":"Gremlin Gang","floor":14.0,"turns":4.0},{"damage":69.0,"enemies":"Hexaghost","floor":16.0,"turns":13.0},{"damage":26,"enemies":"Shell Parasite","floor":18,"turns":5},{"damage":9,"enemies":"2 Thieves","floor":19,"turns":4},{"damage":12,"enemies":"Colosseum Slavers","floor":21,"turns":3},{"damage":29,"enemies":"Shelled Parasite and Fungi","floor":22,"turns":9},{"damage":68,"enemies":"Gremlin Leader","floor":24,"turns":5}],"seed_played":"2721826872784533108","potions_obtained":[{"floor":3.0,"key":"BloodPotion"},{"floor":10.0,"key":"SpeedPotion"},{"floor":12.0,"key":"Energy Potion"},{"floor":16.0,"key":"Fire Potion"},{"floor":19,"key":"Fire Potion"}],"is_trial":false,"path_per_floor":["M","?","M","?","M","R","M","R","T","E","?","M","?","M","R","B",null,"M","M","?","?","M","R"],"character_chosen":"IRONCLAD","items_purchased":[],"campfire_rested":1,"item_purchase_floors":[],"current_hp_per_floor":[70,70,69,62,64,64,64,64,64,50,56,60,60,66,66,11,67,47,44,44,38,15,40,0],"gold":335,"neow_bonus":"RANDOM_COMMON_RELIC","is_prod":false,"is_daily":false,"chose_seed":false,"campfire_upgraded":3,"win_rate":0,"timestamp":1535402312,"path_taken":["M","?","M","?","M","R","M","R","T","E","?","M","?","M","R","BOSS","M","M","?","?","M","R","E"],"build_version":"2018-08-23v2","purchased_purges":0,"victory":false,"max_hp_per_floor":[80,80,80,80,80,80,80,80,80,80,86,86,86,86,86,86,86,86,86,86,86,86,86,86],"card_choices":[{"not_picked":["Clothesline","Pommel Strike"],"picked":"Twin Strike","floor":1.0},{"not_picked":["Shrug It Off","Dropkick"],"picked":"Ghostly Armor","floor":3.0},{"not_picked":["Sword Boomerang","Heavy Blade"],"picked":"Spot Weakness","floor":5.0},{"not_picked":["Thunderclap","Body Slam","Corruption"],"picked":"SKIP","floor":7.0},{"not_picked":["Double Tap","Wild Strike"],"picked":"Armaments","floor":10.0},{"not_picked":["Armaments","Headbutt"],"picked":"Pummel","floor":12.0},{"not_picked":["Clothesline","Warcry","Entrench"],"picked":"SKIP","floor":14.0},{"not_picked":["Demon Form","Dark Embrace"],"picked":"Offering","floor":16.0},{"not_picked":["Armaments","Corruption","Headbutt"],"picked":"SKIP","floor":18},{"not_picked":["Battle Trance","Burning Pact"],"picked":"Ghostly Armor","floor":19},{"not_picked":["Havoc","Thunderclap+1","Body Slam"],"picked":"SKIP","floor":22}],"player_experience":348665,"relics_obtained":[{"floor":9.0,"key":"Darkstone Periapt"},{"floor":10.0,"key":"Bottled Flame"}],"event_choices":[{"event_name":"Big Fish","player_choice":"Box","floor":2.0,"damage_taken":0.0},{"event_name":"Scrap Ooze","player_choice":"success","floor":4.0,"damage_taken":7.0},{"event_name":"Golden Idol","player_choice":"Take Wound","floor":11.0,"damage_taken":0.0},{"event_name":"Purifier","player_choice":"One Purge","floor":13.0,"damage_taken":0.0},{"event_name":"Beggar","player_choice":"Gave Gold","floor":20,"damage_taken":0},{"event_name":"Colosseum","player_choice":"Fight","floor":21,"damage_taken":0},{"event_name":"Colosseum","player_choice":"Fled From Nobs","floor":21,"damage_taken":0}],"is_beta":false,"boss_relics":[{"not_picked":["Velvet Choker","Coffee Dripper"],"picked":"Black Star"}],"items_purged_floors":[],"is_endless":false,"potions_floor_spawned":[3,10,12,16,19,21],"killed_by":"Gremlin Leader","ascension_level":9}