{"gold_per_floor":[116,116,116,129,144,144,160,160,160,160,171,187,187,206,206,280,280,294,294,219,219,131,131],"floor_reached":23,"playtime":1416,"items_purged":["Defend_B"],"score":326,"play_id":"46fd1096-4de5-412f-8dae-d65a90690417","local_time":"20190115210435","is_ascension_mode":true,"campfire_choices":[{"data":"Echo Form","floor":6.0,"key":"SMITH"},{"data":"Fusion","floor":8.0,"key":"SMITH"},{"data":"Zap","floor":10.0,"key":"SMITH"},{"data":"Reinforced Body","floor":15.0,"key":"SMITH"}],"neow_cost":"NONE","seed_source_timestamp":7639537816285,"circlet_count":0,"master_deck":["AscendersBane","Strike_B+1","Defend_B+1","Defend_B","Defend_B","Zap+1","Dualcast","Auto Shields","Echo Form+1","Fusion+1","Double Energy","Reinforced Body+1","Meteor Strike","Auto Shields","Buffer","Self Repair"],"special_seed":0,"relics":["Cracked Core","Anchor","Gremlin Horn","Sozu"],"potions_floor_usage":[],"damage_taken":[{"damage":0.0,"enemies":"Jaw Worm","floor":1.0,"turns":3.0},{"damage":1.0,"enemies":"Cultist","floor":4.0,"turns":4.0},{"damage":0.0,"enemies":"Small Slimes","floor":5.0,"turns":3.0},{"damage":2.0,"enemies":"Exordium Wildlife","floor":7.0,"turns":3.0},{"damage":2.0,"enemies":"2 Fungi Beasts","floor":11.0,"turns":3.0},{"damage":0.0,"enemies":"Blue Slaver","floor":12.0,"turns":5.0},{"damage":0.0,"enemies":"Exordium Wildlife","floor":14.0,"turns":4.0},{"damage":22.0,"enemies":"The Guardian","floor":16.0,"turns":12.0},{"damage":12.0,"enemies":"3 Byrds","floor":18.0,"turns":6.0},{"damage":66,"enemies":"Slavers","floor":23,"turns":4}],"seed_played":"-68229321857091988","potions_obtained":[{"floor":5.0,"key":"LiquidBronze"},{"floor":7.0,"key":"SteroidPotion"},{"floor":14.0,"key":"LiquidBronze"},{"floor":16.0,"key":"SteroidPotion"}],"is_trial":false,"path_per_floor":["M","?","?","M","M","R","M","R","T","R","M","M","?","M","R","B",null,"M","?","$","?","$","E"],"character_chosen":"DEFECT","items_purchased":["Self Repair"],"campfire_rested":0,"item_purchase_floors":[22],"current_hp_per_floor":[64,43,43,42,42,42,40,40,40,40,38,38,38,38,38,16,57,45,45,45,59,59,0],"gold":131,"neow_bonus":"RANDOM_COMMON_RELIC","is_prod":false,"is_daily":false,"chose_seed":false,"campfire_upgraded":4,"win_rate":0,"timestamp":1547582675,"path_taken":["M","?","?","M","M","R","?","R","T","R","M","M","?","M","R","BOSS","M","?","$","?","?","E"],"build_version":"2019-01-10","purchased_purges":1,"victory":false,"max_hp_per_floor":[71,71,71,71,71,71,71,71,71,71,71,71,71,71,71,71,71,71,71,71,71,71,71],"card_choices":[{"not_picked":["Go for the Eyes","Reprogram"],"picked":"Auto Shields","floor":1.0},{"not_picked":["Compile Driver","Gash","Cold Snap"],"picked":"SKIP","floor":4.0},{"not_picked":["Ball Lightning","Redo","Beam Cell"],"picked":"SKIP","floor":5.0},{"not_picked":["Stack","Barrage"],"picked":"Fusion","floor":7.0},{"not_picked":["Turbo","Capacitor"],"picked":"Double Energy","floor":11.0},{"not_picked":["Redo","Turbo"],"picked":"Reinforced Body","floor":12.0},{"not_picked":["Steam","Ball Lightning","Go for the Eyes"],"picked":"SKIP","floor":14.0},{"not_picked":["Machine Learning","Creative AI"],"picked":"Meteor Strike","floor":16.0},{"not_picked":["White Noise+1","Chill","Blizzard"],"picked":"SKIP","floor":18.0}],"player_experience":709680,"relics_obtained":[{"floor":9.0,"key":"Gremlin Horn"}],"event_choices":[{"damage_healed":0.0,"max_hp_gain":0.0,"max_hp_loss":0.0,"gold_gain":0.0,"event_name":"Shining Light","player_choice":"Entered Light","floor":2.0,"gold_loss":0.0,"damage_taken":21.0,"cards_upgraded":["Defend_B","Strike_B"]},{"damage_healed":0.0,"max_hp_gain":0.0,"max_hp_loss":0.0,"gold_gain":0.0,"cards_transformed":["Strike_B"],"event_name":"Transmorgrifier","player_choice":"Transformed","floor":3.0,"gold_loss":0.0,"damage_taken":0.0,"cards_obtained":["Echo Form"]},{"damage_healed":0.0,"max_hp_gain":0.0,"max_hp_loss":0.0,"gold_gain":0.0,"event_name":"Scrap Ooze","player_choice":"Fled","floor":13.0,"gold_loss":0.0,"damage_taken":0.0},{"damage_healed":0.0,"max_hp_gain":0.0,"max_hp_loss":0.0,"gold_gain":0.0,"cards_transformed":["Strike_B","Strike_B"],"event_name":"Drug Dealer","player_choice":"Became Test Subject","floor":19.0,"gold_loss":0.0,"damage_taken":0.0,"cards_obtained":["Auto Shields","Buffer"]},{"damage_healed":14,"gold_gain":0,"player_choice":"Heal","damage_taken":0,"max_hp_gain":0,"max_hp_loss":0,"event_name":"The Library","floor":21,"gold_loss":0}],"is_beta":false,"boss_relics":[{"not_picked":["Fusion Hammer","Ectoplasm"],"picked":"Sozu"}],"items_purged_floors":[20],"is_endless":false,"potions_floor_spawned":[5,7,11,14,16],"killed_by":"Slavers","ascension_level":16}