{"gold_per_floor":[111,124,139,139,64,96,112,112,137,137,147,165,197,208,208,305,305,321,321,246,264,264,264,298,298,321,353,353,50,50,70,70,70],"floor_reached":33,"playtime":2824,"items_purged":["Defend_G","Strike_G"],"score":310,"play_id":"8431a3cc-5bf9-46e5-b79a-974b28eb66d0","local_time":"20190119174930","is_ascension_mode":true,"campfire_choices":[{"floor":15,"key":"REST"},{"data":"RitualDagger","floor":23,"key":"SMITH"},{"floor":25,"key":"REST"},{"data":"Sucker Punch","floor":28,"key":"SMITH"},{"data":"Bane","floor":30,"key":"SMITH"},{"data":"Survivor","floor":32,"key":"SMITH"}],"neow_cost":"NONE","seed_source_timestamp":21774167193635,"circlet_count":0,"master_deck":["Defend_G","Defend_G","Defend_G","Survivor+1","Neutralize","Prepared+1","Die Die Die+1","Caltrops+1","Bane","Backstab","Sucker Punch+1","Noxious Fumes+1","Burst","Bane+1","RitualDagger+1","Bane+1"],"relics":["Astrolabe","Dream Catcher","Anchor","Regal Pillow","Sundial","Empty Cage","Ninja Scroll","Toxic Egg 2","Boot","Molten Egg 2","Toolbox"],"potions_floor_usage":[16,16,18,24,27],"damage_taken":[{"damage":0,"enemies":"Cultist","floor":1,"turns":4},{"damage":0,"enemies":"Small Slimes","floor":2,"turns":4},{"damage":2,"enemies":"2 Louse","floor":3,"turns":2},{"damage":15,"enemies":"3 Sentries","floor":6,"turns":6},{"damage":0,"enemies":"Red Slaver","floor":7,"turns":2},{"damage":0,"enemies":"Looter","floor":11,"turns":3},{"damage":0,"enemies":"3 Louse","floor":12,"turns":2},{"damage":13,"enemies":"Lagavulin","floor":13,"turns":7},{"damage":0,"enemies":"Lots of Slimes","floor":14,"turns":1},{"damage":13,"enemies":"The Guardian","floor":16,"turns":10},{"damage":12,"enemies":"2 Thieves","floor":18,"turns":4},{"damage":2,"enemies":"Shell Parasite","floor":21,"turns":5},{"damage":37,"enemies":"Book of Stabbing","floor":24,"turns":6},{"damage":3,"enemies":"Gremlin Leader","floor":27,"turns":8},{"damage":7,"enemies":"Centurion and Healer","floor":31,"turns":6},{"damage":60,"enemies":"Collector","floor":33,"turns":8}],"seed_played":"7480116345043289493","potions_obtained":[{"floor":1,"key":"LiquidBronze"},{"floor":6,"key":"Poison Potion"},{"floor":10,"key":"LiquidBronze"},{"floor":11,"key":"SpeedPotion"},{"floor":13,"key":"PowerPotion"},{"floor":16,"key":"Regen Potion"},{"floor":24,"key":"Fire Potion"},{"floor":27,"key":"GamblersBrew"}],"is_trial":false,"path_per_floor":["M","M","M","?","$","E","M","?","T","?","M","M","E","M","R","B",null,"M","?","?","M","?","R","E","R","T","E","R","$","R","M","R","B"],"character_chosen":"THE_SILENT","items_purchased":["Toolbox"],"campfire_rested":2,"item_purchase_floors":[29],"current_hp_per_floor":[70,70,68,61,61,46,46,46,46,46,46,46,33,33,69,56,70,58,58,58,56,50,50,28,64,64,61,61,61,61,54,54,0],"gold":70,"neow_bonus":"BOSS_RELIC","is_prod":false,"is_daily":false,"chose_seed":false,"campfire_upgraded":4,"win_rate":0,"timestamp":1547916570,"path_taken":["M","M","?","?","$","E","M","?","T","?","M","M","E","?","R","BOSS","M","?","?","M","?","R","E","R","T","E","R","$","R","M","R","BOSS"],"build_version":"2019-01-17v2","purchased_purges":2,"victory":false,"max_hp_per_floor":[70,70,70,70,70,70,70,70,70,70,70,70,70,70,70,70,70,70,70,70,70,70,70,70,70,70,70,70,70,70,70,70,70],"card_choices":[{"not_picked":["Footwork","Dagger Throw"],"picked":"Bane","floor":1},{"not_picked":["Underhanded Strike","Caltrops"],"picked":"Backstab","floor":2},{"not_picked":["Crippling Poison","Flechettes"],"picked":"Sucker Punch","floor":3},{"not_picked":["Dagger Spray","Riddle With Holes","Bullet Time"],"picked":"SKIP","floor":6},{"not_picked":["Choke","Acrobatics"],"picked":"Noxious Fumes","floor":7},{"not_picked":["Bane","Dash","Flechettes"],"picked":"SKIP","floor":11},{"not_picked":["Prepared","Poisoned Stab","Noxious Fumes"],"picked":"SKIP","floor":12},{"not_picked":["Bouncing Flask","Tactician","Finisher"],"picked":"SKIP","floor":13},{"not_picked":["Bouncing Flask","Sucker Punch","Endless Agony"],"picked":"SKIP","floor":14},{"not_picked":["Envenom","Wraith Form v2"],"picked":"Burst","floor":16},{"not_picked":["Infinite Blades","Dash","Distraction+1"],"picked":"SKIP","floor":18},{"not_picked":["Heel Hook","Deflect"],"picked":"Bane","floor":21},{"not_picked":["Underhanded Strike","Masterful Stab","Distraction"],"picked":"SKIP","floor":24},{"not_picked":["Escape Plan+1","Quick Slash","Masterful Stab"],"picked":"SKIP","floor":27},{"not_picked":["Sucker Punch+1","Predator+1"],"picked":"Bane+1","floor":31}],"player_experience":22861,"relics_obtained":[{"floor":6,"key":"Anchor"},{"floor":9,"key":"Regal Pillow"},{"floor":13,"key":"Sundial"},{"floor":24,"key":"Toxic Egg 2"},{"floor":26,"key":"Boot"},{"floor":27,"key":"Molten Egg 2"}],"event_choices":[{"damage_healed":0,"gold_gain":0,"player_choice":"Success","damage_taken":7,"relics_obtained":["Dream Catcher"],"max_hp_gain":0,"max_hp_loss":0,"event_name":"Scrap Ooze","floor":4,"gold_loss":0},{"damage_healed":0,"gold_gain":0,"player_choice":"Grow","damage_taken":0,"max_hp_gain":0,"max_hp_loss":0,"event_name":"Living Wall","floor":8,"gold_loss":0,"cards_upgraded":["Noxious Fumes"]},{"damage_healed":0,"gold_gain":0,"player_choice":"Got Potions","damage_taken":0,"max_hp_gain":0,"max_hp_loss":0,"event_name":"Lab","floor":10,"gold_loss":0},{"damage_healed":0,"gold_gain":0,"player_choice":"Opened","damage_taken":0,"relics_obtained":["Ninja Scroll"],"max_hp_gain":0,"max_hp_loss":0,"event_name":"The Mausoleum","floor":19,"gold_loss":0,"cards_obtained":["Writhe"]},{"cards_removed":["Writhe"],"damage_healed":0,"gold_gain":0,"player_choice":"Gave Gold","damage_taken":0,"max_hp_gain":0,"max_hp_loss":0,"event_name":"Beggar","floor":20,"gold_loss":75},{"damage_healed":0,"gold_gain":0,"player_choice":"Joined the Cult","damage_taken":6,"max_hp_gain":0,"max_hp_loss":0,"event_name":"Nest","floor":22,"gold_loss":0,"cards_obtained":["RitualDagger"]}],"is_beta":false,"boss_relics":[{"not_picked":["White Beast Statue","Sozu"],"picked":"Empty Cage"}],"items_purged_floors":[5,29],"is_endless":false,"potions_floor_spawned":[1,6,11,13,16,24,27],"killed_by":"Collector","ascension_level":1}