{"gold_per_floor":[114,128,145,145,145,176,176,209,209,240,256,271,271,271,271,374,374,358,358,369,3,20,50,50,78,108,108,142,142,154,169,169,270,270,289,359,28,54,68,68,102,102,127,158,158,158,158,173,173,173],"floor_reached":51,"playtime":5121,"items_purged":["Strike_G","Defend_G"],"score":899,"play_id":"250d2824-57d3-4746-ad0b-5871d9e0d409","local_time":"20190119215523","is_ascension_mode":true,"campfire_choices":[{"floor":7,"key":"REST"},{"data":"Survivor","floor":13,"key":"SMITH"},{"floor":15,"key":"REST"},{"floor":24,"key":"REST"},{"floor":27,"key":"REST"},{"data":"Bouncing Flask","floor":29,"key":"SMITH"},{"floor":32,"key":"REST"},{"data":"Deadly Poison","floor":40,"key":"SMITH"},{"data":"Neutralize","floor":42,"key":"SMITH"},{"data":"Defend_G","floor":46,"key":"SMITH"},{"floor":49,"key":"REST"}],"neow_cost":"NONE","seed_source_timestamp":34206974825886,"circlet_count":0,"master_deck":["Defend_G","Defend_G","Defend_G","Defend_G+1","Strike_G","Strike_G","Strike_G","Survivor+1","Neutralize+1","Bane+1","Bane+1","Prepared+1","Deadly Poison+1","Burst+1","Bouncing Flask+1","Quick Slash+1","Noxious Fumes+1","Leg Sweep+1","Catalyst+1","Blur+1"],"relics":["Ring of the Serpent","Nunchaku","Matryoshka","The Courier","Ninja Scroll","Pocketwatch","Whetstone","Calling Bell","War Paint","Incense Burner","Question Card","Ancient Tea Set","Bag of Marbles","Mercury Hourglass","Shuriken","Potion Belt","Tiny Chest","FossilizedHelix","Sundial","Paper Crane","Omamori","Strawberry","Oddly Smooth Stone","Blood Vial"],"potions_floor_usage":[6,8,16,16,22,23,25,35,41,44,44,50,50],"damage_taken":[{"damage":0,"enemies":"Cultist","floor":1,"turns":5},{"damage":0,"enemies":"2 Louse","floor":2,"turns":4},{"damage":0,"enemies":"Small Slimes","floor":3,"turns":4},{"damage":48,"enemies":"Lagavulin","floor":6,"turns":13},{"damage":16,"enemies":"Gremlin Nob","floor":8,"turns":4},{"damage":6,"enemies":"3 Sentries","floor":10,"turns":10},{"damage":0,"enemies":"3 Louse","floor":11,"turns":3},{"damage":0,"enemies":"Exordium Wildlife","floor":12,"turns":2},{"damage":0,"enemies":"The Guardian","floor":16,"turns":12},{"damage":18,"enemies":"2 Thieves","floor":18,"turns":4},{"damage":2,"enemies":"3 Byrds","floor":20,"turns":7},{"damage":28,"enemies":"Cultist and Chosen","floor":22,"turns":7},{"damage":17,"enemies":"Book of Stabbing","floor":23,"turns":4},{"damage":2,"enemies":"Slavers","floor":25,"turns":4},{"damage":11,"enemies":"Book of Stabbing","floor":28,"turns":4},{"damage":0,"enemies":"Sentry and Sphere","floor":30,"turns":3},{"damage":0,"enemies":"Snake Plant","floor":31,"turns":3},{"damage":0,"enemies":"Champ","floor":33,"turns":7},{"damage":27,"enemies":"3 Darklings","floor":35,"turns":5},{"damage":0,"enemies":"Orb Walker","floor":39,"turns":2},{"damage":24,"enemies":"Giant Head","floor":41,"turns":8},{"damage":15,"enemies":"Reptomancer","floor":44,"turns":5},{"damage":0,"enemies":"Sphere and 2 Shapes","floor":48,"turns":5},{"damage":8,"enemies":"Donu and Deca","floor":50,"turns":10}],"seed_played":"-3581369764468216511","potions_obtained":[{"floor":1,"key":"Ancient Potion"},{"floor":6,"key":"Swift Potion"},{"floor":11,"key":"EssenceOfSteel"},{"floor":12,"key":"Fire Potion"},{"floor":18,"key":"Energy Potion"},{"floor":23,"key":"Fire Potion"},{"floor":30,"key":"Block Potion"},{"floor":31,"key":"SmokeBomb"},{"floor":33,"key":"Ancient Potion"},{"floor":39,"key":"Regen Potion"},{"floor":41,"key":"SkillPotion"},{"floor":48,"key":"AttackPotion"}],"is_trial":false,"path_per_floor":["M","M","M","?","?","E","R","E","T","E","M","M","R","?","R","B",null,"M","?","M","$","M","E","R","E","T","R","E","R","M","M","R","B",null,"M","T","$","T","M","R","E","R","T","E","?","R","?","M","R","B",null],"character_chosen":"THE_SILENT","items_purchased":["Ancient Tea Set","Bag of Marbles","EssenceOfSteel","Paper Crane","Regen Potion"],"campfire_rested":6,"item_purchase_floors":[21,21,21,37,37],"current_hp_per_floor":[70,70,70,70,63,15,36,20,20,14,14,14,14,14,35,35,70,52,52,50,50,22,5,26,24,24,45,34,34,34,34,55,55,70,43,43,43,43,43,43,41,41,41,41,41,41,41,43,64,58],"gold":173,"neow_bonus":"REMOVE_CARD","is_prod":false,"is_daily":false,"chose_seed":false,"campfire_upgraded":5,"win_rate":0,"timestamp":1547931323,"path_taken":["M","M","?","?","?","E","R","E","T","E","M","M","R","?","R","BOSS","M","?","M","$","M","E","R","E","T","R","E","R","M","M","R","BOSS","M","?","$","?","M","R","E","R","T","E","?","R","?","M","R","BOSS"],"build_version":"2019-01-17v2","purchased_purges":2,"victory":true,"max_hp_per_floor":[70,70,70,70,70,70,70,70,70,70,70,70,70,70,70,70,70,70,70,70,70,70,70,70,70,70,70,70,70,70,70,70,70,70,70,70,70,70,70,70,77,77,77,77,77,77,73,73,73,73],"card_choices":[{"not_picked":["Dash","Dagger Spray","Sucker Punch"],"picked":"SKIP","floor":1},{"not_picked":["Choke","Underhanded Strike"],"picked":"Bane","floor":2},{"not_picked":["PiercingWail","Riddle With Holes"],"picked":"Bane","floor":3},{"not_picked":["Deflect","Finisher","PiercingWail"],"picked":"SKIP","floor":6},{"not_picked":["Cloak And Dagger","Sucker Punch"],"picked":"Prepared","floor":8},{"not_picked":["Bullet Time","Endless Agony"],"picked":"Deadly Poison","floor":10},{"not_picked":["Blade Dance","Skewer","Reflex"],"picked":"SKIP","floor":11},{"not_picked":["Prepared","Predator","Dodge and Roll"],"picked":"SKIP","floor":12},{"not_picked":["Malaise","Night Terror"],"picked":"Burst","floor":16},{"not_picked":["Crippling Poison","Cloak And Dagger","Deflect","Eviscerate"],"picked":"SKIP","floor":18},{"not_picked":["Poisoned Stab","Accuracy","Cloak And Dagger"],"picked":"Bouncing Flask","floor":20},{"not_picked":["Predator","PiercingWail","Corpse Explosion"],"picked":"Quick Slash+1","floor":22},{"not_picked":["Acrobatics+1","Underhanded Strike+1","Poisoned Stab","Tactician+1"],"picked":"SKIP","floor":23},{"not_picked":["Footwork","Burst","Dagger Spray"],"picked":"Noxious Fumes+1","floor":25},{"not_picked":["Prepared+1","Crippling Poison+1","Malaise"],"picked":"Leg Sweep+1","floor":28},{"not_picked":["Dodge and Roll","Dagger Spray","Predator"],"picked":"Catalyst+1","floor":30},{"not_picked":["Backflip","Poisoned Stab+1","Dagger Throw","Sucker Punch"],"picked":"SKIP","floor":31},{"not_picked":["Cloak And Dagger+1","Backflip+1","Dagger Spray+1","Underhanded Strike"],"picked":"SKIP","floor":35},{"not_picked":["Die Die Die","Acrobatics+1","Quick Slash","Deflect+1"],"picked":"SKIP","floor":39},{"not_picked":["Caltrops","Dodge and Roll+1","Flechettes","Deflect"],"picked":"SKIP","floor":41},{"not_picked":["Dagger Spray+1","Crippling Poison","Reflex+1","Leg Sweep+1"],"picked":"SKIP","floor":44},{"not_picked":["Underhanded Strike+1","Flying Knee","Leg Sweep+1"],"picked":"Blur+1","floor":48}],"player_experience":35227,"relics_obtained":[{"floor":6,"key":"Matryoshka"},{"floor":8,"key":"The Courier"},{"floor":9,"key":"Ninja Scroll"},{"floor":9,"key":"Pocketwatch"},{"floor":10,"key":"Whetstone"},{"floor":17,"key":"War Paint"},{"floor":17,"key":"Incense Burner"},{"floor":17,"key":"Question Card"},{"floor":23,"key":"Mercury Hourglass"},{"floor":25,"key":"Shuriken"},{"floor":26,"key":"Potion Belt"},{"floor":26,"key":"Tiny Chest"},{"floor":28,"key":"FossilizedHelix"},{"floor":36,"key":"Sundial"},{"floor":38,"key":"Omamori"},{"floor":41,"key":"Strawberry"},{"floor":43,"key":"Oddly Smooth Stone"},{"floor":44,"key":"Blood Vial"}],"event_choices":[{"damage_healed":0,"gold_gain":0,"player_choice":"Ignored","damage_taken":0,"max_hp_gain":0,"max_hp_loss":0,"event_name":"Liars Game","floor":4,"gold_loss":0},{"damage_healed":0,"gold_gain":0,"player_choice":"Success","damage_taken":7,"relics_obtained":["Nunchaku"],"max_hp_gain":0,"max_hp_loss":0,"event_name":"Scrap Ooze","floor":5,"gold_loss":0},{"damage_healed":0,"gold_gain":0,"player_choice":"Ignored","damage_taken":0,"max_hp_gain":0,"max_hp_loss":0,"event_name":"Golden Idol","floor":14,"gold_loss":0},{"cards_removed":["Pain","Writhe","Decay"],"damage_healed":0,"gold_gain":0,"player_choice":"Removed Curses","damage_taken":0,"max_hp_gain":0,"max_hp_loss":0,"event_name":"Fountain of Cleansing","floor":19,"gold_loss":0},{"damage_healed":0,"gold_gain":0,"player_choice":"Memory 1","damage_taken":0,"max_hp_gain":0,"max_hp_loss":0,"event_name":"SensoryStone","floor":45,"gold_loss":0},{"damage_healed":0,"gold_gain":0,"player_choice":"Max HP","damage_taken":0,"max_hp_gain":0,"max_hp_loss":4,"event_name":"Winding Halls","floor":47,"gold_loss":0}],"is_beta":false,"boss_relics":[{"not_picked":["Sozu","Fusion Hammer"],"picked":"Calling Bell"},{"not_picked":["Runic Dome","Black Star"],"picked":"Ring of the Serpent"}],"items_purged_floors":[21,37],"is_endless":false,"potions_floor_spawned":[1,6,11,12,18,23,30,31,33,39,41,48],"ascension_level":1}