{"gold_per_floor":[115,115,132,151,171,171,181,181,235,260,260,260,275,285,285,285],"floor_reached":16,"playtime":1059,"items_purged":[],"score":166,"play_id":"c536548e-6ec4-4011-8b4a-3e6d97350f46","local_time":"20181023201328","is_ascension_mode":true,"campfire_choices":[{"data":"Defragment","floor":6,"key":"SMITH"},{"data":"Chaos","floor":12,"key":"SMITH"},{"data":"Conserve Battery","floor":15,"key":"SMITH"}],"neow_cost":"NONE","seed_source_timestamp":5800657296781,"circlet_count":0,"master_deck":["Strike_B","Strike_B","Strike_B","Strike_B","Defend_B","Defend_B","Defend_B","Defend_B","Zap","Dualcast","AscendersBane","Amplify","Self Repair","Defragment+1","Chaos+1","Undo","Conserve Battery+1"],"relics":["Cracked Core","Tiny Chest","Orichalcum","Sundial"],"potions_floor_usage":[4,10,14,16],"damage_taken":[{"damage":0,"enemies":"Small Slimes","floor":1,"turns":3},{"damage":6,"enemies":"Cultist","floor":3,"turns":4},{"damage":3,"enemies":"2 Louse","floor":4,"turns":2},{"damage":9,"enemies":"Blue Slaver","floor":5,"turns":5},{"damage":17,"enemies":"Exordium Thugs","floor":7,"turns":5},{"damage":40,"enemies":"3 Sentries","floor":10,"turns":7},{"damage":6,"enemies":"2 Fungi Beasts","floor":13,"turns":3},{"damage":7,"enemies":"Blue Slaver","floor":14,"turns":4},{"damage":26,"enemies":"Hexaghost","floor":16,"turns":12}],"seed_played":"-8596605498522968486","potions_obtained":[{"floor":2,"key":"Explosive Potion"},{"floor":2,"key":"Ancient Potion"},{"floor":3,"key":"FearPotion"},{"floor":5,"key":"Explosive Potion"},{"floor":13,"key":"Weak Potion"}],"is_trial":false,"path_per_floor":["M","?","M","M","M","R","M","?","T","E","T","R","M","M","R"],"character_chosen":"DEFECT","items_purchased":[],"campfire_rested":0,"item_purchase_floors":[],"current_hp_per_floor":[68,68,69,75,75,75,65,70,70,30,30,30,24,24,24,0],"gold":285,"neow_bonus":"ONE_RANDOM_RARE_CARD","is_prod":false,"is_daily":false,"chose_seed":false,"campfire_upgraded":3,"win_rate":0,"timestamp":1540318408,"path_taken":["M","?","M","M","M","R","M","?","T","E","?","R","?","M","R","BOSS"],"build_version":"2018-10-18","purchased_purges":0,"victory":false,"max_hp_per_floor":[75,75,75,75,75,75,75,80,80,80,80,80,80,80,80,80],"card_choices":[{"not_picked":["Coolheaded","Tempest"],"picked":"Self Repair","floor":1},{"not_picked":["Ball Lightning","Compile Driver","Gash"],"picked":"SKIP","floor":3},{"not_picked":["Doom and Gloom","Gash","All For One"],"picked":"SKIP","floor":4},{"not_picked":["Leap","Redo"],"picked":"Defragment","floor":5},{"not_picked":["Gash","Lockon","Barrage"],"picked":"SKIP","floor":7},{"not_picked":["Gash","Lockon","Barrage"],"picked":"SKIP","floor":7},{"not_picked":["Sweeping Beam","Turbo"],"picked":"Chaos","floor":10},{"not_picked":["Stack","Conserve Battery"],"picked":"Undo","floor":13},{"not_picked":["Steam","Ball Lightning"],"picked":"Conserve Battery","floor":14}],"player_experience":489351,"relics_obtained":[{"floor":9,"key":"Tiny Chest"},{"floor":10,"key":"Orichalcum"},{"floor":11,"key":"Sundial"}],"event_choices":[{"damage_healed":0,"gold_gain":0,"player_choice":"Got Potions","damage_taken":0,"max_hp_gain":0,"max_hp_loss":0,"event_name":"The Lab","floor":2,"gold_loss":0},{"damage_healed":0,"gold_gain":0,"player_choice":"Donut","damage_taken":0,"max_hp_gain":5,"max_hp_loss":0,"event_name":"Big Fish","floor":8,"gold_loss":0}],"is_beta":false,"boss_relics":[],"items_purged_floors":[],"is_endless":false,"potions_floor_spawned":[3,5,7,13],"killed_by":"Hexaghost","ascension_level":12}