{"gold_per_floor":[119,119,119,269,283,283,294,294,294,321,321,321,337,363,363,363],"floor_reached":16,"playtime":516,"items_purged":[],"score":172,"play_id":"8e8f5e78-1c2f-4140-94fe-68e8cd480e1e","local_time":"20190223171449","is_ascension_mode":true,"campfire_choices":[{"floor":6,"key":"REST"},{"floor":8,"key":"REST"},{"floor":12,"key":"REST"},{"data":"Sucker Punch","floor":15,"key":"SMITH"}],"neow_cost":"NONE","seed_source_timestamp":751916106989466,"circlet_count":0,"master_deck":["AscendersBane","Defend_G+1","Defend_G","Defend_G+1","Defend_G","Defend_G","Strike_G","Strike_G","Strike_G","Strike_G","Survivor","Neutralize","Dagger Spray","Doubt","Dagger Throw","Sucker Punch","Dagger Throw","Distraction","Sucker Punch+1"],"relics":["Ring of the Snake","Dodecahedron","Juzu Bracelet","War Paint"],"potions_floor_usage":[5,10],"damage_taken":[{"damage":9,"enemies":"Jaw Worm","floor":1,"turns":7},{"damage":2,"enemies":"2 Louse","floor":5,"turns":2},{"damage":8,"enemies":"Small Slimes","floor":7,"turns":5},{"damage":47,"enemies":"3 Sentries","floor":10,"turns":9},{"damage":10,"enemies":"Blue Slaver","floor":13,"turns":5},{"damage":35,"enemies":"Hexaghost","floor":16,"turns":12}],"seed_played":"6861607600926549355","potions_obtained":[{"floor":5,"key":"Fruit Juice"},{"floor":7,"key":"Regen Potion"}],"is_trial":false,"path_per_floor":["M","?","$","?","M","R","M","R","T","E","?","R","M","T","R","B"],"character_chosen":"THE_SILENT","items_purchased":[],"campfire_rested":3,"item_purchase_floors":[],"current_hp_per_floor":[56,11,11,11,14,37,29,52,52,20,20,43,33,33,33,0],"gold":363,"neow_bonus":"TEN_PERCENT_HP_BONUS","is_prod":false,"is_daily":false,"chose_seed":false,"campfire_upgraded":1,"win_rate":0,"timestamp":1550963689,"path_taken":["M","?","$","?","M","R","M","R","T","E","?","R","M","?","R","BOSS"],"build_version":"2019-01-23","purchased_purges":0,"victory":false,"max_hp_per_floor":[72,72,72,72,77,77,77,77,77,77,77,77,77,77,77,77],"card_choices":[{"not_picked":["Poisoned Stab","Dagger Throw"],"picked":"Dagger Spray","floor":1},{"not_picked":["Deadly Poison","Blade Dance"],"picked":"Dagger Throw","floor":5},{"not_picked":["Outmaneuver","Cloak And Dagger"],"picked":"Sucker Punch","floor":7},{"not_picked":["Flying Knee","Skewer"],"picked":"Dagger Throw","floor":10},{"not_picked":["Phantasmal Killer","Expertise"],"picked":"Sucker Punch","floor":13}],"player_experience":594285,"relics_obtained":[{"floor":9,"key":"Dodecahedron"},{"floor":10,"key":"Juzu Bracelet"},{"floor":14,"key":"War Paint"}],"event_choices":[{"damage_healed":0,"gold_gain":0,"player_choice":"Fled","damage_taken":45,"max_hp_gain":0,"max_hp_loss":0,"event_name":"Scrap Ooze","floor":2,"gold_loss":0},{"damage_healed":0,"gold_gain":150,"player_choice":"AGREE","damage_taken":0,"max_hp_gain":0,"max_hp_loss":0,"event_name":"Liars Game","floor":4,"gold_loss":0,"cards_obtained":["Doubt"]},{"damage_healed":0,"gold_gain":0,"cards_transformed":["Strike_G"],"player_choice":"Change","damage_taken":0,"max_hp_gain":0,"max_hp_loss":0,"event_name":"Living Wall","floor":11,"gold_loss":0,"cards_obtained":["Distraction"]}],"is_beta":false,"boss_relics":[],"items_purged_floors":[],"is_endless":false,"potions_floor_spawned":[5,7],"killed_by":"Hexaghost","ascension_level":15}