{"gold_per_floor":[109,109,126,144,156,156,191,191,191,226,401,23,23,37,37,132,132,148,161,161,76,86,86,113,113,167,184,259,288,308,308,308,410,410,430,485,501,501,501,501,532,532,593,636,663,31,50,150,150,150],"floor_reached":51,"playtime":3567,"items_purged":["Doubt","Decay"],"score":969,"play_id":"a6619a35-addc-4dad-bbad-a1b9365f0bdd","local_time":"20180725005853","is_ascension_mode":true,"campfire_choices":[{"data":"Bash","floor":6,"key":"SMITH"},{"data":"Flame Barrier","floor":8,"key":"SMITH"},{"data":"Feed","floor":13,"key":"SMITH"},{"data":"Shrug It Off","floor":15,"key":"SMITH"},{"data":"Double Tap","floor":23,"key":"SMITH"},{"data":"Double Tap","floor":25,"key":"SMITH"},{"data":"Shockwave","floor":32,"key":"SMITH"},{"floor":40,"key":"DIG"},{"floor":42,"key":"DIG"},{"floor":49,"key":"REST"}],"neow_cost":"NONE","seed_source_timestamp":0,"circlet_count":0,"master_deck":["Strike_R","Strike_R","Strike_R","Defend_R","Defend_R","Defend_R","Defend_R","Bash+1","Dropkick","Flame Barrier+1","Double Tap+1","Heavy Blade","Shockwave+1","Shrug It Off+1","Feed+1","Double Tap+1","Reaper","Perfected Strike+1","Carnage+1","Perfected Strike+1","Perfected Strike+1","Feed+1","Carnage+1","Perfected Strike+1"],"special_seed":0,"relics":["Burning Blood","Pen Nib","Matryoshka","Potion Belt","Ancient Tea Set","Anchor","Snecko Eye","Boot","Molten Egg 2","Lantern","Centennial Puzzle","Letter Opener","Calipers","Nilry\u0027s Codex","Empty Cage","Shovel","Singing Bowl","Whetstone","MawBank","Juzu Bracelet","Sundial","Bag of Marbles","Frozen Eye"],"potions_floor_usage":[7,16,18,36,44,44,50,50,50],"damage_taken":[{"damage":10,"enemies":"Small Slimes","floor":1,"turns":4},{"damage":1,"enemies":"2 Louse","floor":3,"turns":3},{"damage":2,"enemies":"Jaw Worm","floor":4,"turns":5},{"damage":1,"enemies":"Exordium Thugs","floor":5,"turns":4},{"damage":16,"enemies":"Gremlin Nob","floor":7,"turns":3},{"damage":20,"enemies":"Lagavulin","floor":10,"turns":6},{"damage":6,"enemies":"3 Louse","floor":14,"turns":4},{"damage":48,"enemies":"The Guardian","floor":16,"turns":9},{"damage":0,"enemies":"2 Thieves","floor":18,"turns":2},{"damage":0,"enemies":"Shell Parasite","floor":19,"turns":3},{"damage":8,"enemies":"3 Cultists","floor":22,"turns":4},{"damage":27,"enemies":"Gremlin Leader","floor":24,"turns":4},{"damage":0,"enemies":"Snake Plant","floor":27,"turns":1},{"damage":14,"enemies":"Book of Stabbing","floor":29,"turns":3},{"damage":0,"enemies":"Snecko","floor":30,"turns":3},{"damage":39,"enemies":"Collector","floor":33,"turns":5},{"damage":0,"enemies":"Orb Walker","floor":35,"turns":3},{"damage":50,"floor":36,"turns":4},{"damage":0,"enemies":"Flame Bruiser 1 Orb","floor":37,"turns":2},{"damage":7,"enemies":"2 Orb Walkers","floor":41,"turns":4},{"damage":9,"enemies":"Giant Head","floor":44,"turns":5},{"damage":29,"enemies":"Maw","floor":45,"turns":8},{"damage":0,"enemies":"Sphere and 2 Shapes","floor":47,"turns":2},{"damage":44,"enemies":"Time Eater","floor":50,"turns":6}],"seed_played":"1214778268650747618","potions_obtained":[{"floor":1,"key":"Strength Potion"},{"floor":3,"key":"AttackPotion"},{"floor":5,"key":"BloodPotion"},{"floor":14,"key":"GamblersBrew"},{"floor":24,"key":"Ancient Potion"},{"floor":29,"key":"Explosive Potion"},{"floor":30,"key":"SkillPotion"},{"floor":41,"key":"Ancient Potion"},{"floor":44,"key":"Poison Potion"}],"is_trial":false,"path_per_floor":["M","?","M","M","M","R","E","R","T","E","?","$","R","M","R","B",null,"M","M","?","?","M","R","E","R","T","M","T","E","M","?","R","B",null,"M","?","M","?","?","R","E","R","T","E","M","$","M","?","R","B"],"character_chosen":"IRONCLAD","items_purchased":["Feed","Double Tap","Perfected Strike+1","Bag of Marbles","Frozen Eye","BloodPotion","GamblersBrew"],"campfire_rested":1,"item_purchase_floors":[12,12,46,46,46,46,46],"current_hp_per_floor":[76,58,63,67,72,72,62,62,62,48,48,48,48,52,52,10,84,88,92,92,92,94,94,73,73,73,79,79,71,87,71,71,60,104,108,64,74,74,74,74,85,85,85,89,71,71,83,83,121,83],"gold":150,"neow_bonus":"THREE_CARDS","is_prod":false,"is_daily":false,"chose_seed":false,"campfire_upgraded":7,"win_rate":0,"timestamp":1532473133,"path_taken":["M","?","M","?","M","R","E","R","T","E","?","$","R","?","R","BOSS","M","M","?","?","M","R","E","R","T","M","?","E","M","?","R","BOSS","M","?","M","?","?","R","E","R","T","E","M","$","M","?","R","BOSS"],"build_version":"2018-07-19v2","purchased_purges":2,"victory":true,"max_hp_per_floor":[80,80,80,80,80,80,80,80,80,80,80,80,80,84,84,84,84,88,92,92,92,96,96,96,96,96,96,96,96,100,100,100,104,104,108,108,112,112,112,112,118,118,118,120,122,122,128,128,128,128],"card_choices":[{"not_picked":["True Grit","Heavy Blade"],"picked":"Rampage","floor":0.0},{"not_picked":["Sever Soul","Clash"],"picked":"Dropkick","floor":1},{"not_picked":["Iron Wave","Cleave"],"picked":"Flame Barrier","floor":3},{"not_picked":["Headbutt","Anger"],"picked":"Double Tap","floor":4},{"not_picked":["Disarm","Intimidate"],"picked":"Heavy Blade","floor":5},{"not_picked":["Headbutt","Shrug It Off"],"picked":"Shockwave","floor":7},{"not_picked":["Entrench","Anger"],"picked":"Shrug It Off","floor":10},{"not_picked":["Shockwave","Wild Strike","Sword Boomerang"],"picked":"SKIP","floor":14},{"not_picked":["Demon Form","Double Tap"],"picked":"Reaper","floor":16},{"not_picked":["Iron Wave","Sever Soul"],"picked":"Perfected Strike","floor":18},{"not_picked":["Feel No Pain","Flex","Clash"],"picked":"SKIP","floor":19},{"not_picked":["Evolve","Dropkick"],"picked":"Perfected Strike+1","floor":22},{"not_picked":["Armaments","Warcry","Dual Wield"],"picked":"SKIP","floor":24},{"not_picked":["Rampage+1","Brutality","Iron Wave+1"],"picked":"SKIP","floor":27},{"not_picked":["Headbutt+1","Iron Wave+1"],"picked":"Perfected Strike+1","floor":29},{"not_picked":["Warcry","Clothesline+1","Iron Wave+1"],"picked":"SKIP","floor":30},{"not_picked":["Juggernaut","Barricade"],"picked":"Feed+1","floor":33},{"not_picked":["Flex","Havoc+1","True Grit+1"],"picked":"SKIP","floor":35},{"not_picked":["Shrug It Off","Iron Wave+1"],"picked":"Carnage+1","floor":36},{"not_picked":["Warcry","Sword Boomerang+1","Havoc+1"],"picked":"SKIP","floor":37},{"not_picked":["Clothesline+1","Wild Strike+1","Twin Strike+1"],"picked":"Singing Bowl","floor":41},{"not_picked":["Warcry+1","Sword Boomerang+1","Twin Strike+1"],"picked":"Singing Bowl","floor":44},{"not_picked":["Wild Strike+1","Metallicize","Headbutt+1"],"picked":"Singing Bowl","floor":45},{"not_picked":["Sever Soul+1","Disarm+1","Clothesline+1"],"picked":"Singing Bowl","floor":47}],"player_experience":195097,"relics_obtained":[{"floor":7,"key":"Matryoshka"},{"floor":9,"key":"Potion Belt"},{"floor":9,"key":"Ancient Tea Set"},{"floor":10,"key":"Anchor"},{"floor":24,"key":"Molten Egg 2"},{"floor":26,"key":"Lantern"},{"floor":26,"key":"Centennial Puzzle"},{"floor":28,"key":"Letter Opener"},{"floor":29,"key":"Calipers"},{"floor":31,"key":"Nilry\u0027s Codex"},{"floor":36,"key":"Shovel"},{"floor":40,"key":"Singing Bowl"},{"floor":41,"key":"Whetstone"},{"floor":42,"key":"MawBank"},{"floor":43,"key":"Juzu Bracelet"},{"floor":44,"key":"Sundial"}],"event_choices":[{"event_name":"Scrap Ooze","player_choice":"success","floor":2,"damage_taken":18},{"event_name":"Liars Game","player_choice":"agreed","floor":11,"damage_taken":0},{"event_name":"The Library","player_choice":"Read","floor":20,"damage_taken":0},{"event_name":"Addict","player_choice":"Obtained Relic","floor":21,"damage_taken":0},{"event_name":"Cursed Tome","player_choice":"Obtained Book","floor":31,"damage_taken":0},{"event_name":"Mysterious Sphere","player_choice":"Fight","floor":36,"damage_taken":0},{"event_name":"Tomb of Lord Red Mask","player_choice":"Ignored","floor":38,"damage_taken":0},{"event_name":"Wheel of Change","player_choice":"Curse","floor":39,"damage_taken":0},{"event_name":"Golden Shrine","player_choice":"Pray","floor":48,"damage_taken":0}],"is_beta":false,"boss_relics":[{"not_picked":["Fusion Hammer","Mark of Pain"],"picked":"Snecko Eye"},{"not_picked":["Runic Dome","Eternal Feather"],"picked":"Empty Cage"}],"items_purged_floors":[12,46],"is_endless":false,"potions_floor_spawned":[1,3,5,14,24,29,30,41,44],"ascension_level":4}