{"gold_per_floor":[109,120,120,120,130,130,159,159,159,159,174,208,233,112,112,208,208,227,242,75,90,108,108,108,108,132,132,132,132,151,167,167,270,270,287,305,10,24,38,38,64,64,89,89,122,134,134,150,150,150],"floor_reached":51,"playtime":4865,"items_purged":["Strike_G","Strike_G"],"score":959,"play_id":"fc74cd5d-a51b-438d-b159-92eebf4a71bf","local_time":"20190209213700","is_ascension_mode":true,"campfire_choices":[{"data":"Neutralize","floor":6,"key":"SMITH"},{"floor":8,"key":"REST"},{"floor":15,"key":"REST"},{"floor":23,"key":"REST"},{"data":"Flechettes","floor":25,"key":"SMITH"},{"data":"Wraith Form v2","floor":29,"key":"SMITH"},{"data":"Footwork","floor":32,"key":"SMITH"},{"data":"Bouncing Flask","floor":40,"key":"SMITH"},{"data":"Catalyst","floor":42,"key":"SMITH"},{"floor":47,"key":"REST"},{"data":"Backflip","floor":49,"key":"SMITH"}],"neow_cost":"NONE","seed_source_timestamp":25893786621000,"circlet_count":0,"master_deck":["Defend_G+1","Defend_G","Defend_G","Defend_G","Strike_G+1","Survivor","Neutralize+1","Dagger Spray","Acrobatics","Flechettes+1","Deflect","PiercingWail","Well Laid Plans","Dash","PiercingWail","Wraith Form v2+1","Backflip+1","Footwork+1","Bouncing Flask+1","Infinite Blades","Die Die Die","Glass Knife","Backflip+1","Endless Agony+1","Unload","Leg Sweep+1","Endless Agony","Catalyst+1","Heel Hook+1","Cloak And Dagger+1","Accuracy","Madness","Madness","Backflip","Blur+1","Terror+1"],"relics":["Ring of the Snake","Ancient Tea Set","The Courier","Dream Catcher","Oddly Smooth Stone","Eternal Feather","Centennial Puzzle","Blue Candle","Sozu","The Specimen","Happy Flower","Pen Nib","Lantern"],"potions_floor_usage":[12,16,19,30,33,50,50],"damage_taken":[{"damage":12,"enemies":"Small Slimes","floor":1,"turns":6},{"damage":5,"enemies":"2 Louse","floor":2,"turns":2},{"damage":0,"enemies":"Jaw Worm","floor":5,"turns":7},{"damage":25,"enemies":"3 Sentries","floor":7,"turns":9},{"damage":0,"enemies":"2 Fungi Beasts","floor":11,"turns":3},{"damage":25,"enemies":"Gremlin Nob","floor":12,"turns":5},{"damage":25,"enemies":"Slime Boss","floor":16,"turns":14},{"damage":6,"enemies":"Chosen","floor":18,"turns":8},{"damage":9,"enemies":"2 Thieves","floor":19,"turns":5},{"damage":6,"enemies":"Snake Plant","floor":21,"turns":11},{"damage":37,"enemies":"Cultist and Chosen","floor":22,"turns":14},{"damage":14,"enemies":"3 Cultists","floor":30,"turns":6},{"damage":1,"enemies":"Snake Plant","floor":31,"turns":6},{"damage":51,"enemies":"Collector","floor":33,"turns":14},{"damage":3,"enemies":"Orb Walker","floor":35,"turns":4},{"damage":12,"enemies":"3 Shapes","floor":36,"turns":4},{"damage":4,"enemies":"Maw","floor":38,"turns":8},{"damage":0,"enemies":"4 Shapes","floor":39,"turns":7},{"damage":22,"enemies":"Nemesis","floor":41,"turns":7},{"damage":39,"enemies":"Giant Head","floor":45,"turns":10},{"damage":2,"enemies":"3 Darklings","floor":46,"turns":5},{"damage":0,"enemies":"Jaw Worm Horde","floor":48,"turns":5},{"damage":53,"enemies":"Time Eater","floor":50,"turns":11}],"seed_played":"7538325175084017912","potions_obtained":[{"floor":5,"key":"GamblersBrew"},{"floor":7,"key":"Fire Potion"},{"floor":11,"key":"GamblersBrew"},{"floor":12,"key":"LiquidBronze"},{"floor":16,"key":"Explosive Potion"},{"floor":19,"key":"SpeedPotion"},{"floor":31,"key":"Fire Potion"},{"floor":33,"key":"Fire Potion"}],"is_trial":false,"path_per_floor":["M","M","?","?","M","R","E","R","T","?","M","E","T","$","R","B",null,"M","M","$","M","M","R","?","R","T","T","?","R","M","M","R","B",null,"M","M","$","M","M","R","E","R","T","?","E","M","R","M","R","B",null],"character_chosen":"THE_SILENT","items_purchased":["Dash","Footwork","Bouncing Flask","The Specimen","Catalyst"],"campfire_rested":4,"item_purchase_floors":[14,20,20,37,37],"current_hp_per_floor":[58,53,58,51,51,51,26,50,50,34,34,9,9,9,33,8,64,58,49,49,43,6,42,42,54,54,54,54,66,52,51,63,12,65,62,50,50,46,46,64,42,60,60,50,11,9,54,54,75,22],"gold":150,"neow_bonus":"TEN_PERCENT_HP_BONUS","is_prod":false,"is_daily":false,"chose_seed":false,"campfire_upgraded":7,"win_rate":0,"timestamp":1549719420,"path_taken":["M","M","?","?","?","R","E","R","T","?","M","E","?","?","R","BOSS","M","M","$","M","M","R","?","R","T","?","?","R","M","M","R","BOSS","M","?","$","M","M","R","E","R","T","?","E","M","R","M","R","BOSS"],"build_version":"2019-01-23","purchased_purges":2,"victory":true,"max_hp_per_floor":[77,77,82,82,82,82,82,82,82,82,82,82,82,82,82,82,82,82,82,82,82,82,82,82,82,82,82,82,82,82,82,82,82,82,82,82,82,82,82,82,82,82,82,82,82,82,82,82,82,82],"card_choices":[{"not_picked":["Flying Knee","Quick Slash"],"picked":"Dagger Spray","floor":1},{"not_picked":["Slice","Bane"],"picked":"Acrobatics","floor":2},{"not_picked":["Outmaneuver","Poisoned Stab"],"picked":"Flechettes","floor":5},{"not_picked":["Envenom","Catalyst"],"picked":"Deflect","floor":7},{"not_picked":["Bane","Sucker Punch"],"picked":"PiercingWail","floor":11},{"not_picked":["Eviscerate","Backflip"],"picked":"Well Laid Plans","floor":12},{"not_picked":["Finisher","Slice"],"picked":"PiercingWail","floor":15},{"not_picked":["Doppelganger","After Image"],"picked":"Wraith Form v2","floor":16},{"not_picked":["Outmaneuver+1","Reflex+1"],"picked":"Backflip+1","floor":18},{"not_picked":["Predator","Finisher","Poisoned Stab"],"picked":"SKIP","floor":19},{"not_picked":["Dagger Spray","Reflex","Finisher"],"picked":"SKIP","floor":21},{"not_picked":["PiercingWail","Backflip"],"picked":"Infinite Blades","floor":22},{"not_picked":["Accuracy","Dagger Spray"],"picked":"Die Die Die","floor":23},{"not_picked":["Dagger Spray","Acrobatics"],"picked":"Backflip","floor":30},{"not_picked":["Blade Dance","Dagger Spray"],"picked":"Endless Agony+1","floor":31},{"not_picked":["Phantasmal Killer","Wraith Form v2"],"picked":"Unload","floor":33},{"not_picked":["Flying Knee+1","Caltrops"],"picked":"Leg Sweep+1","floor":35},{"not_picked":["Acrobatics+1","Poisoned Stab+1"],"picked":"Endless Agony","floor":36},{"not_picked":["Slice+1","Quick Slash+1"],"picked":"Heel Hook+1","floor":38},{"not_picked":["Blade Dance+1","Endless Agony+1"],"picked":"Cloak And Dagger+1","floor":39},{"not_picked":["Endless Agony","Backflip"],"picked":"Accuracy","floor":41},{"not_picked":["Cloak And Dagger","Endless Agony"],"picked":"Backflip","floor":45},{"not_picked":["Cloak And Dagger","Acrobatics+1"],"picked":"Blur+1","floor":46},{"not_picked":["Finisher","Backflip"],"picked":"Terror+1","floor":47},{"not_picked":["Quick Slash+1","Deadly Poison","Endless Agony"],"picked":"SKIP","floor":48}],"player_experience":373977,"relics_obtained":[{"floor":7,"key":"Ancient Tea Set"},{"floor":9,"key":"The Courier"},{"floor":12,"key":"Dream Catcher"},{"floor":13,"key":"Oddly Smooth Stone"},{"floor":26,"key":"Centennial Puzzle"},{"floor":27,"key":"Blue Candle"},{"floor":41,"key":"Happy Flower"},{"floor":43,"key":"Pen Nib"},{"floor":45,"key":"Lantern"}],"event_choices":[{"damage_healed":0,"gold_gain":0,"player_choice":"Donut","damage_taken":0,"max_hp_gain":5,"max_hp_loss":0,"event_name":"Big Fish","floor":3,"gold_loss":0},{"cards_removed":["Strike_G"],"damage_healed":0,"gold_gain":0,"player_choice":"Card Removal","damage_taken":7,"max_hp_gain":0,"max_hp_loss":0,"event_name":"Golden Wing","floor":4,"gold_loss":0},{"damage_healed":0,"gold_gain":0,"player_choice":"Entered Light","damage_taken":16,"max_hp_gain":0,"max_hp_loss":0,"event_name":"Shining Light","floor":10,"gold_loss":0,"cards_upgraded":["Strike_G","Defend_G"]},{"damage_healed":0,"gold_gain":0,"cards_transformed":["Strike_G","Defend_G"],"player_choice":"Became Test Subject","damage_taken":0,"max_hp_gain":0,"max_hp_loss":0,"event_name":"Drug Dealer","floor":24,"gold_loss":0,"cards_obtained":["Glass Knife","Bane"]},{"cards_removed":["Bane"],"damage_healed":0,"gold_gain":0,"player_choice":"Card Removal","damage_taken":0,"max_hp_gain":0,"max_hp_loss":0,"event_name":"Wheel of Change","floor":28,"gold_loss":0},{"damage_healed":0,"gold_gain":0,"player_choice":"Embrace Madness","damage_taken":10,"max_hp_gain":0,"max_hp_loss":0,"event_name":"Winding Halls","floor":44,"gold_loss":0,"cards_obtained":["Madness","Madness"]}],"is_beta":false,"boss_relics":[{"not_picked":["Ectoplasm","Pandora\u0027s Box"],"picked":"Eternal Feather"},{"not_picked":["Snecko Eye","White Beast Statue"],"picked":"Sozu"}],"items_purged_floors":[14,20],"is_endless":false,"potions_floor_spawned":[5,7,11,12,16,19,31,33,35,38,39,45],"ascension_level":8}