{"gold_per_floor":[99,99,99,99,99,99,99,99,99,99,99,99,99,99],"floor_reached":14,"playtime":563,"items_purged":[],"score":134,"play_id":"5e522454-1134-455b-aaaa-22367ce576b2","local_time":"20190127193908","is_ascension_mode":true,"campfire_choices":[{"data":"Neutralize","floor":7,"key":"SMITH"},{"data":"Skewer","floor":12,"key":"SMITH"}],"neow_cost":"NONE","seed_source_timestamp":604602480052944,"circlet_count":0,"master_deck":["Defend_G","Defend_G","Defend_G","Defend_G","Defend_G","Strike_G","Strike_G","Strike_G","Strike_G","Survivor","Neutralize+1","Blade Dance","Deadly Poison","Choke","Dagger Spray","Wraith Form v2","Caltrops","Acrobatics","Well Laid Plans","Skewer+1","PiercingWail"],"relics":["Ectoplasm","Bronze Scales","MawBank","Lantern","The Courier"],"potions_floor_usage":[6,11,11],"damage_taken":[{"damage":0,"enemies":"Jaw Worm","floor":1,"turns":4},{"damage":0,"enemies":"Cultist","floor":2,"turns":4},{"damage":4,"enemies":"Small Slimes","floor":3,"turns":3},{"damage":15,"enemies":"Exordium Wildlife","floor":4,"turns":5},{"damage":4,"enemies":"Gremlin Nob","floor":6,"turns":6},{"damage":22,"enemies":"3 Sentries","floor":8,"turns":7},{"damage":8,"enemies":"Exordium Thugs","floor":10,"turns":4},{"damage":18,"enemies":"Lagavulin","floor":11,"turns":6},{"damage":1,"enemies":"3 Louse","floor":13,"turns":2},{"damage":15,"enemies":"2 Fungi Beasts","floor":14,"turns":1}],"seed_played":"201792203246909311","potions_obtained":[{"floor":1,"key":"Poison Potion"},{"floor":4,"key":"PowerPotion"},{"floor":8,"key":"Regen Potion"},{"floor":10,"key":"SmokeBomb"},{"floor":11,"key":"FearPotion"}],"is_trial":false,"path_per_floor":["M","M","M","M","?","E","R","E","T","M","E","R","M","M"],"character_chosen":"THE_SILENT","items_purchased":[],"campfire_rested":0,"item_purchase_floors":[],"current_hp_per_floor":[70,70,66,51,51,47,47,25,25,17,14,14,13,0],"gold":99,"neow_bonus":"BOSS_RELIC","is_prod":false,"is_daily":false,"chose_seed":false,"campfire_upgraded":2,"win_rate":0,"timestamp":1548639548,"path_taken":["M","M","M","M","?","E","R","E","T","?","E","R","M","M"],"build_version":"2019-01-23","purchased_purges":0,"victory":false,"max_hp_per_floor":[70,70,70,70,70,70,70,70,70,70,70,70,70,70],"card_choices":[{"not_picked":["Endless Agony","Prepared"],"picked":"Blade Dance","floor":1},{"not_picked":["PiercingWail","Terror"],"picked":"Deadly Poison","floor":2},{"not_picked":["Storm of Steel","Slice"],"picked":"Choke","floor":3},{"not_picked":["Deflect","Poisoned Stab"],"picked":"Dagger Spray","floor":4},{"not_picked":["Night Terror","Terror"],"picked":"Caltrops","floor":6},{"not_picked":["Underhanded Strike","Outmaneuver"],"picked":"Acrobatics","floor":8},{"not_picked":["Deflect","Slice"],"picked":"Well Laid Plans","floor":10},{"not_picked":["Quick Slash","Sucker Punch"],"picked":"Skewer","floor":11},{"not_picked":["Acrobatics","Slice"],"picked":"PiercingWail","floor":13}],"player_experience":139968,"relics_obtained":[{"floor":6,"key":"Bronze Scales"},{"floor":8,"key":"MawBank"},{"floor":9,"key":"Lantern"},{"floor":11,"key":"The Courier"}],"event_choices":[{"damage_healed":0,"gold_gain":0,"cards_transformed":["Strike_G"],"player_choice":"Transformed","damage_taken":0,"max_hp_gain":0,"max_hp_loss":0,"event_name":"Transmorgrifier","floor":5,"gold_loss":0,"cards_obtained":["Wraith Form v2"]}],"is_beta":false,"boss_relics":[],"items_purged_floors":[],"is_endless":false,"potions_floor_spawned":[1,4,8,10,11],"killed_by":"2 Fungi Beasts","ascension_level":4}