{"gold_per_floor":[111,186,206,381,381,381,412,431,431,431,445,445,110,110,110,208,208,218,218,317,336,350,350,350],"floor_reached":24,"playtime":2802,"items_purged":["Strike_B"],"score":291,"play_id":"b252b300-b0cc-481d-a358-b4f39b81dd4a","local_time":"20180826124427","is_ascension_mode":true,"campfire_choices":[{"data":"Zap","floor":6,"key":"SMITH"},{"floor":10,"key":"REST"},{"data":"Conserve Battery","floor":12,"key":"SMITH"},{"data":"Reinforced Body","floor":15,"key":"SMITH"},{"data":"Multi-Cast","floor":23,"key":"SMITH"}],"neow_cost":"NONE","seed_source_timestamp":4888035916918,"circlet_count":0,"master_deck":["Strike_B","Strike_B","Strike_B","Defend_B","Defend_B+1","Defend_B","Defend_B","Zap+1","Dualcast+1","AscendersBane","Conserve Battery+1","Steam","Conserve Battery","Coolheaded","Reinforced Body+1","Multi-Cast+1","Compile Driver","Tempest","Glacier"],"relics":["Cracked Core","Lantern","War Paint","Ornamental Fan","Matryoshka","Bag of Preparation","Inserter"],"potions_floor_usage":[7,16,24,24,24,24],"damage_taken":[{"damage":0,"enemies":"2 Louse","floor":1,"turns":3},{"damage":0,"enemies":"Small Slimes","floor":3,"turns":3},{"damage":26,"enemies":"3 Sentries","floor":7,"turns":8},{"damage":0,"enemies":"Cultist","floor":8,"turns":3},{"damage":4,"enemies":"Looter","floor":11,"turns":3},{"damage":5,"enemies":"The Guardian","floor":16,"turns":21},{"damage":1,"enemies":"Shell Parasite","floor":18,"turns":14},{"damage":2,"enemies":"Chosen","floor":21,"turns":6},{"damage":1,"enemies":"Shelled Parasite and Fungi","floor":22,"turns":12},{"damage":62,"enemies":"Slavers","floor":24,"turns":6}],"seed_played":"6070465493303859113","potions_obtained":[{"floor":3,"key":"LiquidBronze"},{"floor":8,"key":"Swift Potion"},{"floor":21,"key":"GamblersBrew"},{"floor":22,"key":"EntropicBrew"}],"is_trial":false,"path_per_floor":["M","?","M","?","?","R","E","M","T","R","M","R","$","?","R","B",null,"M","?","?","M","M","R"],"character_chosen":"DEFECT","items_purchased":["Matryoshka"],"campfire_rested":1,"item_purchase_floors":[13],"current_hp_per_floor":[68,57,57,57,50,50,24,24,24,46,42,42,42,30,30,25,63,62,62,62,60,59,59,0],"gold":350,"neow_bonus":"RANDOM_COMMON_RELIC","is_prod":false,"is_daily":false,"chose_seed":false,"campfire_upgraded":4,"win_rate":0,"timestamp":1535280267,"path_taken":["M","?","M","?","?","R","E","M","T","R","M","R","$","?","R","BOSS","M","?","?","M","M","R","E"],"build_version":"2018-08-23v2","purchased_purges":1,"victory":false,"max_hp_per_floor":[75,75,75,75,75,75,75,75,75,75,75,75,75,75,75,75,75,75,75,75,75,75,75,75],"card_choices":[{"not_picked":["Cold Snap","Beam Cell"],"picked":"Conserve Battery","floor":1},{"not_picked":["FTL","Go for the Eyes"],"picked":"Steam","floor":3},{"not_picked":["Rip and Tear","Hello World"],"picked":"Conserve Battery","floor":7},{"not_picked":["Core Surge","Fusion"],"picked":"Coolheaded","floor":8},{"not_picked":["Loop","Hologram"],"picked":"Reinforced Body","floor":11},{"not_picked":["Creative AI","Rainbow"],"picked":"Multi-Cast","floor":16},{"not_picked":["Cold Snap","Redo"],"picked":"Compile Driver","floor":18},{"not_picked":["Rebound","Melter","Static Discharge"],"picked":"SKIP","floor":21},{"not_picked":["Scrape+1","Steam"],"picked":"Glacier","floor":22}],"player_experience":343210,"relics_obtained":[{"floor":7,"key":"War Paint"},{"floor":9,"key":"Ornamental Fan"}],"event_choices":[{"event_name":"World of Goop","player_choice":"Gather Gold","floor":2,"damage_taken":0},{"event_name":"Liars Game","player_choice":"agreed","floor":4,"damage_taken":0},{"event_name":"Golden Wing","player_choice":"Card Removal","floor":5,"damage_taken":0},{"event_name":"Scrap Ooze","player_choice":"success","floor":14,"damage_taken":12},{"event_name":"The Library","player_choice":"Read","floor":19,"damage_taken":0},{"event_name":"Nest","player_choice":"Stole From Cult","floor":20,"damage_taken":0}],"is_beta":false,"boss_relics":[{"not_picked":["Lizard Tail","Nuclear Battery"],"picked":"Inserter"}],"items_purged_floors":[13],"is_endless":false,"potions_floor_spawned":[3,8,21,22],"killed_by":"Slavers","ascension_level":10}