{"path_per_floor":["M","M","$","?","M","R","E","?","T","M","R","?","M","M","R","B",null,"M","?","?","M","M","R","M","R","T","$","?","E","M","M","R"],"character_chosen":"DEFECT","items_purchased":["Static Discharge","Coolheaded","Cables","Ball Lightning"],"gold_per_floor":[111,130,38,38,55,55,89,89,142,160,160,160,177,193,193,291,291,302,302,302,315,326,326,341,341,341,36,36,63,80,93,93,93],"floor_reached":33,"campfire_rested":4,"playtime":1133,"current_hp_per_floor":[68,67,67,67,67,67,46,46,46,46,46,46,40,40,62,25,75,54,54,54,37,15,37,16,38,38,38,38,19,17,4,19,0],"items_purged":[],"gold":93,"score":266,"play_id":"e450bf83-14ce-4deb-817f-17371f0314c1","local_time":"20180510201120","is_prod":false,"is_daily":false,"chose_seed":false,"is_ascension_mode":true,"campfire_upgraded":2,"timestamp":1525947080,"path_taken":["M","M","$","?","M","R","E","?","T","M","R","?","?","?","R","BOSS","M","?","?","?","M","R","M","R","T","$","?","E","M","M","R","BOSS"],"build_version":"2018-05-09","seed_source_timestamp":66664555440289,"purchased_purges":0,"victory":false,"master_deck":["Defend_B+1","Defend_B+1","Defend_B","Defend_B","Zap","Dualcast","Ball Lightning","Chaos+1","Static Discharge+1","Coolheaded","Doom and Gloom+1","Chaos+1","Zap","Redo","Consume","Static Discharge","Buffer+1","Sweeping Beam","Leap+1","Defragment","Ball Lightning","Bite","Bite","Bite","Bite","Bite","Conserve Battery","Rebound"],"max_hp_per_floor":[75,75,75,75,75,75,75,75,75,75,75,75,75,75,75,75,75,75,75,75,75,75,75,75,75,75,75,52,52,52,52,52,52],"relics":["Cracked Core","Bag of Marbles","Oddly Smooth Stone","Nuclear Battery","Symbiotic Virus","Cables","War Paint"],"card_choices":[{"not_picked":["Cold Snap","Melter"],"picked":"Ball Lightning","floor":1},{"not_picked":["Stack","Steam"],"picked":"Chaos","floor":2},{"not_picked":["Hologram","Ball Lightning"],"picked":"Doom and Gloom","floor":5},{"not_picked":["Stack","Go for the Eyes"],"picked":"Chaos","floor":7},{"not_picked":["Sweeping Beam","Tempest"],"picked":"Redo","floor":10},{"not_picked":["Turbo","Sweeping Beam"],"picked":"Consume","floor":13},{"not_picked":["Beam Cell","Recycle"],"picked":"Static Discharge","floor":14},{"not_picked":["Creative AI","Meteor Strike"],"picked":"Buffer","floor":16},{"not_picked":["Barrage","Skim"],"picked":"Sweeping Beam","floor":18},{"not_picked":["Turbo","Go for the Eyes"],"picked":"Leap","floor":21},{"not_picked":["Consume","Beam Cell"],"picked":"Defragment","floor":22},{"not_picked":["Turbo","FTL"],"picked":"Conserve Battery","floor":29},{"not_picked":["Steam","Skim"],"picked":"Rebound","floor":31}],"player_experience":38632,"potions_floor_usage":[21,33,33],"damage_taken":[{"damage":7,"enemies":"Jaw Worm","floor":1,"turns":3},{"damage":1,"enemies":"Cultist","floor":2,"turns":3},{"damage":0,"enemies":"Small Slimes","floor":5,"turns":3},{"damage":21,"enemies":"Gremlin Nob","floor":7,"turns":4},{"damage":0,"enemies":"Gremlin Gang","floor":10,"turns":1},{"damage":6,"enemies":"Blue Slaver","floor":13,"turns":3},{"damage":0,"enemies":"3 Louse","floor":14,"turns":1},{"damage":37,"enemies":"Slime Boss","floor":16,"turns":5},{"damage":21,"enemies":"2 Thieves","floor":18,"turns":4},{"damage":17,"enemies":"3 Byrds","floor":21,"turns":4},{"damage":22,"enemies":"Centurion and Healer","floor":22,"turns":5},{"damage":21,"enemies":"Snecko","floor":24,"turns":4},{"damage":29,"enemies":"Book of Stabbing","floor":29,"turns":5},{"damage":10,"enemies":"Slaver and Parasite","floor":30,"turns":5},{"damage":15,"enemies":"Snake Plant","floor":31,"turns":2},{"damage":50,"enemies":"Collector","floor":33,"turns":6}],"event_choices":[{"event_name":"Upgrade Shrine","player_choice":"Upgraded","floor":4,"damage_taken":0},{"event_name":"Match and Keep!","player_choice":"1 cards matched","floor":8,"damage_taken":0},{"event_name":"Living Wall","player_choice":"Grow","floor":12,"damage_taken":0},{"event_name":"Upgrade Shrine","player_choice":"Upgraded","floor":19,"damage_taken":0},{"event_name":"Beggar","player_choice":"Ignored","floor":20,"damage_taken":0},{"event_name":"Vampires","player_choice":"Became a vampire","floor":28,"damage_taken":0}],"boss_relics":[{"not_picked":["Black Star","Ectoplasm"],"picked":"Nuclear Battery"}],"potions_floor_spawned":[13,16,18,29],"seed_played":"5106887558435556845","killed_by":"Collector","ascension_level":2,"is_trial":false}