{"gold_per_floor":[114,114,114,131,149,175,175,194,270,284,303,303,303,303,303,404,404,420,420,420,420,420,420,431,431,454,484,504,515,515],"floor_reached":30,"playtime":2202,"items_purged":[],"score":250,"play_id":"cfbcc603-4d98-4358-8dc0-aba32f4ebfc5","local_time":"20190126001309","is_ascension_mode":false,"campfire_choices":[{"floor":7,"key":"REST"},{"data":"Consume","floor":13,"key":"SMITH"},{"floor":15,"key":"REST"},{"data":"Buffer","floor":23,"key":"SMITH"},{"data":"Sweeping Beam","floor":25,"key":"SMITH"}],"neow_cost":"TEN_PERCENT_HP_LOSS","seed_source_timestamp":563841344351597,"circlet_count":0,"master_deck":["Strike_B+1","Strike_B+1","Strike_B+1","Defend_B+1","Defend_B+1","Defend_B+1","Defend_B+1","Zap","Dualcast","Consume+1","Sweeping Beam+1","Buffer+1","Conserve Battery+1","Ball Lightning+1"],"relics":["Cracked Core","Bird Faced Urn","Torii","Anchor","Bottled Lightning","Molten Egg 2","Lizard Tail","Pen Nib","Pocketwatch","Regal Pillow","Omamori"],"potions_floor_usage":[6,27,27,29],"damage_taken":[{"damage":6,"enemies":"Jaw Worm","floor":1,"turns":3},{"damage":3,"enemies":"Small Slimes","floor":4,"turns":4},{"damage":1,"enemies":"Cultist","floor":5,"turns":3},{"damage":48,"enemies":"3 Sentries","floor":6,"turns":11},{"damage":2,"enemies":"Exordium Wildlife","floor":8,"turns":4},{"damage":1,"enemies":"2 Fungi Beasts","floor":10,"turns":4},{"damage":11,"enemies":"Large Slime","floor":11,"turns":5},{"damage":34,"enemies":"Slime Boss","floor":16,"turns":11},{"damage":21,"enemies":"3 Byrds","floor":18,"turns":7},{"damage":0,"enemies":"Chosen","floor":24,"turns":5},{"damage":61,"enemies":"Gremlin Leader","floor":27,"turns":8},{"damage":8,"enemies":"Shelled Parasite and Fungi","floor":28,"turns":7},{"damage":2,"enemies":"Centurion and Healer","floor":29,"turns":5},{"damage":18,"enemies":"Chosen and Byrds","floor":30,"turns":4}],"seed_played":"-8043172620527159838","potions_obtained":[{"floor":5,"key":"AttackPotion"},{"floor":8,"key":"FearPotion"},{"floor":16,"key":"EssenceOfSteel"},{"floor":18,"key":"Ancient Potion"},{"floor":28,"key":"FearPotion"},{"floor":29,"key":"SpeedPotion"}],"is_trial":false,"path_per_floor":["M","?","?","M","M","E","R","M","T","M","M","T","R","?","R","B",null,"M","?","?","?","T","R","M","R","T","E","M","M","M"],"character_chosen":"DEFECT","items_purchased":[],"campfire_rested":2,"item_purchase_floors":[],"current_hp_per_floor":[62,62,62,59,58,10,30,28,28,27,16,16,16,16,36,2,68,47,35,35,35,35,35,37,37,37,21,15,15,0],"gold":515,"neow_bonus":"ONE_RARE_RELIC","is_prod":false,"is_daily":false,"chose_seed":false,"campfire_upgraded":3,"win_rate":0.0,"timestamp":1548457989,"path_taken":["M","?","?","M","?","E","R","M","T","M","M","?","R","?","R","BOSS","M","?","?","?","?","R","M","R","T","E","M","M","M"],"build_version":"2019-01-23","purchased_purges":0,"victory":false,"max_hp_per_floor":[68,68,68,68,68,68,68,68,68,68,68,68,68,68,68,68,68,68,73,73,73,73,73,73,73,73,73,73,73,73],"card_choices":[{"not_picked":["Streamline","Fusion","Gash"],"picked":"SKIP","floor":1},{"not_picked":["Steam","Barrage"],"picked":"Consume","floor":4},{"not_picked":["Coolheaded","White Noise","Beam Cell"],"picked":"SKIP","floor":5},{"not_picked":["Streamline","Steam Power","Fission"],"picked":"SKIP","floor":6},{"not_picked":["Hologram","Compile Driver","Stack"],"picked":"SKIP","floor":8},{"not_picked":["Beam Cell","Coolheaded"],"picked":"Sweeping Beam","floor":10},{"not_picked":["Coolheaded","Storm","Stack"],"picked":"SKIP","floor":11},{"not_picked":["Hyperbeam+1","Core Surge+1"],"picked":"Buffer","floor":16},{"not_picked":["Steam","Compile Driver+1","Melter+1"],"picked":"SKIP","floor":18},{"not_picked":["Heatsinks","Redo+1"],"picked":"Conserve Battery+1","floor":24},{"not_picked":["Chill","Steam"],"picked":"Ball Lightning+1","floor":27},{"not_picked":["Chill","White Noise","Go for the Eyes+1"],"picked":"SKIP","floor":28},{"not_picked":["Barrage+1","Streamline+1","Steam+1"],"picked":"SKIP","floor":29}],"player_experience":77641,"relics_obtained":[{"floor":6,"key":"Anchor"},{"floor":9,"key":"Bottled Lightning"},{"floor":12,"key":"Molten Egg 2"},{"floor":22,"key":"Pocketwatch"},{"floor":26,"key":"Regal Pillow"},{"floor":27,"key":"Omamori"}],"event_choices":[{"damage_healed":0,"gold_gain":0,"cards_transformed":["Strike_B"],"player_choice":"Change","damage_taken":0,"max_hp_gain":0,"max_hp_loss":0,"event_name":"Living Wall","floor":2,"gold_loss":0,"cards_obtained":["Steam"]},{"cards_removed":["Steam"],"damage_healed":0,"gold_gain":0,"player_choice":"Gave Card","damage_taken":0,"relics_obtained":["Torii"],"max_hp_gain":0,"max_hp_loss":0,"event_name":"WeMeetAgain","floor":3,"gold_loss":0},{"damage_healed":0,"gold_gain":0,"player_choice":"Ignored","damage_taken":0,"max_hp_gain":0,"max_hp_loss":0,"event_name":"Liars Game","floor":14,"gold_loss":0},{"damage_healed":0,"gold_gain":0,"player_choice":"Shed Blood","damage_taken":17,"max_hp_gain":5,"max_hp_loss":0,"event_name":"Forgotten Altar","floor":19,"gold_loss":0},{"damage_healed":0,"gold_gain":0,"player_choice":"Simplicity","damage_taken":0,"max_hp_gain":0,"max_hp_loss":0,"event_name":"Back to Basics","floor":20,"gold_loss":0,"cards_upgraded":["Strike_B","Strike_B","Strike_B","Defend_B","Defend_B","Defend_B","Defend_B"]},{"damage_healed":0,"gold_gain":0,"player_choice":"Opened","damage_taken":0,"relics_obtained":["Pen Nib"],"max_hp_gain":0,"max_hp_loss":0,"event_name":"The Mausoleum","floor":21,"gold_loss":0}],"is_beta":false,"boss_relics":[{"not_picked":["Eternal Feather","Ectoplasm"],"picked":"Lizard Tail"}],"items_purged_floors":[],"is_endless":false,"potions_floor_spawned":[5,8,16,18,28,29],"killed_by":"Chosen and Byrds","ascension_level":0}