{"gold_per_floor":[114,130,148,21,21,21,41,41,41,69,85,85,98,123,123,196,196,206,206,48,60,70,70,103,123,123,123,123,48,65,65,65,138,138,155,155,30,50,0,0,0,0,0,0,17,17,32,49,49,49,49],"floor_reached":51,"playtime":2226,"items_purged":["Strike_B","Strike_B","Defend_B"],"score":1254,"play_id":"bf291911-6efe-4a37-b444-e1793bfaf1ab","local_time":"20190223205039","is_ascension_mode":true,"campfire_choices":[{"data":"Zap","floor":6.0,"key":"SMITH"},{"data":"Dualcast","floor":8.0,"key":"SMITH"},{"data":"Seek","floor":12.0,"key":"SMITH"},{"floor":15.0,"key":"REST"},{"floor":23.0,"key":"REST"},{"floor":28.0,"key":"REST"},{"floor":32.0,"key":"REST"},{"data":"Buffer","floor":40.0,"key":"SMITH"},{"data":"Defragment","floor":42.0,"key":"SMITH"},{"data":"Reboot","floor":44.0,"key":"SMITH"},{"floor":46.0,"key":"REST"},{"data":"Conserve Battery","floor":49.0,"key":"SMITH"}],"neow_cost":"NONE","seed_source_timestamp":24013981525000,"circlet_count":0,"master_deck":["AscendersBane","Defend_B","Zap+1","Dualcast+1","Compile Driver","Ball Lightning","Ball Lightning","Conserve Battery+1","Seek+1","Cold Snap","Defragment+1","Cold Snap","Conserve Battery+1","Auto Shields+1","Skim","Reboot+1","Buffer+1","Compile Driver+1"],"special_seed":0,"relics":["Cracked Core","Symbiotic Virus","Ice Cream","Letter Opener","Inserter","Boot","Shuriken","Philosopher\u0027s Stone","Red Mask","Darkstone Periapt"],"potions_floor_usage":[51],"damage_taken":[{"damage":4.0,"enemies":"Small Slimes","floor":1.0,"turns":3.0},{"damage":9.0,"enemies":"Jaw Worm","floor":2.0,"turns":4.0},{"damage":10.0,"enemies":"2 Louse","floor":3.0,"turns":3.0},{"damage":2.0,"enemies":"Looter","floor":7.0,"turns":3.0},{"damage":4.0,"enemies":"Gremlin Nob","floor":10.0,"turns":3.0},{"damage":0.0,"enemies":"3 Louse","floor":11.0,"turns":2.0},{"damage":6.0,"enemies":"Large Slime","floor":13.0,"turns":4.0},{"damage":5.0,"enemies":"3 Sentries","floor":14.0,"turns":3.0},{"damage":15.0,"enemies":"Slime Boss","floor":16.0,"turns":9.0},{"damage":18.0,"enemies":"2 Thieves","floor":18.0,"turns":3.0},{"damage":3.0,"enemies":"Chosen","floor":21.0,"turns":4.0},{"damage":0.0,"enemies":"Snecko","floor":22.0,"turns":5.0},{"damage":56.0,"enemies":"Gremlin Leader","floor":24.0,"turns":6.0},{"damage":2.0,"enemies":"Chosen and Byrds","floor":25.0,"turns":4.0},{"damage":8.0,"enemies":"Sentry and Sphere","floor":30.0,"turns":4.0},{"damage":19.0,"enemies":"Automaton","floor":33.0,"turns":12.0},{"damage":11.0,"enemies":"3 Darklings","floor":35.0,"turns":4.0},{"damage":1.0,"enemies":"3 Shapes","floor":38.0,"turns":4.0},{"damage":0.0,"enemies":"Transient","floor":45.0,"turns":6.0},{"damage":0.0,"enemies":"Sphere and 2 Shapes","floor":47.0,"turns":5.0},{"damage":0.0,"enemies":"Spire Growth","floor":48.0,"turns":5.0},{"damage":43.0,"enemies":"Donu and Deca","floor":50.0,"turns":11.0},{"damage":51,"enemies":"Time Eater","floor":51,"turns":10}],"seed_played":"-3843941572863779535","potions_obtained":[{"floor":3.0,"key":"EssenceOfSteel"},{"floor":10.0,"key":"Fire Potion"},{"floor":14.0,"key":"SpeedPotion"},{"floor":16.0,"key":"LiquidBronze"},{"floor":24.0,"key":"Block Potion"},{"floor":25.0,"key":"Regen Potion"},{"floor":30.0,"key":"Fire Potion"},{"floor":45.0,"key":"SkillPotion"}],"is_trial":false,"path_per_floor":["M","M","M","$","?","R","M","R","T","E","M","R","M","E","R","B",null,"M","?","$","M","M","R","E","M","T","?","R","?","M","$","R","B",null,"M","?","$","M","?","R","?","R","T","R","M","R","M","M","R","B","B"],"character_chosen":"DEFECT","items_purchased":["Ball Lightning","Cold Snap"],"campfire_rested":5,"item_purchase_floors":[4,20],"current_hp_per_floor":[67,58,48,48,48,48,46,46,46,42,42,42,36,31,54,39,68,50,50,50,47,47,70,14,12,12,12,35,35,39,39,62,43,69,58,58,58,57,57,57,57,57,57,57,57,74,74,74,74,31,0],"gold":49,"neow_bonus":"TEN_PERCENT_HP_BONUS","is_prod":false,"is_daily":false,"chose_seed":false,"campfire_upgraded":7,"win_rate":0,"timestamp":1550947839,"path_taken":["M","M","M","$","?","R","M","R","T","E","M","R","M","E","R","BOSS","M","?","$","M","M","R","E","M","T","?","R","?","M","?","R","BOSS","M","?","$","M","?","R","?","R","T","R","M","R","M","?","R","BOSS","BOSS"],"build_version":"2019-01-23","purchased_purges":3,"victory":false,"max_hp_per_floor":[78,78,78,78,78,78,78,78,78,78,78,78,78,78,78,78,78,78,78,78,78,78,78,78,78,78,78,78,78,78,78,78,78,78,78,78,78,78,78,78,74,74,74,74,74,74,74,74,74,74,74],"card_choices":[{"not_picked":["Turbo","Gash","Double Energy"],"picked":"SKIP","floor":1.0},{"not_picked":["Steam Power","Go for the Eyes"],"picked":"Compile Driver","floor":2.0},{"not_picked":["Stack","Streamline"],"picked":"Ball Lightning","floor":3.0},{"not_picked":["Tempest","Sunder"],"picked":"Conserve Battery","floor":7.0},{"not_picked":["Steam","BootSequence"],"picked":"Seek","floor":10.0},{"not_picked":["Steam","Redo","Compile Driver"],"picked":"SKIP","floor":11.0},{"not_picked":["Steam","Reprogram","Ball Lightning"],"picked":"SKIP","floor":13.0},{"not_picked":["Stack","Heatsinks"],"picked":"Cold Snap","floor":14.0},{"not_picked":["Tempest","Turbo"],"picked":"Defragment","floor":18.0},{"not_picked":["Sweeping Beam","Storm"],"picked":"Conserve Battery+1","floor":21.0},{"not_picked":["Reinforced Body","Chaos","Gash"],"picked":"SKIP","floor":22.0},{"not_picked":["Coolheaded","Melter"],"picked":"Auto Shields+1","floor":24.0},{"not_picked":["Machine Learning","Scrape","Conserve Battery"],"picked":"SKIP","floor":25.0},{"not_picked":["BootSequence","Barrage","Hologram"],"picked":"SKIP","floor":30.0},{"not_picked":["Hyperbeam","All For One"],"picked":"Buffer","floor":33.0},{"not_picked":["Chill","Compile Driver","Genetic Algorithm"],"picked":"SKIP","floor":35.0},{"not_picked":["Barrage","Coolheaded","Genetic Algorithm"],"picked":"SKIP","floor":38.0},{"not_picked":["Rebound+1","Turbo"],"picked":"Compile Driver+1","floor":45.0},{"not_picked":["Streamline","Conserve Battery","Sweeping Beam"],"picked":"SKIP","floor":47.0},{"not_picked":["Sweeping Beam+1","Rebound","Hologram"],"picked":"SKIP","floor":48.0}],"player_experience":925454,"relics_obtained":[{"floor":9.0,"key":"Symbiotic Virus"},{"floor":10.0,"key":"Ice Cream"},{"floor":14.0,"key":"Letter Opener"},{"floor":24.0,"key":"Boot"},{"floor":26.0,"key":"Shuriken"},{"floor":43.0,"key":"Darkstone Periapt"}],"event_choices":[{"cards_removed":["Strike_B"],"damage_healed":0.0,"max_hp_gain":0.0,"max_hp_loss":0.0,"gold_gain":0.0,"event_name":"Living Wall","player_choice":"Forget","floor":5.0,"gold_loss":0.0,"damage_taken":0.0},{"damage_healed":0.0,"max_hp_gain":0.0,"max_hp_loss":0.0,"gold_gain":0.0,"event_name":"Cursed Tome","player_choice":"Ignored","floor":19.0,"gold_loss":0.0,"damage_taken":0.0},{"damage_healed":0.0,"max_hp_gain":0.0,"max_hp_loss":0.0,"gold_gain":0.0,"cards_transformed":["Strike_B","Defend_B"],"event_name":"Drug Dealer","player_choice":"Became Test Subject","floor":27.0,"gold_loss":0.0,"damage_taken":0.0,"cards_obtained":["Skim","Reboot"]},{"cards_removed":["Defend_B"],"damage_healed":0.0,"max_hp_gain":0.0,"max_hp_loss":0.0,"gold_gain":0.0,"event_name":"Beggar","player_choice":"Gave Gold","floor":29.0,"gold_loss":75.0,"damage_taken":0.0},{"damage_healed":0.0,"max_hp_gain":0.0,"max_hp_loss":0.0,"gold_gain":0.0,"event_name":"SensoryStone","player_choice":"Memory 1","floor":36.0,"gold_loss":0.0,"damage_taken":0.0},{"damage_healed":0.0,"max_hp_gain":0.0,"max_hp_loss":0.0,"gold_gain":0.0,"event_name":"Tomb of Lord Red Mask","player_choice":"Paid","floor":39.0,"gold_loss":50.0,"damage_taken":0.0,"relics_obtained":["Red Mask"]},{"damage_healed":0.0,"max_hp_gain":0.0,"max_hp_loss":4.0,"gold_gain":0.0,"event_name":"Winding Halls","player_choice":"Max HP","floor":41.0,"gold_loss":0.0,"damage_taken":0.0}],"is_beta":false,"boss_relics":[{"not_picked":["Lizard Tail","Empty Cage"],"picked":"Inserter"},{"not_picked":["Runic Dome","Coffee Dripper"],"picked":"Philosopher\u0027s Stone"}],"items_purged_floors":[4,20,37],"is_endless":false,"potions_floor_spawned":[3,10,14,16,24,25,30,45,47,48],"killed_by":"Time Eater","ascension_level":20}