{"gold_per_floor":[363,363,383,383,398,398,410,410,410,426,426,113,113,143,143,216,216,235,254,264,363,381,381,391,405,405,425,40,57,75,75,75,75],"floor_reached":33,"playtime":2000,"items_purged":["Body Slam","Defend_R"],"score":455,"play_id":"821818de-dde3-4980-8342-24ac04f6eda4","local_time":"20181023204659","is_ascension_mode":true,"campfire_choices":[{"data":"Perfected Strike","floor":6,"key":"SMITH"},{"data":"Perfected Strike","floor":11,"key":"SMITH"},{"floor":15,"key":"REST"},{"data":"Perfected Strike","floor":23,"key":"SMITH"},{"data":"Shrug It Off","floor":32,"key":"SMITH"}],"neow_cost":"TEN_PERCENT_HP_LOSS","seed_source_timestamp":6872870948568,"circlet_count":0,"master_deck":["Strike_R+1","Strike_R","Strike_R+1","Strike_R","Strike_R","Defend_R+1","Defend_R","Bash+1","AscendersBane","Perfected Strike+1","Shrug It Off","Pommel Strike","Perfected Strike+1","Enlightenment+1","Uppercut","Brutality","Pommel Strike+1","Shrug It Off+1","Perfected Strike+1","Dual Wield","Twin Strike","Shrug It Off","Metallicize","Double Tap+1","Shrug It Off"],"relics":["Burning Blood","Calipers","Question Card","Pen Nib","The Courier","Coffee Dripper","Singing Bowl","Membership Card","Lantern","Whetstone"],"potions_floor_usage":[10,18,22,27,29,33,33],"damage_taken":[{"damage":14,"enemies":"2 Louse","floor":1,"turns":3},{"damage":12,"enemies":"Small Slimes","floor":3,"turns":3},{"damage":7,"enemies":"Jaw Worm","floor":5,"turns":3},{"damage":8,"enemies":"Exordium Wildlife","floor":7,"turns":5},{"damage":5,"enemies":"Red Slaver","floor":10,"turns":3},{"damage":27,"enemies":"Lagavulin","floor":14,"turns":4},{"damage":21,"enemies":"The Guardian","floor":16,"turns":5},{"damage":22,"enemies":"2 Thieves","floor":18,"turns":3},{"damage":3,"enemies":"Chosen","floor":19,"turns":2},{"damage":0,"enemies":"Sentry and Sphere","floor":20,"turns":3},{"damage":16,"enemies":"Shelled Parasite and Fungi","floor":22,"turns":5},{"damage":17,"enemies":"Centurion and Healer","floor":24,"turns":4},{"damage":18,"enemies":"Snake Plant","floor":25,"turns":3},{"damage":7,"enemies":"Cultist and Chosen","floor":27,"turns":3},{"damage":1,"enemies":"Centurion and Healer","floor":29,"turns":3},{"damage":16,"enemies":"Snake Plant","floor":30,"turns":2},{"damage":27,"enemies":"Champ","floor":33,"turns":3}],"seed_played":"-2784271553196532355","potions_obtained":[{"floor":1,"key":"Strength Potion"},{"floor":7,"key":"BloodPotion"},{"floor":14,"key":"Explosive Potion"},{"floor":18,"key":"Ancient Potion"},{"floor":24,"key":"FearPotion"},{"floor":27,"key":"FearPotion"},{"floor":30,"key":"Explosive Potion"}],"is_trial":false,"path_per_floor":["M","?","M","T","M","R","M","?","T","M","R","$","?","E","R","B",null,"M","M","M","?","M","R","M","M","T","M","$","M","M","?","R"],"character_chosen":"IRONCLAD","items_purchased":["Pen Nib","Enlightenment","Membership Card","Shrug It Off","Metallicize","Lantern","Whetstone"],"campfire_rested":1,"item_purchase_floors":[12,12,28,28,28,28,28],"current_hp_per_floor":[60,46,40,40,39,39,37,37,37,44,44,44,44,23,43,28,58,42,45,51,51,41,41,30,18,18,19,19,24,14,14,14,0],"gold":75,"neow_bonus":"TWO_FIFTY_GOLD","is_prod":false,"is_daily":false,"chose_seed":false,"campfire_upgraded":4,"win_rate":0,"timestamp":1540320419,"path_taken":["M","?","M","?","?","R","M","?","T","M","R","$","?","E","R","BOSS","M","?","M","?","M","R","M","M","T","M","$","M","M","?","R","BOSS"],"build_version":"2018-10-18","purchased_purges":2,"victory":false,"max_hp_per_floor":[68,68,68,68,68,68,68,68,68,68,68,68,68,68,68,68,68,68,68,68,68,68,68,68,68,68,70,70,70,70,70,70,70],"card_choices":[{"not_picked":["Dropkick","Armaments"],"picked":"Perfected Strike","floor":1},{"not_picked":["Clash","Pummel"],"picked":"Shrug It Off","floor":3},{"not_picked":["Whirlwind","Anger"],"picked":"Pommel Strike","floor":5},{"not_picked":["Carnage","Sword Boomerang"],"picked":"Perfected Strike","floor":7},{"not_picked":["Corruption","Heavy Blade","Combust","Body Slam"],"picked":"SKIP","floor":10},{"not_picked":["Thunderclap","Demon Form","Blood for Blood"],"picked":"Uppercut","floor":14},{"not_picked":["Offering","Feed","Reaper"],"picked":"Brutality","floor":16},{"not_picked":["Infernal Blade","Warcry","Fire Breathing"],"picked":"Pommel Strike+1","floor":18},{"not_picked":["Anger","Intimidate","Havoc","Warcry"],"picked":"SKIP","floor":19},{"not_picked":["Thunderclap","Feel No Pain+1","Anger"],"picked":"Shrug It Off","floor":20},{"not_picked":["Armaments","Wild Strike","Rupture"],"picked":"Perfected Strike","floor":22},{"not_picked":["Clothesline","Feel No Pain","Fire Breathing"],"picked":"Dual Wield","floor":24},{"not_picked":["Cleave","Seeing Red","Heavy Blade"],"picked":"Twin Strike","floor":25},{"not_picked":["Sword Boomerang","Whirlwind","Metallicize","Heavy Blade"],"picked":"Singing Bowl","floor":27},{"not_picked":["Havoc","Iron Wave","Blood for Blood"],"picked":"Double Tap","floor":29},{"not_picked":["Cleave","Rage","Whirlwind"],"picked":"Shrug It Off","floor":30}],"player_experience":490410,"relics_obtained":[{"floor":4,"key":"Calipers"},{"floor":9,"key":"Question Card"},{"floor":14,"key":"The Courier"},{"floor":26,"key":"Singing Bowl"}],"event_choices":[{"damage_healed":0,"gold_gain":0,"player_choice":"Entered Light","damage_taken":14,"max_hp_gain":0,"max_hp_loss":0,"event_name":"Shining Light","floor":2,"gold_loss":0,"cards_upgraded":["Strike_R","Defend_R"]},{"damage_healed":0,"gold_gain":0,"cards_transformed":["Defend_R"],"player_choice":"Transformed","damage_taken":0,"max_hp_gain":0,"max_hp_loss":0,"event_name":"Transmorgrifier","floor":8,"gold_loss":0,"cards_obtained":["Body Slam"]},{"damage_healed":0,"gold_gain":0,"player_choice":"Grow","damage_taken":0,"max_hp_gain":0,"max_hp_loss":0,"event_name":"Living Wall","floor":13,"gold_loss":0,"cards_upgraded":["Enlightenment"]},{"damage_healed":0,"gold_gain":99,"player_choice":"Stole From Cult","damage_taken":0,"max_hp_gain":0,"max_hp_loss":0,"event_name":"Nest","floor":21,"gold_loss":0},{"damage_healed":0,"gold_gain":0,"player_choice":"Forge","damage_taken":0,"max_hp_gain":0,"max_hp_loss":0,"event_name":"Accursed Blacksmith","floor":31,"gold_loss":0,"cards_upgraded":["Double Tap"]}],"is_beta":false,"boss_relics":[{"not_picked":["Eternal Feather","Fusion Hammer"],"picked":"Coffee Dripper"}],"items_purged_floors":[12,28],"is_endless":false,"potions_floor_spawned":[1,7,14,18,20,24,27,30],"killed_by":"Champ","ascension_level":14}