{"gold_per_floor":[114,114,114,127,302,302,332,346,346,346,296,316,316,296,296,368,418,434,533,82,101,114,114,114],"floor_reached":24,"playtime":1567,"items_purged":["Doubt"],"score":330,"play_id":"925a14a3-c892-47de-a88c-b6c5d8b04262","local_time":"20181124131317","is_ascension_mode":true,"campfire_choices":[{"data":"All Out Attack","floor":6,"key":"SMITH"},{"floor":10,"key":"REST"},{"data":"Survivor","floor":13,"key":"SMITH"},{"floor":15,"key":"REST"},{"floor":23,"key":"REST"}],"neow_cost":"NONE","seed_source_timestamp":7674013911920,"circlet_count":0,"master_deck":["AscendersBane","Defend_G","Defend_G","Defend_G","Defend_G+1","Defend_G","Strike_G","Strike_G","Strike_G","Survivor+1","Neutralize+1","Concentrate","All Out Attack+1","Unload","Well Laid Plans+1","All Out Attack","Tools of the Trade","Terror","Dagger Throw","Unload"],"relics":["Empty Cage","Sundial","Snake Skull","Bottled Flame","Tiny House","MealTicket"],"potions_floor_usage":[4,7,16,18,22,24],"damage_taken":[{"damage":1,"enemies":"2 Louse","floor":1,"turns":4},{"damage":9,"enemies":"Jaw Worm","floor":4,"turns":11},{"damage":34,"enemies":"3 Sentries","floor":7,"turns":10},{"damage":2,"enemies":"Small Slimes","floor":8,"turns":3},{"damage":10,"enemies":"Red Slaver","floor":12,"turns":4},{"damage":29,"enemies":"The Guardian","floor":16,"turns":17},{"damage":28,"enemies":"Chosen","floor":18,"turns":6},{"damage":4,"enemies":"Shell Parasite","floor":21,"turns":6},{"damage":19,"enemies":"Snake Plant","floor":22,"turns":5},{"damage":29,"enemies":"Sentry and Sphere","floor":24,"turns":5}],"seed_played":"7892372770805645880","potions_obtained":[{"floor":1,"key":"Block Potion"},{"floor":4,"key":"Regen Potion"},{"floor":12,"key":"Dexterity Potion"},{"floor":14,"key":"AttackPotion"},{"floor":16,"key":"SpeedPotion"},{"floor":21,"key":"FearPotion"}],"is_trial":false,"path_per_floor":["M","?","?","M","?","R","E","M","T","R","?","M","R","?","R","B",null,"M","?","$","M","M","R","M"],"character_chosen":"THE_SILENT","items_purchased":["Dagger Throw","MealTicket","Unload"],"campfire_rested":3,"item_purchase_floors":[20,20,20],"current_hp_per_floor":[58,58,45,36,36,36,17,15,15,34,34,24,24,24,43,14,58,30,30,30,26,7,28,0],"gold":114,"neow_bonus":"BOSS_RELIC","is_prod":false,"is_daily":false,"chose_seed":false,"campfire_upgraded":2,"win_rate":0,"timestamp":1543061597,"path_taken":["M","?","?","M","?","R","E","M","T","R","?","?","R","?","R","BOSS","M","?","$","M","M","R","M"],"build_version":"2018-11-15","purchased_purges":1,"victory":false,"max_hp_per_floor":[66,66,66,66,66,66,66,66,66,66,66,66,66,66,66,66,71,71,71,71,71,71,71,71],"card_choices":[{"not_picked":["Finisher","Backflip"],"picked":"Concentrate","floor":1},{"not_picked":["Prepared","Deadly Poison"],"picked":"All Out Attack","floor":4},{"not_picked":["Slice","PiercingWail"],"picked":"Unload","floor":7},{"not_picked":["Endless Agony","Slice"],"picked":"Well Laid Plans","floor":8},{"not_picked":["Prepared","Blade Dance"],"picked":"All Out Attack","floor":12},{"not_picked":["Grand Finale","Venomology"],"picked":"Tools of the Trade","floor":16},{"not_picked":["Predator","Outmaneuver"],"picked":"Terror","floor":18},{"not_picked":["Finisher","Dagger Spray","Noxious Fumes"],"picked":"SKIP","floor":21},{"not_picked":["Deflect","Flying Knee","Dagger Spray"],"picked":"SKIP","floor":22}],"player_experience":545176,"relics_obtained":[{"floor":7,"key":"Snake Skull"},{"floor":9,"key":"Bottled Flame"}],"event_choices":[{"damage_healed":0,"gold_gain":0,"player_choice":"Box","damage_taken":0,"relics_obtained":["Sundial"],"max_hp_gain":0,"max_hp_loss":0,"event_name":"Big Fish","floor":2,"gold_loss":0,"cards_obtained":["Regret"]},{"damage_healed":0,"gold_gain":0,"player_choice":"Entered Light","damage_taken":13,"max_hp_gain":0,"max_hp_loss":0,"event_name":"Shining Light","floor":3,"gold_loss":0,"cards_upgraded":["Neutralize","Defend_G"]},{"damage_healed":0,"gold_gain":175,"player_choice":"AGREE","damage_taken":0,"max_hp_gain":0,"max_hp_loss":0,"event_name":"Liars Game","floor":5,"gold_loss":0,"cards_obtained":["Doubt"]},{"cards_removed":["Regret"],"damage_healed":0,"gold_gain":0,"player_choice":"Card Removal","damage_taken":0,"max_hp_gain":0,"max_hp_loss":0,"event_name":"The Cleric","floor":11,"gold_loss":50},{"damage_healed":0,"gold_gain":0,"player_choice":"Bought 1 Potion","damage_taken":0,"max_hp_gain":0,"max_hp_loss":0,"event_name":"The Woman in Blue","floor":14,"gold_loss":0},{"damage_healed":0,"gold_gain":99,"player_choice":"Stole From Cult","damage_taken":0,"max_hp_gain":0,"max_hp_loss":0,"event_name":"Nest","floor":19,"gold_loss":0}],"is_beta":false,"boss_relics":[{"not_picked":["Velvet Choker","Black Star"],"picked":"Tiny House"}],"items_purged_floors":[20],"is_endless":false,"potions_floor_spawned":[1,4,12,16,21],"killed_by":"Sentry and Sphere","ascension_level":14}