{"gold_per_floor":[116,116,132,51,61,61,95,0,27,41,16,16,33,49,49,144,194,210,228,2,16,16,16,16,16,71,71,71,91,91,110,110,110],"floor_reached":33,"playtime":1424,"items_purged":[],"score":292,"play_id":"80ee0c54-9c04-4d7a-8741-e3aa27f41750","local_time":"20190121080404","is_ascension_mode":false,"campfire_choices":[{"data":"Adrenaline","floor":6,"key":"SMITH"},{"floor":12,"key":"REST"},{"floor":15,"key":"REST"},{"floor":23,"key":"REST"},{"floor":25,"key":"REST"},{"floor":27,"key":"RECALL"},{"data":"Envenom","floor":30,"key":"SMITH"},{"floor":32,"key":"REST"}],"neow_cost":"NONE","seed_source_timestamp":386577407866895,"circlet_count":0,"master_deck":["Defend_G","Defend_G","Defend_G","Defend_G","Defend_G","Survivor","Neutralize","Adrenaline+1","Poisoned Stab","Noxious Fumes+1","Noxious Fumes","Dodge and Roll","Envenom+1","Jack Of All Trades","Prepared","Slice","Crippling Poison","Masterful Stab","Unload","Prepared","Dash","Outmaneuver+1","Underhanded Strike","Cloak And Dagger","Heel Hook+1","Bite","Bite","Bite","Bite","Bite","Blur","Dagger Spray+1","Heel Hook"],"relics":["Ring of the Snake","Smiling Mask","Tiny House","Tiny Chest"],"potions_floor_usage":[16,16,21,21,24],"damage_taken":[{"damage":0,"enemies":"Small Slimes","floor":1,"turns":4},{"damage":1,"enemies":"Cultist","floor":3,"turns":4},{"damage":0,"enemies":"Jaw Worm","floor":5,"turns":5},{"damage":47,"enemies":"Gremlin Nob","floor":7,"turns":6},{"damage":4,"enemies":"2 Fungi Beasts","floor":10,"turns":4},{"damage":4,"enemies":"3 Louse","floor":13,"turns":4},{"damage":16,"enemies":"Exordium Thugs","floor":14,"turns":5},{"damage":28,"enemies":"The Guardian","floor":16,"turns":9},{"damage":24,"enemies":"Spheric Guardian","floor":18,"turns":5},{"damage":20,"enemies":"Shell Parasite","floor":19,"turns":8},{"damage":9,"enemies":"Snake Plant","floor":21,"turns":5},{"damage":22,"enemies":"Book of Stabbing","floor":24,"turns":4},{"damage":16,"enemies":"Centurion and Healer","floor":29,"turns":7},{"damage":8,"enemies":"Chosen and Byrds","floor":31,"turns":6},{"damage":102,"enemies":"Collector","floor":33,"turns":7}],"seed_played":"1867879461613758608","potions_obtained":[{"floor":1,"key":"LiquidBronze"},{"floor":3,"key":"SpeedPotion"},{"floor":5,"key":"SmokeBomb"},{"floor":14,"key":"Block Potion"},{"floor":17,"key":"Regen Potion"},{"floor":19,"key":"Block Potion"},{"floor":21,"key":"GamblersBrew"}],"is_trial":false,"path_per_floor":["M","?","M","$","M","R","E","$","T","M","$","R","M","M","R","B",null,"M","M","$","M","?","R","E","R","T","R","?","M","R","M","R","B"],"character_chosen":"THE_SILENT","items_purchased":["Noxious Fumes","Jack Of All Trades","Slice","Blood Vial","Underhanded Strike","Cloak And Dagger"],"campfire_rested":5,"item_purchase_floors":[4,8,11,20,20,20],"current_hp_per_floor":[70,70,69,69,69,69,22,22,22,18,18,39,35,19,40,12,75,51,31,31,38,38,60,38,60,60,60,60,50,50,50,72,0],"gold":110,"neow_bonus":"ONE_RANDOM_RARE_CARD","is_prod":false,"is_daily":false,"chose_seed":false,"campfire_upgraded":2,"win_rate":0,"timestamp":1548075844,"path_taken":["M","?","?","$","M","R","E","$","T","M","$","R","M","M","R","BOSS","M","?","$","M","?","R","E","R","T","R","?","M","R","M","R","BOSS"],"build_version":"2019-01-17v2","purchased_purges":0,"victory":false,"max_hp_per_floor":[70,70,70,70,70,70,70,70,70,70,70,70,70,70,70,70,75,75,75,75,75,75,75,75,75,75,75,75,75,75,75,75,75],"card_choices":[{"not_picked":["Heel Hook","Choke"],"picked":"Poisoned Stab","floor":1},{"not_picked":["Prepared","Dodge and Roll"],"picked":"Noxious Fumes","floor":3},{"not_picked":["Deadly Poison","Bane"],"picked":"Dodge and Roll","floor":5},{"not_picked":["Bane","Eviscerate"],"picked":"Envenom","floor":7},{"not_picked":["Slice","Setup"],"picked":"Prepared","floor":10},{"not_picked":["Poisoned Stab","Deadly Poison"],"picked":"Crippling Poison","floor":13},{"not_picked":["Sucker Punch","Choke"],"picked":"Masterful Stab","floor":14},{"not_picked":["Glass Knife","Night Terror"],"picked":"Unload","floor":16},{"not_picked":["Expertise","Sucker Punch"],"picked":"Prepared","floor":17},{"not_picked":["Concentrate","Blade Dance"],"picked":"Dash","floor":18},{"not_picked":["Flying Knee","Flechettes+1"],"picked":"Outmaneuver+1","floor":19},{"not_picked":["Cloak And Dagger","Bane+1"],"picked":"Heel Hook+1","floor":21},{"not_picked":["Flying Knee+1","Bouncing Flask"],"picked":"Dagger Spray+1","floor":29},{"not_picked":["Flying Knee","Skewer"],"picked":"Heel Hook","floor":31}],"player_experience":156425,"relics_obtained":[{"floor":7,"key":"Smiling Mask"},{"floor":26,"key":"Tiny Chest"}],"event_choices":[{"cards_removed":["Strike_G"],"damage_healed":0,"gold_gain":0,"player_choice":"Purged","damage_taken":0,"max_hp_gain":0,"max_hp_loss":0,"event_name":"Purifier","floor":2,"gold_loss":0},{"damage_healed":0,"gold_gain":0,"player_choice":"Became a vampire (Vial)","damage_taken":0,"max_hp_gain":0,"max_hp_loss":0,"event_name":"Vampires","floor":22,"relics_lost":["Blood Vial"],"gold_loss":0,"cards_obtained":["Bite","Bite","Bite","Bite","Bite"]},{"damage_healed":0,"gold_gain":0,"player_choice":"Read","damage_taken":0,"max_hp_gain":0,"max_hp_loss":0,"event_name":"The Library","floor":28,"gold_loss":0,"cards_obtained":["Blur"]}],"is_beta":false,"boss_relics":[{"not_picked":["Philosopher\u0027s Stone","Orrery"],"picked":"Tiny House"}],"items_purged_floors":[],"is_endless":false,"potions_floor_spawned":[1,3,5,14,19,21],"killed_by":"Collector","ascension_level":0}