{"gold_per_floor":[111,111,36,54,154,180,180,209,209,223,323,337,357,65,65,163,163,176,189,204,230,230,256,272,272,299,326,342,362,123,123,123,219,219,231,231,331,344,344,372,419,445,445,456,456,484,484,359,359,359,359,359,111,137,137],"floor_reached":56,"playtime":3392,"items_purged":["Defend_R","Strike_R","Defend_R","Defend_R"],"score":1541,"play_id":"154d03bf-fd96-44ed-b3fb-a20d3fe33fc3","local_time":"20190103183854","is_ascension_mode":true,"campfire_choices":[{"floor":7,"key":"REST"},{"floor":15,"key":"REST"},{"floor":25,"key":"REST"},{"floor":32,"key":"RECALL"},{"floor":45,"key":"DIG"},{"floor":47,"key":"DIG"},{"data":"Seeing Red","floor":49,"key":"SMITH"},{"floor":52,"key":"DIG"}],"neow_cost":"PERCENT_DAMAGE","seed_source_timestamp":300655276216383,"circlet_count":0,"master_deck":["Strike_R","Strike_R+1","Strike_R","Strike_R","Defend_R+1","Bash","Headbutt","Thunderclap","Seeing Red+1","Clash+1","Dual Wield+1","Shrug It Off+1","Armaments+1","Dropkick","Spot Weakness+1","Flame Barrier+1","Impervious+1","Sword Boomerang+1","Clothesline","Warcry+1","RitualDagger","Blood for Blood+1","Shockwave+1","Heavy Blade","Twin Strike+1","Shrug It Off+1","Perfected Strike","Bandage Up+1","Flex+1","Bloodletting+1","Reaper","Seeing Red+1","Hemokinesis+1","Perfected Strike+1","Rage+1","Feed+1","Perfected Strike","Perfected Strike+1","Flash of Steel","Apotheosis+1","Jack Of All Trades+1","Seeing Red+1","Bloodletting+1","Parasite","Flex+1","Bloodletting+1","Flex+1"],"relics":["Burning Blood","Unceasing Top","Paper Frog","Bag of Preparation","Toxic Egg 2","Dream Catcher","Black Star","PreservedInsect","Incense Burner","Meat on the Bone","Letter Opener","Centennial Puzzle","Orrery","Magic Flower","Shuriken","Red Skull","Shovel","Blood Vial","Ornamental Fan","Bottled Flame","Whetstone","Bag of Marbles","Bronze Scales","Vajra","Mummified Hand","Lantern","Champion Belt"],"potions_floor_usage":[8,16,20,23,33,41,41,55,55],"damage_taken":[{"damage":3,"enemies":"Jaw Worm","floor":1,"turns":4},{"damage":6,"enemies":"Cultist","floor":4,"turns":3},{"damage":20,"enemies":"Gremlin Nob","floor":6,"turns":4},{"damage":30,"enemies":"Lagavulin","floor":8,"turns":5},{"damage":0,"enemies":"2 Louse","floor":10,"turns":2},{"damage":20,"enemies":"Large Slime","floor":12,"turns":5},{"damage":0,"enemies":"2 Fungi Beasts","floor":13,"turns":2},{"damage":12,"enemies":"Hexaghost","floor":16,"turns":7},{"damage":30,"enemies":"Shell Parasite","floor":18,"turns":6},{"damage":0,"enemies":"3 Byrds","floor":19,"turns":7},{"damage":9,"enemies":"3 Cultists","floor":20,"turns":5},{"damage":34,"enemies":"Gremlin Leader","floor":23,"turns":6},{"damage":20,"enemies":"Snecko","floor":24,"turns":5},{"damage":18,"enemies":"Book of Stabbing","floor":27,"turns":4},{"damage":13,"enemies":"Centurion and Healer","floor":28,"turns":4},{"damage":14,"enemies":"Shelled Parasite and Fungi","floor":29,"turns":3},{"damage":28,"enemies":"Collector","floor":33,"turns":6},{"damage":0,"enemies":"Orb Walker","floor":35,"turns":3},{"damage":11,"enemies":"Mind Bloom Boss Battle","floor":37,"turns":5},{"damage":3,"enemies":"3 Darklings","floor":38,"turns":1},{"damage":22,"enemies":"Giant Head","floor":40,"turns":6},{"damage":32,"enemies":"2 Orb Walkers","floor":41,"turns":3},{"damage":3,"enemies":"Nemesis","floor":42,"turns":3},{"damage":3,"enemies":"Writhing Mass","floor":44,"turns":3},{"damage":3,"enemies":"Giant Head","floor":46,"turns":4},{"damage":30,"enemies":"Donu and Deca","floor":50,"turns":6},{"damage":50,"enemies":"Shield and Spear","floor":54,"turns":3},{"damage":88,"enemies":"The Heart","floor":55,"turns":5}],"seed_played":"3165436134010983242","potions_obtained":[{"floor":6,"key":"PowerPotion"},{"floor":8,"key":"Block Potion"},{"floor":10,"key":"Regen Potion"},{"floor":18,"key":"Weak Potion"},{"floor":19,"key":"Energy Potion"},{"floor":23,"key":"Poison Potion"},{"floor":27,"key":"LiquidBronze"},{"floor":33,"key":"Explosive Potion"},{"floor":37,"key":"PowerPotion"},{"floor":40,"key":"EssenceOfSteel"},{"floor":42,"key":"Fire Potion"},{"floor":54,"key":"SteroidPotion"}],"is_trial":false,"path_per_floor":["M","?","$","M","?","E","R","E","T","M","?","M","M","$","R","B",null,"M","M","M","T","?","E","M","R","T","E","M","M","$","?","R","B",null,"M","?","?","M","?","E","?","E","T","M","R","E","R","$","R","B",null,"R","$","E","B",null],"character_chosen":"IRONCLAD","items_purchased":["Dropkick","Dream Catcher","Spot Weakness+1","Bandage Up+1","Flex+1","Flex+1","Strength Potion"],"campfire_rested":3,"item_purchase_floors":[14,14,14,30,30,53,53],"current_hp_per_floor":[59,43,43,43,43,29,53,29,29,35,35,21,27,27,51,45,80,56,62,59,59,53,25,23,47,47,47,52,56,56,56,56,52,80,80,80,75,80,70,57,57,80,80,80,80,80,80,80,80,80,80,80,80,66,56],"gold":137,"neow_bonus":"ONE_RARE_RELIC","is_prod":false,"is_daily":false,"chose_seed":false,"campfire_upgraded":1,"win_rate":0,"timestamp":1546562334,"path_taken":["M","?","$","M","?","E","R","E","T","?","?","?","?","?","R","BOSS","M","?","M","?","?","E","M","R","T","E","M","?","$","?","R","BOSS","M","?","?","M","?","E","?","E","T","?","R","E","R","$","R","BOSS","R","$","E","BOSS"],"build_version":"2018-12-20","purchased_purges":4,"victory":true,"max_hp_per_floor":[80,80,80,80,80,80,80,80,80,80,80,80,80,80,80,80,80,80,80,80,80,80,80,80,80,80,80,80,80,80,80,80,80,80,80,80,80,80,80,80,80,80,80,80,80,80,80,80,80,80,80,80,80,80,80],"card_choices":[{"not_picked":["Iron Wave","Anger"],"picked":"Headbutt","floor":1},{"not_picked":["Warcry","Whirlwind"],"picked":"Thunderclap","floor":4},{"not_picked":["Pommel Strike","Fiend Fire"],"picked":"Seeing Red","floor":6},{"not_picked":["Armaments","Headbutt"],"picked":"Clash","floor":8},{"not_picked":["Headbutt","Ghostly Armor+1"],"picked":"Dual Wield+1","floor":10},{"not_picked":["Fire Breathing","Body Slam"],"picked":"Shrug It Off+1","floor":12},{"not_picked":["Carnage","Second Wind+1"],"picked":"Armaments+1","floor":13},{"not_picked":["Feel No Pain","Dropkick"],"picked":"Flame Barrier+1","floor":15},{"not_picked":["Barricade","Juggernaut"],"picked":"Impervious+1","floor":16},{"not_picked":["True Grit+1","Anger+1"],"picked":"Sword Boomerang+1","floor":18},{"not_picked":["Armaments+1","Thunderclap"],"picked":"Clothesline","floor":19},{"not_picked":["Intimidate+1","Disarm+1"],"picked":"Warcry+1","floor":20},{"not_picked":["Fiend Fire","Clash"],"picked":"Blood for Blood+1","floor":23},{"not_picked":["Evolve","Sever Soul"],"picked":"Shockwave+1","floor":24},{"not_picked":["Sever Soul","Warcry+1"],"picked":"Heavy Blade","floor":25},{"not_picked":["Shockwave+1","Anger"],"picked":"Twin Strike+1","floor":27},{"not_picked":["Armaments+1","Rupture"],"picked":"Shrug It Off+1","floor":28},{"not_picked":["Rupture","Dual Wield+1"],"picked":"Perfected Strike","floor":29},{"not_picked":["Demon Form","Immolate"],"picked":"Reaper","floor":33},{"not_picked":["Iron Wave","Shockwave+1"],"picked":"Seeing Red+1","floor":34},{"not_picked":["Searing Blow","Wild Strike"],"picked":"Hemokinesis+1","floor":34},{"not_picked":["Power Through+1","Cleave"],"picked":"Combust+1","floor":34},{"not_picked":["Clash","Twin Strike"],"picked":"Perfected Strike+1","floor":34},{"not_picked":["Dual Wield+1","Infernal Blade+1"],"picked":"Rage+1","floor":34},{"not_picked":["Shrug It Off+1","Twin Strike"],"picked":"Feed","floor":35},{"not_picked":["Iron Wave","Ghostly Armor+1"],"picked":"Perfected Strike","floor":37},{"not_picked":["Metallicize+1","Armaments+1"],"picked":"Perfected Strike+1","floor":38},{"not_picked":["Discovery+1","Good Instincts+1"],"picked":"Flash of Steel","floor":39},{"not_picked":["Thinking Ahead+1","HandOfGreed"],"picked":"Apotheosis+1","floor":39},{"not_picked":["Panacea+1","Mind Blast"],"picked":"Jack Of All Trades+1","floor":39},{"not_picked":["Pummel","Spot Weakness+1"],"picked":"Seeing Red+1","floor":40},{"not_picked":["Warcry+1","Infernal Blade+1"],"picked":"Bloodletting+1","floor":41},{"not_picked":["Cleave","Flame Barrier+1","Fiend Fire"],"picked":"SKIP","floor":42},{"not_picked":["Evolve+1","Intimidate+1"],"picked":"Flex+1","floor":44},{"not_picked":["Reckless Charge","True Grit+1"],"picked":"Bloodletting+1","floor":46},{"not_picked":["Clash+1","Thunderclap","Iron Wave+1"],"picked":"SKIP","floor":54}],"player_experience":34865,"relics_obtained":[{"floor":6,"key":"Paper Frog"},{"floor":8,"key":"Bag of Preparation"},{"floor":9,"key":"Toxic Egg 2"},{"floor":21,"key":"PreservedInsect"},{"floor":23,"key":"Incense Burner"},{"floor":23,"key":"Meat on the Bone"},{"floor":27,"key":"Letter Opener"},{"floor":27,"key":"Centennial Puzzle"},{"floor":37,"key":"Magic Flower"},{"floor":40,"key":"Shuriken"},{"floor":40,"key":"Red Skull"},{"floor":41,"key":"Shovel"},{"floor":42,"key":"Blood Vial"},{"floor":42,"key":"Ornamental Fan"},{"floor":43,"key":"Bottled Flame"},{"floor":45,"key":"Whetstone"},{"floor":46,"key":"Bag of Marbles"},{"floor":46,"key":"Bronze Scales"},{"floor":47,"key":"Vajra"},{"floor":52,"key":"Mummified Hand"},{"floor":54,"key":"Lantern"},{"floor":54,"key":"Champion Belt"}],"event_choices":[{"damage_healed":0,"gold_gain":0,"player_choice":"Entered Light","damage_taken":16,"max_hp_gain":0,"max_hp_loss":0,"event_name":"Shining Light","floor":2,"gold_loss":0,"cards_upgraded":["Defend_R","Strike_R"]},{"damage_healed":0,"gold_gain":100,"player_choice":"Gold","damage_taken":0,"max_hp_gain":0,"max_hp_loss":0,"event_name":"Wheel of Change","floor":5,"gold_loss":0},{"damage_healed":0,"gold_gain":100,"player_choice":"Pray","damage_taken":0,"max_hp_gain":0,"max_hp_loss":0,"event_name":"Golden Shrine","floor":11,"gold_loss":0},{"damage_healed":0,"gold_gain":0,"player_choice":"Joined the Cult","damage_taken":6,"max_hp_gain":0,"max_hp_loss":0,"event_name":"Nest","floor":22,"gold_loss":0,"cards_obtained":["RitualDagger"]},{"damage_healed":0,"gold_gain":0,"player_choice":"Read","damage_taken":0,"max_hp_gain":0,"max_hp_loss":0,"event_name":"The Library","floor":31,"gold_loss":0,"cards_obtained":["Bloodletting"]},{"cards_removed":["Combust"],"damage_healed":0,"gold_gain":0,"player_choice":"Removed Power","damage_taken":0,"max_hp_gain":0,"max_hp_loss":0,"event_name":"Falling","floor":36,"gold_loss":0},{"damage_healed":0,"gold_gain":0,"player_choice":"Fight","damage_taken":0,"max_hp_gain":0,"max_hp_loss":0,"event_name":"MindBloom","floor":37,"gold_loss":0},{"damage_healed":0,"gold_gain":0,"player_choice":"Memory 3","damage_taken":10,"max_hp_gain":0,"max_hp_loss":0,"event_name":"SensoryStone","floor":39,"gold_loss":0},{"damage_healed":0,"gold_gain":0,"player_choice":"Fight","damage_taken":0,"max_hp_gain":0,"max_hp_loss":0,"event_name":"Mysterious Sphere","floor":41,"gold_loss":0}],"is_beta":false,"boss_relics":[{"not_picked":["Ectoplasm","Eternal Feather"],"picked":"Black Star"},{"not_picked":["Runic Cube","Runic Pyramid"],"picked":"Orrery"}],"items_purged_floors":[3,30,48,53],"is_endless":false,"potions_floor_spawned":[6,8,10,18,19,23,27,33,37,40,42,54],"ascension_level":1}