{"gold_per_floor":[116,23,23,23,36,36,66,80,80,93,73,73,73,90,90,188,188,208,227,244,261,261],"floor_reached":22,"playtime":925,"items_purged":[],"score":266,"play_id":"2cd2fb03-dc1b-4377-bf5f-4ae3f65c422f","local_time":"20190130053445","is_ascension_mode":true,"campfire_choices":[{"data":"Zap","floor":6,"key":"SMITH"},{"data":"Darkness","floor":13,"key":"SMITH"},{"data":"Cold Snap","floor":15,"key":"SMITH"}],"neow_cost":"NONE","seed_source_timestamp":1155750546610280,"circlet_count":0,"master_deck":["Strike_B","Strike_B","Strike_B","Defend_B","Defend_B","Defend_B+1","Defend_B","Zap+1","Dualcast+1","Seek","Cold Snap+1","Lockon+1","Self Repair","Darkness+1","Echo Form","Coolheaded+1","Consume"],"relics":["Cracked Core","Singing Bowl","War Paint","Inserter"],"potions_floor_usage":[7,16,18,19,21,21],"damage_taken":[{"damage":0,"enemies":"Small Slimes","floor":1,"turns":3},{"damage":0,"enemies":"Cultist","floor":5,"turns":3},{"damage":0,"enemies":"Gremlin Nob","floor":7,"turns":2},{"damage":10,"enemies":"Jaw Worm","floor":8,"turns":3},{"damage":10,"enemies":"Large Slime","floor":10,"turns":5},{"damage":3,"enemies":"Blue Slaver","floor":14,"turns":3},{"damage":21,"enemies":"Slime Boss","floor":16,"turns":6},{"damage":25,"enemies":"Shell Parasite","floor":18,"turns":6},{"damage":31,"enemies":"2 Thieves","floor":19,"turns":4},{"damage":27,"enemies":"Sentry and Sphere","floor":20,"turns":7},{"damage":7,"enemies":"Centurion and Healer","floor":21,"turns":10},{"damage":29,"enemies":"Cultist and Chosen","floor":22,"turns":6}],"seed_played":"-1850644375859210839","potions_obtained":[{"floor":5,"key":"AttackPotion"},{"floor":7,"key":"Energy Potion"},{"floor":8,"key":"Poison Potion"},{"floor":11,"key":"Strength Potion"},{"floor":16,"key":"EssenceOfSteel"},{"floor":19,"key":"Energy Potion"},{"floor":20,"key":"SteroidPotion"}],"is_trial":false,"path_per_floor":["M","$","?","$","M","R","E","M","T","M","?","$","R","M","R","B",null,"M","M","M","M","M"],"character_chosen":"DEFECT","items_purchased":["Cold Snap","Lockon"],"campfire_rested":0,"item_purchase_floors":[2,2],"current_hp_per_floor":[75,75,75,75,75,75,77,76,76,73,73,73,73,72,72,58,75,59,35,17,17,0],"gold":261,"neow_bonus":"TRANSFORM_CARD","is_prod":false,"is_daily":false,"chose_seed":false,"campfire_upgraded":3,"win_rate":0,"timestamp":1548844485,"path_taken":["M","$","?","$","M","R","E","M","T","M","?","$","R","?","R","BOSS","M","M","?","M","M"],"build_version":"2019-01-23","purchased_purges":0,"victory":false,"max_hp_per_floor":[75,75,75,75,75,75,77,79,79,79,79,79,79,81,81,81,81,83,83,85,85,85],"card_choices":[{"not_picked":["Stack","Steam","Beam Cell"],"picked":"SKIP","floor":1},{"not_picked":["Steam","Gash"],"picked":"Self Repair","floor":5},{"not_picked":["Rebound","All For One","Force Field"],"picked":"Singing Bowl","floor":7},{"not_picked":["Barrage","Beam Cell","Streamline"],"picked":"Singing Bowl","floor":8},{"not_picked":["Consume","Stack"],"picked":"Darkness","floor":10},{"not_picked":["Redo","Barrage","Leap"],"picked":"Singing Bowl","floor":14},{"not_picked":["Rainbow","Multi-Cast"],"picked":"Echo Form","floor":16},{"not_picked":["Static Discharge","Steam","Ball Lightning"],"picked":"Singing Bowl","floor":18},{"not_picked":["Rebound","Sweeping Beam"],"picked":"Coolheaded+1","floor":19},{"not_picked":["Storm","Coolheaded+1","Compile Driver"],"picked":"Singing Bowl","floor":20},{"not_picked":["Beam Cell","Go for the Eyes+1"],"picked":"Consume","floor":21}],"player_experience":279606,"relics_obtained":[{"floor":7,"key":"Singing Bowl"},{"floor":9,"key":"War Paint"}],"event_choices":[{"damage_healed":0,"gold_gain":0,"player_choice":"Grow","damage_taken":0,"max_hp_gain":0,"max_hp_loss":0,"event_name":"Living Wall","floor":3,"gold_loss":0,"cards_upgraded":["Lockon"]},{"damage_healed":0,"gold_gain":0,"player_choice":"Bought 1 Potion","damage_taken":0,"max_hp_gain":0,"max_hp_loss":0,"event_name":"The Woman in Blue","floor":11,"gold_loss":0}],"is_beta":false,"boss_relics":[{"not_picked":["Calling Bell","Astrolabe"],"picked":"Inserter"}],"items_purged_floors":[],"is_endless":false,"potions_floor_spawned":[5,7,8,16,19,20],"killed_by":"Cultist and Chosen","ascension_level":5}