{"gold_per_floor":[15,34,109,109,109,135,150,150,175,201,215,215,215,244,244,244],"floor_reached":16,"playtime":1936,"items_purged":[],"score":153,"play_id":"f4ff6275-8c37-493c-97d0-87dd13b2be86","local_time":"20180730230954","is_ascension_mode":true,"campfire_choices":[{"floor":8,"key":"REST"},{"floor":15,"key":"REST"}],"neow_cost":"NO_GOLD","seed_source_timestamp":0,"circlet_count":0,"master_deck":["Strike_B","Defend_B","Defend_B","Defend_B","Defend_B","Zap","Dualcast","Reprogram","Seek","Biased Cognition","Coolheaded","Skim+1","Machine Learning+1"],"special_seed":0,"relics":["Cracked Core","Regal Pillow","Anchor","Juzu Bracelet","Oddly Smooth Stone"],"potions_floor_usage":[6,7,10,14],"damage_taken":[{"damage":8,"enemies":"Small Slimes","floor":1,"turns":5},{"damage":7,"enemies":"Jaw Worm","floor":2,"turns":5},{"damage":20,"enemies":"3 Sentries","floor":6,"turns":9},{"damage":0,"enemies":"Cultist","floor":7,"turns":4},{"damage":20,"enemies":"Lagavulin","floor":10,"turns":8},{"damage":0,"enemies":"3 Louse","floor":11,"turns":3},{"damage":43,"enemies":"Gremlin Nob","floor":14,"turns":5},{"damage":54,"enemies":"Slime Boss","floor":16,"turns":12}],"seed_played":"8376976121281038194","potions_obtained":[{"floor":2,"key":"Block Potion"},{"floor":6,"key":"Regen Potion"},{"floor":7,"key":"Fruit Juice"},{"floor":10,"key":"PowerPotion"}],"is_trial":false,"path_per_floor":["M","M","?","?","?","E","M","R","T","E","M","?","?","E","R"],"character_chosen":"DEFECT","items_purchased":[],"campfire_rested":2,"item_purchase_floors":[],"current_hp_per_floor":[60,53,42,35,28,8,20,57,57,42,42,26,52,9,48,0],"gold":244,"neow_bonus":"TRANSFORM_TWO_CARDS","is_prod":false,"is_daily":false,"chose_seed":false,"campfire_upgraded":0,"win_rate":0,"timestamp":1532984994,"path_taken":["M","M","?","?","?","E","M","R","T","E","M","?","?","E","R","BOSS"],"build_version":"2018-07-26","purchased_purges":0,"victory":false,"max_hp_per_floor":[75,75,75,75,75,75,75,75,75,80,80,80,80,80,80,80],"card_choices":[{"not_picked":["Cold Snap","Lockon","Steam"],"picked":"SKIP","floor":1},{"not_picked":["Redo","Hologram","Barrage"],"picked":"SKIP","floor":2},{"not_picked":["Consume","Hello World"],"picked":"Biased Cognition","floor":6},{"not_picked":["Compile Driver","Ball Lightning"],"picked":"Coolheaded","floor":7},{"not_picked":["Turbo","Hologram"],"picked":"Skim","floor":10},{"not_picked":["Recycle","Coolheaded"],"picked":"Machine Learning","floor":11},{"not_picked":["Static Discharge","Stack","Lockon"],"picked":"SKIP","floor":14}],"player_experience":229038,"relics_obtained":[{"floor":9,"key":"Anchor"},{"floor":10,"key":"Juzu Bracelet"},{"floor":14,"key":"Oddly Smooth Stone"}],"event_choices":[{"event_name":"World of Goop","player_choice":"Gather Gold","floor":3,"damage_taken":0},{"event_name":"Golden Wing","player_choice":"Card Removal","floor":4,"damage_taken":0},{"event_name":"Scrap Ooze","player_choice":"success","floor":5,"damage_taken":7},{"event_name":"Shining Light","player_choice":"Entered Light","floor":12,"damage_taken":0},{"event_name":"Big Fish","player_choice":"Banana","floor":13,"damage_taken":0}],"is_beta":false,"boss_relics":[],"items_purged_floors":[],"is_endless":false,"potions_floor_spawned":[2,6,7,10],"killed_by":"Slime Boss","ascension_level":6}