{"gold_per_floor":[116,116,116,132,132,132,176,176,200,220,240,263,263,307,307,426,426,442,62,62,62,62,62,92,92,139,139,174,191,225,245,245,346,346,357,357,58,58,58,58,58,68,94,139,156,156,488,505,505,505],"floor_reached":51,"playtime":4475,"items_purged":["Defend_G","Neutralize"],"score":853,"play_id":"05927933-126f-43af-90cc-80748016dee0","local_time":"20180719231525","is_ascension_mode":true,"campfire_choices":[{"data":"Doppelganger","floor":6,"key":"SMITH"},{"floor":8,"key":"REST"},{"data":"Backflip","floor":13,"key":"SMITH"},{"data":"Bouncing Flask","floor":15,"key":"SMITH"},{"data":"Flechettes","floor":23,"key":"SMITH"},{"data":"Flechettes","floor":25,"key":"SMITH"},{"data":"Flechettes","floor":27,"key":"SMITH"},{"data":"Adrenaline","floor":32,"key":"SMITH"},{"data":"Night Terror","floor":40,"key":"SMITH"},{"data":"Prepared","floor":49,"key":"SMITH"}],"neow_cost":"NONE","seed_source_timestamp":10915708308381,"circlet_count":0,"master_deck":["Defend_G","Defend_G","Defend_G","Defend_G","Survivor","Doppelganger+1","Backflip+1","Bouncing Flask+1","Flechettes+1","Flechettes+1","Outmaneuver","Flechettes+1","Skewer","Adrenaline+1","Distraction+1","Terror+1","Dodge and Roll","Night Terror+1","Well Laid Plans+1","Acrobatics","Venomology","Deadly Poison","Master of Strategy","Writhe","Prepared","Prepared+1","Night Terror+1","Footwork","Dodge and Roll+1"],"relics":["Ring of the Snake","Bloody Idol","Torii","Happy Flower","Centennial Puzzle","Astrolabe","Turnip","Darkstone Periapt","Anchor","Thread and Needle","Vajra","Coffee Dripper","Pantograph","Strawberry","Tough Bandages","Old Coin"],"potions_floor_usage":[24,24,42,45,48,50,50,50],"damage_taken":[{"damage":4,"enemies":"Jaw Worm","floor":1,"turns":4},{"damage":0,"enemies":"Small Slimes","floor":4,"turns":4},{"damage":12,"enemies":"3 Sentries","floor":7,"turns":10},{"damage":0,"enemies":"2 Louse","floor":10,"turns":2},{"damage":1,"enemies":"Exordium Wildlife","floor":11,"turns":4},{"damage":0,"enemies":"3 Louse","floor":12,"turns":3},{"damage":9,"enemies":"Gremlin Nob","floor":14,"turns":4},{"damage":5,"enemies":"Hexaghost","floor":16,"turns":7},{"damage":0,"enemies":"Spheric Guardian","floor":18,"turns":2},{"damage":15,"enemies":"Gremlin Leader","floor":24,"turns":4},{"damage":0,"enemies":"Book of Stabbing","floor":28,"turns":2},{"damage":10,"enemies":"2 Thieves","floor":29,"turns":3},{"damage":16,"enemies":"Gremlin Leader","floor":30,"turns":4},{"damage":6,"enemies":"Snake Plant","floor":31,"turns":4},{"damage":0,"enemies":"Automaton","floor":33,"turns":4},{"damage":0,"enemies":"Flame Bruiser 1 Orb","floor":35,"turns":2},{"damage":0,"enemies":"3 Darklings","floor":42,"turns":3},{"damage":1,"floor":44,"turns":3},{"damage":0,"enemies":"4 Shapes","floor":45,"turns":5},{"damage":0,"enemies":"Giant Head","floor":47,"turns":3},{"damage":7,"enemies":"Spire Growth","floor":48,"turns":3},{"damage":6,"enemies":"Donu and Deca","floor":50,"turns":13}],"seed_played":"-2592857355988746821","potions_obtained":[{"floor":4,"key":"Ancient Potion"},{"floor":7,"key":"GhostInAJar"},{"floor":12,"key":"Explosive Potion"},{"floor":28,"key":"Weak Potion"},{"floor":29,"key":"Block Potion"},{"floor":45,"key":"Block Potion"}],"is_trial":false,"path_per_floor":["M","?","?","M","?","R","E","R","T","M","M","M","R","E","R","B",null,"M","$","?","?","?","R","E","R","T","R","E","M","E","M","R","B",null,"M","?","$","?","T","R","?","M","T","?","M","?","E","M","R","B"],"character_chosen":"THE_SILENT","items_purchased":["Turnip","Deadly Poison","Master of Strategy"],"campfire_rested":1,"item_purchase_floors":[19,37,37],"current_hp_per_floor":[66,49,49,49,42,42,30,51,51,51,50,50,50,41,41,36,70,70,70,70,70,70,70,60,60,65,65,70,70,59,58,58,63,70,70,70,70,70,70,70,76,76,83,83,83,83,83,81,81,77],"gold":505,"neow_bonus":"ONE_RANDOM_RARE_CARD","is_prod":false,"is_daily":false,"chose_seed":false,"campfire_upgraded":9,"win_rate":0,"timestamp":1532034925,"path_taken":["M","?","?","M","?","R","E","R","T","M","M","M","R","E","R","BOSS","M","$","?","?","?","R","E","R","T","R","E","?","E","M","R","BOSS","M","?","$","?","?","R","?","M","T","?","?","?","E","M","R","BOSS"],"build_version":"2018-07-12","purchased_purges":2,"victory":true,"max_hp_per_floor":[70,70,70,70,70,70,70,70,70,70,70,70,70,70,70,70,70,70,70,70,70,70,70,70,70,70,70,70,70,70,70,70,70,70,70,70,70,70,70,70,76,76,83,83,83,83,83,83,83,83],"card_choices":[{"not_picked":["Acrobatics","Sucker Punch"],"picked":"Backflip","floor":1},{"not_picked":["Finisher","Endless Agony"],"picked":"Flechettes","floor":4},{"not_picked":["All Out Attack","Poisoned Stab"],"picked":"Flechettes","floor":7},{"not_picked":["Poisoned Stab","Blade Dance"],"picked":"Outmaneuver","floor":10},{"not_picked":["Distraction","Poisoned Stab"],"picked":"Flechettes","floor":11},{"not_picked":["Dagger Spray","Deflect"],"picked":"Noxious Fumes","floor":12},{"not_picked":["Riddle With Holes","Flying Knee"],"picked":"Skewer","floor":14},{"not_picked":["Tactician","Storm of Steel"],"picked":"Adrenaline","floor":16},{"not_picked":["Distraction","Poisoned Stab"],"picked":"Dodge and Roll","floor":18},{"not_picked":["Phantasmal Killer","Reflex+1"],"picked":"Night Terror","floor":24},{"not_picked":["Backflip","Caltrops"],"picked":"Well Laid Plans+1","floor":28},{"not_picked":["Outmaneuver","Masterful Stab+1","Dagger Spray+1"],"picked":"SKIP","floor":29},{"not_picked":["Slice","Backstab","Underhanded Strike"],"picked":"SKIP","floor":30},{"not_picked":["Bullet Time","Quick Slash+1"],"picked":"Acrobatics","floor":31},{"not_picked":["Corpse Explosion","Tactician"],"picked":"Venomology","floor":33},{"not_picked":["Bane+1","Choke","Quick Slash+1"],"picked":"SKIP","floor":35},{"not_picked":["Poisoned Stab+1","Deflect","Terror+1"],"picked":"SKIP","floor":42},{"not_picked":["Poisoned Stab","After Image"],"picked":"Prepared","floor":44},{"not_picked":["Cloak And Dagger+1","Caltrops"],"picked":"Prepared","floor":45},{"not_picked":["Venomology","Slice+1"],"picked":"Footwork","floor":47},{"not_picked":["Bane","Sucker Punch"],"picked":"Dodge and Roll+1","floor":48}],"player_experience":130716,"relics_obtained":[{"floor":7,"key":"Torii"},{"floor":9,"key":"Happy Flower"},{"floor":14,"key":"Centennial Puzzle"},{"floor":24,"key":"Darkstone Periapt"},{"floor":26,"key":"Anchor"},{"floor":28,"key":"Thread and Needle"},{"floor":30,"key":"Vajra"},{"floor":39,"key":"Pantograph"},{"floor":43,"key":"Strawberry"},{"floor":44,"key":"Tough Bandages"},{"floor":47,"key":"Old Coin"}],"event_choices":[{"event_name":"Golden Idol","player_choice":"Take Damage","floor":2,"damage_taken":0},{"event_name":"Living Wall","player_choice":"Change","floor":3,"damage_taken":0},{"event_name":"Golden Wing","player_choice":"Card Removal","floor":5,"damage_taken":0},{"event_name":"Forgotten Altar","player_choice":"Gave Idol","floor":20,"damage_taken":0},{"event_name":"Bonfire Elementals","player_choice":"COMMON","floor":21,"damage_taken":0},{"event_name":"Vampires","player_choice":"Ignored","floor":22,"damage_taken":0},{"event_name":"Tomb of Lord Red Mask","player_choice":"Ignored","floor":36,"damage_taken":0},{"event_name":"Falling","player_choice":"Removed Power","floor":38,"damage_taken":0},{"event_name":"Winding Halls","player_choice":"Writhe","floor":41,"damage_taken":0},{"event_name":"Mysterious Sphere","player_choice":"Fight","floor":44,"damage_taken":0},{"event_name":"Duplicator","player_choice":"One dupe","floor":46,"damage_taken":0}],"boss_relics":[{"not_picked":["White Beast Statue","Empty Cage"],"picked":"Astrolabe"},{"not_picked":["Cursed Key","Pandora\u0027s Box"],"picked":"Coffee Dripper"}],"items_purged_floors":[19,37],"is_endless":false,"potions_floor_spawned":[4,7,12,16,28,29,33,35,45],"ascension_level":1}