{"gold_per_floor":[119,135,135,145,161,161,13,31,31,31,65,83,100,111,111,215,215,233,246,263,263,263],"floor_reached":22,"playtime":1133,"items_purged":["Pain"],"score":269,"play_id":"98275098-2c7a-4dd9-a966-1eb4056bebeb","local_time":"20190127180213","is_ascension_mode":true,"campfire_choices":[{"data":"Zap","floor":6.0,"key":"SMITH"},{"data":"Dualcast","floor":10.0,"key":"SMITH"},{"floor":15,"key":"REST"}],"neow_cost":"NONE","seed_source_timestamp":598196027349137,"circlet_count":0,"master_deck":["Strike_B","Strike_B","Strike_B","Defend_B","Defend_B","Defend_B","Defend_B","Zap+1","Dualcast+1","Go for the Eyes","Conserve Battery","Scrape","Chill","Capacitor","Chill","Redo","FTL","Conserve Battery","Echo Form","FTL","Stack"],"special_seed":0,"relics":["Cracked Core","NeowsBlessing","WarpedTongs","Art of War","Smiling Mask","Sozu"],"potions_floor_usage":[18,22],"damage_taken":[{"damage":0.0,"enemies":"Cultist","floor":1.0,"turns":1.0},{"damage":0.0,"enemies":"Small Slimes","floor":2.0,"turns":1.0},{"damage":0.0,"enemies":"Jaw Worm","floor":4.0,"turns":1.0},{"damage":31.0,"enemies":"3 Louse","floor":5.0,"turns":4.0},{"damage":13.0,"enemies":"Exordium Thugs","floor":8.0,"turns":5.0},{"damage":11.0,"enemies":"Lagavulin","floor":11.0,"turns":7.0},{"damage":0.0,"enemies":"2 Fungi Beasts","floor":12.0,"turns":3.0},{"damage":0,"enemies":"Lots of Slimes","floor":13,"turns":5},{"damage":4,"enemies":"Exordium Thugs","floor":14,"turns":5},{"damage":6,"enemies":"The Guardian","floor":16,"turns":13},{"damage":16,"enemies":"3 Byrds","floor":18,"turns":7},{"damage":9,"enemies":"Chosen","floor":19,"turns":5},{"damage":1,"enemies":"Centurion and Healer","floor":20,"turns":9},{"damage":23,"enemies":"Colosseum Slavers","floor":22,"turns":5},{"damage":27,"enemies":"Colosseum Nobs","floor":22,"turns":3}],"seed_played":"3267321423643040689","potions_obtained":[{"floor":5.0,"key":"Fire Potion"},{"floor":12.0,"key":"Ancient Potion"},{"floor":14,"key":"Explosive Potion"}],"is_trial":false,"path_per_floor":["M","M","?","M","M","R","$","M","T","R","E","M","M","M","R","B",null,"M","M","M","?","?"],"character_chosen":"DEFECT","items_purchased":["Capacitor"],"campfire_rested":1,"item_purchase_floors":[7],"current_hp_per_floor":[68,68,68,68,37,37,37,24,24,24,13,13,13,9,31,25,63,47,38,37,37,0],"gold":263,"neow_bonus":"THREE_ENEMY_KILL","is_prod":false,"is_daily":false,"chose_seed":false,"campfire_upgraded":2,"win_rate":0,"timestamp":1548633733,"path_taken":["M","?","?","?","M","R","$","M","T","R","E","?","M","M","R","BOSS","M","M","M","?","?"],"build_version":"2019-01-23","purchased_purges":1,"victory":false,"max_hp_per_floor":[75,75,75,75,75,75,75,75,75,75,75,75,75,75,75,75,75,75,75,75,75,75],"card_choices":[{"not_picked":["Streamline","Hologram"],"picked":"Go for the Eyes","floor":1.0},{"not_picked":["Static Discharge","Rip and Tear"],"picked":"Conserve Battery","floor":2.0},{"not_picked":["Double Energy","Fusion"],"picked":"Scrape","floor":4.0},{"not_picked":["Turbo","Hologram"],"picked":"Chill","floor":5.0},{"not_picked":["Turbo","Fusion"],"picked":"Chill","floor":8.0},{"not_picked":["Barrage","Gash"],"picked":"Redo","floor":11.0},{"not_picked":["Steam Power","Turbo","Rebound"],"picked":"SKIP","floor":12.0},{"not_picked":["Gash","Reprogram"],"picked":"FTL","floor":13},{"not_picked":["Undo","Reboot"],"picked":"Conserve Battery","floor":14},{"not_picked":["Biased Cognition","Hyperbeam"],"picked":"Echo Form","floor":16},{"not_picked":["Scrape","Double Energy"],"picked":"FTL","floor":18},{"not_picked":["Heatsinks","Doom and Gloom","Hologram"],"picked":"SKIP","floor":19},{"not_picked":["Static Discharge+1","Compile Driver"],"picked":"Stack","floor":20}],"player_experience":137975,"relics_obtained":[{"floor":9.0,"key":"Art of War"},{"floor":11.0,"key":"Smiling Mask"}],"event_choices":[{"damage_healed":0.0,"max_hp_gain":0.0,"max_hp_loss":0.0,"gold_gain":0.0,"event_name":"Accursed Blacksmith","player_choice":"Rummage","floor":3.0,"gold_loss":0.0,"damage_taken":0.0,"relics_obtained":["WarpedTongs"],"cards_obtained":["Pain"]},{"cards_removed":["Strike_B"],"damage_healed":0,"gold_gain":0,"player_choice":"Elegance","damage_taken":0,"max_hp_gain":0,"max_hp_loss":0,"event_name":"Back to Basics","floor":21,"gold_loss":0},{"damage_healed":0,"gold_gain":0,"player_choice":"Fight","damage_taken":0,"max_hp_gain":0,"max_hp_loss":0,"event_name":"Colosseum","floor":22,"gold_loss":0},{"damage_healed":0,"gold_gain":0,"player_choice":"Fought Nobs","damage_taken":0,"max_hp_gain":0,"max_hp_loss":0,"event_name":"Colosseum","floor":22,"gold_loss":0}],"is_beta":false,"boss_relics":[{"not_picked":["Astrolabe","Nuclear Battery"],"picked":"Sozu"}],"items_purged_floors":[7],"is_endless":false,"potions_floor_spawned":[5,12,14,16,20,22],"killed_by":"Colosseum Nobs","ascension_level":8}