{"gold_per_floor":[112,112,112,130,145,175,185,217,217,217],"floor_reached":10,"playtime":738,"items_purged":[],"score":78,"play_id":"be154212-5d0c-4b60-bb5e-5ab008ad6cdb","local_time":"20190208153718","is_ascension_mode":false,"campfire_choices":[],"neow_cost":"CURSE","seed_source_timestamp":57164139893865,"circlet_count":0,"master_deck":["Strike_B","Strike_B","Strike_B","Strike_B","Defend_B","Defend_B","Defend_B","Defend_B","Zap","Dualcast","Loop","FTL","Capacitor","Coolheaded","Defragment"],"relics":["Cracked Core","Juzu Bracelet","Dream Catcher","Centennial Puzzle"],"potions_floor_usage":[6,7],"damage_taken":[{"damage":4,"enemies":"2 Louse","floor":1,"turns":3},{"damage":10,"enemies":"Small Slimes","floor":4,"turns":3},{"damage":0,"enemies":"Cultist","floor":5,"turns":3},{"damage":29,"enemies":"3 Sentries","floor":6,"turns":7},{"damage":10,"enemies":"Looter","floor":7,"turns":3},{"damage":20,"enemies":"Lagavulin","floor":8,"turns":8},{"damage":14,"enemies":"Exordium Thugs","floor":10,"turns":3}],"seed_played":"7132471989780806029","potions_obtained":[{"floor":1,"key":"LiquidBronze"},{"floor":6,"key":"Swift Potion"}],"is_trial":false,"path_per_floor":["?","?","M"],"character_chosen":"DEFECT","items_purchased":[],"campfire_rested":0,"item_purchase_floors":[],"current_hp_per_floor":[85,78,78,68,68,39,29,9,9,0],"gold":217,"neow_bonus":"TWENTY_PERCENT_HP_BONUS","is_prod":false,"is_daily":false,"chose_seed":false,"campfire_upgraded":0,"win_rate":0.0,"timestamp":1549636638,"path_taken":["M","?","?","M","?","E","M","E","T","M"],"build_version":"2019-01-23","purchased_purges":0,"victory":false,"max_hp_per_floor":[89,89,89,89,89,89,89,89,89,89],"card_choices":[{"not_picked":["Streamline","Self Repair"],"picked":"Loop","floor":1},{"not_picked":["Hologram","Leap"],"picked":"FTL","floor":4},{"not_picked":["Heatsinks","FTL"],"picked":"Capacitor","floor":5},{"not_picked":["Force Field","Stack","Cold Snap"],"picked":"SKIP","floor":6},{"not_picked":["Ball Lightning","Compile Driver"],"picked":"Coolheaded","floor":7},{"not_picked":["Steam","Melter"],"picked":"Defragment","floor":8}],"player_experience":46484,"relics_obtained":[{"floor":6,"key":"Juzu Bracelet"},{"floor":8,"key":"Dream Catcher"},{"floor":9,"key":"Centennial Puzzle"}],"event_choices":[{"cards_removed":["Regret"],"damage_healed":0,"gold_gain":0,"player_choice":"Card Removal","damage_taken":7,"max_hp_gain":0,"max_hp_loss":0,"event_name":"Golden Wing","floor":2,"gold_loss":0},{"damage_healed":0,"gold_gain":0,"player_choice":"Ignored","damage_taken":0,"max_hp_gain":0,"max_hp_loss":0,"event_name":"NoteForYourself","floor":3,"gold_loss":0}],"is_beta":false,"boss_relics":[],"items_purged_floors":[],"is_endless":false,"potions_floor_spawned":[1,6],"killed_by":"Exordium Thugs","ascension_level":0}