{"gold_per_floor":[109,284,359,209,226,251,263,263,288,323,172,199,219,219,219,324,324,335,18,28,28,46,46,46],"floor_reached":24,"playtime":913,"items_purged":["Doubt","Strike_B","Strike_B"],"score":370,"play_id":"90d02a6a-5243-426b-996e-4ec7025eaf23","local_time":"20190131002013","is_ascension_mode":true,"campfire_choices":[{"data":"Sunder","floor":8.0,"key":"SMITH"},{"data":"Zap","floor":15.0,"key":"SMITH"},{"data":"Defragment","floor":23,"key":"SMITH"}],"neow_cost":"NONE","seed_source_timestamp":0,"circlet_count":0,"master_deck":["AscendersBane","Strike_B","Strike_B","Defend_B","Defend_B","Defend_B+1","Defend_B","Zap+1","Dualcast","Sunder+1","Coolheaded+1","Ball Lightning","Ball Lightning","Capacitor","Loop","Steam","Self Repair","Leap","Redo","Echo Form","Sweeping Beam+1","Defragment+1","Coolheaded","Go for the Eyes","Consume+1"],"special_seed":0,"relics":["Cracked Core","NeowsBlessing","Bag of Preparation","Blood Vial","The Courier","Pantograph","Nuclear Battery","Strawberry"],"potions_floor_usage":[18],"damage_taken":[{"damage":0.0,"enemies":"2 Louse","floor":1.0,"turns":1.0},{"damage":0.0,"enemies":"Small Slimes","floor":5.0,"turns":1.0},{"damage":0.0,"enemies":"Lagavulin","floor":6.0,"turns":1.0},{"damage":5.0,"enemies":"Jaw Worm","floor":7.0,"turns":3.0},{"damage":21.0,"enemies":"3 Sentries","floor":10.0,"turns":5.0},{"damage":23.0,"enemies":"Lagavulin","floor":12.0,"turns":6.0},{"damage":11.0,"enemies":"Blue Slaver","floor":13.0,"turns":3.0},{"damage":12.0,"enemies":"Slime Boss","floor":16.0,"turns":11.0},{"damage":28,"enemies":"3 Byrds","floor":18,"turns":6},{"damage":4,"enemies":"Shell Parasite","floor":20,"turns":5},{"damage":11,"enemies":"Centurion and Healer","floor":22,"turns":9},{"damage":51,"enemies":"Slavers","floor":24,"turns":3}],"seed_played":"2047409137456618981","potions_obtained":[{"floor":6.0,"key":"GamblersBrew"},{"floor":7.0,"key":"Explosive Potion"},{"floor":10.0,"key":"SteroidPotion"},{"floor":16.0,"key":"Fire Potion"},{"floor":18,"key":"Strength Potion"},{"floor":20,"key":"Weak Potion"}],"is_trial":false,"path_per_floor":["M","?","?","$","M","E","M","R","T","E","$","E","M","?","R","B",null,"M","$","M","?","M","R","E"],"character_chosen":"DEFECT","items_purchased":["Coolheaded","Ball Lightning","Self Repair","SkillPotion","Defragment","Coolheaded","Strawberry"],"campfire_rested":0,"item_purchase_floors":[4,4,11,11,19,19,19],"current_hp_per_floor":[68,68,57,57,57,57,52,52,52,33,33,19,17,2,2,17,61,35,42,40,40,45,45,0],"gold":46,"neow_bonus":"THREE_ENEMY_KILL","is_prod":false,"is_daily":false,"chose_seed":false,"campfire_upgraded":3,"win_rate":0,"timestamp":1548915613,"path_taken":["M","?","?","$","M","E","M","R","T","E","?","E","?","?","R","BOSS","M","$","M","?","M","R","E"],"build_version":"2019-01-23","purchased_purges":3,"victory":false,"max_hp_per_floor":[75,75,75,75,75,75,75,75,75,75,75,75,75,75,75,75,75,75,82,82,82,82,82,82],"card_choices":[{"not_picked":["Sweeping Beam","Doom and Gloom"],"picked":"Sunder","floor":1.0},{"not_picked":["Consume","Chaos"],"picked":"Ball Lightning","floor":5.0},{"not_picked":["Beam Cell","Aggregate"],"picked":"Capacitor","floor":6.0},{"not_picked":["Darkness","Redo"],"picked":"Loop","floor":7.0},{"not_picked":["Sweeping Beam","Doom and Gloom"],"picked":"Steam","floor":10.0},{"not_picked":["Compile Driver","Barrage"],"picked":"Leap","floor":12.0},{"not_picked":["Sweeping Beam","Beam Cell"],"picked":"Redo","floor":13.0},{"not_picked":["Meteor Strike","Hyperbeam"],"picked":"Echo Form","floor":16.0},{"not_picked":["Streamline+1","Gash"],"picked":"Sweeping Beam+1","floor":18},{"not_picked":["Darkness","Heatsinks"],"picked":"Go for the Eyes","floor":20},{"not_picked":["Fission","Skim"],"picked":"Consume+1","floor":22}],"player_experience":153794,"relics_obtained":[{"floor":6.0,"key":"Bag of Preparation"},{"floor":9.0,"key":"Blood Vial"},{"floor":10.0,"key":"The Courier"},{"floor":12.0,"key":"Pantograph"}],"event_choices":[{"damage_healed":0.0,"max_hp_gain":0.0,"max_hp_loss":0.0,"gold_gain":175.0,"event_name":"Liars Game","player_choice":"AGREE","floor":2.0,"gold_loss":0.0,"damage_taken":0.0,"cards_obtained":["Doubt"]},{"damage_healed":0.0,"max_hp_gain":0.0,"max_hp_loss":0.0,"gold_gain":75.0,"event_name":"World of Goop","player_choice":"Gather Gold","floor":3.0,"gold_loss":0.0,"damage_taken":11.0},{"damage_healed":0.0,"max_hp_gain":0.0,"max_hp_loss":0.0,"gold_gain":0.0,"event_name":"Shining Light","player_choice":"Entered Light","floor":14.0,"gold_loss":0.0,"damage_taken":15.0,"cards_upgraded":["Defend_B","Coolheaded"]},{"damage_healed":0,"gold_gain":0,"player_choice":"Ignored","damage_taken":0,"max_hp_gain":0,"max_hp_loss":0,"event_name":"Ghosts","floor":21,"gold_loss":0}],"is_beta":false,"boss_relics":[{"not_picked":["Orrery","Pandora\u0027s Box"],"picked":"Nuclear Battery"}],"items_purged_floors":[4,11,19],"is_endless":false,"potions_floor_spawned":[6,7,10,16,18,20],"killed_by":"Slavers","ascension_level":11}