{"gold_per_floor":[119,119,44,44,61,61,78,78,102,102,118,118,33,33],"floor_reached":14,"playtime":272,"items_purged":["Injury"],"score":152,"play_id":"3fd2af38-c579-4c2e-9915-869febad1509","local_time":"20190210082230","is_ascension_mode":true,"campfire_choices":[{"data":"Storm","floor":6,"key":"SMITH"},{"data":"Dualcast","floor":10,"key":"SMITH"},{"data":"Conserve Battery","floor":12,"key":"SMITH"}],"neow_cost":"NONE","seed_source_timestamp":317216481718212,"circlet_count":0,"master_deck":["AscendersBane","Strike_B","Strike_B","Strike_B","Defend_B","Defend_B","Defend_B","Defend_B","Zap+1","Dualcast+1","Storm+1","strawberrySpire:Package","Conserve Battery+1","Leap","Self Repair+1"],"relics":["Cracked Core","Frozen Egg 2","Juzu Bracelet"],"potions_floor_usage":[],"damage_taken":[{"damage":4,"enemies":"2 Louse","floor":1,"turns":3},{"damage":2,"enemies":"Jaw Worm","floor":5,"turns":3},{"damage":4,"enemies":"Small Slimes","floor":7,"turns":3},{"damage":15,"enemies":"Exordium Wildlife","floor":11,"turns":4},{"damage":46,"enemies":"3 Sentries","floor":14,"turns":6}],"seed_played":"-4868080449246407980","potions_obtained":[],"is_trial":false,"path_per_floor":["M","?","$","?","M","R","M","?","T","R","M","R","$","E"],"character_chosen":"DEFECT","items_purchased":["Self Repair+1"],"campfire_rested":0,"item_purchase_floors":[13],"current_hp_per_floor":[60,60,60,60,58,58,54,59,59,59,44,44,44,0],"gold":33,"neow_bonus":"UPGRADE_CARD","is_prod":false,"is_daily":false,"chose_seed":false,"campfire_upgraded":3,"win_rate":0,"timestamp":1549747350,"path_taken":["M","?","?","?","?","R","M","?","T","R","M","R","$","E"],"build_version":"2019-01-23","purchased_purges":1,"victory":false,"max_hp_per_floor":[71,71,71,71,71,71,71,76,76,76,76,76,76,76],"card_choices":[{"not_picked":["Panic Button","FTL"],"picked":"Storm","floor":1},{"not_picked":["hubris:Ukulele","Panic Button"],"picked":"strawberrySpire:Package","floor":5},{"not_picked":["Ball Lightning","strawberrySpire:NeonFlight"],"picked":"Conserve Battery","floor":7},{"not_picked":["Auto Shields","Redo"],"picked":"Leap","floor":11}],"player_experience":420573,"relics_obtained":[{"floor":9,"key":"Juzu Bracelet"}],"event_choices":[{"cards_removed":["Strike_B"],"damage_healed":0,"gold_gain":0,"player_choice":"Offered Basic","damage_taken":0,"max_hp_gain":0,"max_hp_loss":0,"event_name":"Bonfire Elementals","floor":4,"gold_loss":0},{"damage_healed":0,"gold_gain":0,"player_choice":"Donut","damage_taken":0,"max_hp_gain":5,"max_hp_loss":0,"event_name":"Big Fish","floor":8,"gold_loss":0}],"is_beta":false,"boss_relics":[],"items_purged_floors":[3],"is_endless":false,"potions_floor_spawned":[],"killed_by":"3 Sentries","ascension_level":19}