{"gold_per_floor":[115,129,129,129,139,139,155,155,155,177,177,64,99,109,109,206,206,218,218,218,229,129,141,141,141,194,194,219,229,58,58,58,158,208,226,226,226,276,293,293,312,33,33,33,46,46,80,80,80,80],"floor_reached":51,"playtime":4046,"items_purged":["Strike_G","Strike_G","Strike_G+1"],"score":944,"play_id":"c7a9c690-7bd5-4741-a2d7-4b3219163e21","local_time":"20180825134351","is_ascension_mode":true,"campfire_choices":[{"data":"Cloak And Dagger","floor":6.0,"key":"SMITH"},{"data":"Survivor","floor":8.0,"key":"SMITH"},{"floor":11.0,"key":"REST"},{"data":"Glass Knife","floor":15.0,"key":"SMITH"},{"data":"Cloak And Dagger","floor":24.0,"key":"SMITH"},{"data":"Terror","floor":27.0,"key":"SMITH"},{"data":"After Image","floor":32.0,"key":"SMITH"},{"floor":40,"key":"REST"},{"floor":44,"key":"REST"},{"floor":46,"key":"REST"},{"floor":49,"key":"REST"}],"neow_cost":"NONE","seed_source_timestamp":0,"circlet_count":0,"master_deck":["Defend_G+1","Defend_G+1","Defend_G+1","Defend_G+1","Defend_G+1","Strike_G+1","Survivor+1","Neutralize","Blade Dance","Escape Plan","Cloak And Dagger+1","Infinite Blades","Well Laid Plans","Glass Knife+1","Terror+1","Infinite Blades","Accuracy+1","Cloak And Dagger+1","Leg Sweep","Decay","PiercingWail+1","Adrenaline","Finisher","Finisher","After Image+1","Leg Sweep","Phantasmal Killer+1","Heel Hook","Outmaneuver+1","Writhe","Adrenaline","Footwork","Acrobatics+1","Dodge and Roll+1","Cloak And Dagger+1","Prepared+1"],"special_seed":0,"relics":["White Beast Statue","Mango","Prayer Wheel","Odd Mushroom","Du-Vu Doll","Lizard Tail","Bottled Lightning","Boot","Pen Nib","Tiny House","Tingsha","Vajra","Matryoshka","Mercury Hourglass"],"potions_floor_usage":[38,38,38,38,39,39,41,41,45,50,50],"damage_taken":[{"damage":0.0,"enemies":"Cultist","floor":1.0,"turns":4.0},{"damage":7.0,"enemies":"Small Slimes","floor":2.0,"turns":4.0},{"damage":1.0,"enemies":"2 Louse","floor":5.0,"turns":3.0},{"damage":2.0,"enemies":"Blue Slaver","floor":7.0,"turns":5.0},{"damage":8.0,"enemies":"The Mushroom Lair","floor":10.0,"turns":4.0},{"damage":13.0,"enemies":"Lagavulin","floor":13.0,"turns":6.0},{"damage":15.0,"enemies":"Large Slime","floor":14.0,"turns":5.0},{"damage":40.0,"enemies":"Slime Boss","floor":16.0,"turns":11.0},{"damage":2.0,"enemies":"Chosen","floor":18.0,"turns":4.0},{"damage":1.0,"enemies":"Spheric Guardian","floor":21.0,"turns":4.0},{"damage":15.0,"enemies":"Snecko","floor":23.0,"turns":5.0},{"damage":7.0,"enemies":"Cultist and Chosen","floor":29.0,"turns":4.0},{"damage":3.0,"enemies":"Champ","floor":33.0,"turns":9.0},{"damage":14.0,"enemies":"Flame Bruiser 1 Orb","floor":35.0,"turns":6.0},{"damage":35,"enemies":"Mysterious Sphere","floor":38,"turns":5},{"damage":20,"enemies":"3 Darklings","floor":39,"turns":7},{"damage":42,"enemies":"Flame Bruiser 2 Orb","floor":41,"turns":4},{"damage":19,"enemies":"Transient","floor":45,"turns":5},{"damage":17,"enemies":"Giant Head","floor":47,"turns":7},{"damage":17,"enemies":"Time Eater","floor":50,"turns":8}],"seed_played":"-4148211052833526961","potions_obtained":[{"floor":1.0,"key":"GamblersBrew"},{"floor":2.0,"key":"LiquidBronze"},{"floor":5.0,"key":"FearPotion"},{"floor":7.0,"key":"FearPotion"},{"floor":10.0,"key":"Strength Potion"},{"floor":13.0,"key":"Regen Potion"},{"floor":14.0,"key":"SmokeBomb"},{"floor":16.0,"key":"GhostInAJar"},{"floor":18.0,"key":"EntropicBrew"},{"floor":21.0,"key":"SneckoOil"},{"floor":23.0,"key":"AttackPotion"},{"floor":29.0,"key":"Explosive Potion"},{"floor":33.0,"key":"Weak Potion"},{"floor":34.0,"key":"Ancient Potion"},{"floor":35.0,"key":"Weak Potion"},{"floor":38,"key":"Weak Potion"},{"floor":39,"key":"GamblersBrew"},{"floor":41,"key":"Poison Potion"},{"floor":45,"key":"AttackPotion"},{"floor":47,"key":"Explosive Potion"}],"is_trial":false,"path_per_floor":["M","M","?","?","M","R","M","R","T","?","R","$","E","M","R","B",null,"M","?","?","M","$","M","R","T","T","R","T","M","$","?","R","B",null,"M","?","?","?","M","R","M","$","T","R","M","R","E","?","R","B"],"character_chosen":"THE_SILENT","items_purchased":["Well Laid Plans","After Image","Leg Sweep","Vajra"],"campfire_rested":5,"item_purchase_floors":[12,30,30,42],"current_hp_per_floor":[63,56,49,45,44,44,42,42,42,34,59,59,46,31,31,6,65,63,63,63,62,62,47,47,47,47,47,47,40,40,40,40,37,77,63,85,85,50,30,56,14,14,14,40,21,47,30,25,51,34],"gold":80,"neow_bonus":"BOSS_RELIC","is_prod":false,"is_daily":false,"chose_seed":false,"campfire_upgraded":6,"win_rate":0,"timestamp":1535197431,"path_taken":["M","M","?","?","M","R","M","R","T","?","R","?","E","M","R","BOSS","M","?","?","M","$","M","R","?","T","R","?","?","?","?","R","BOSS","M","?","?","?","M","R","M","$","T","R","?","R","E","?","R","BOSS"],"build_version":"2018-08-23v2","purchased_purges":3,"victory":true,"max_hp_per_floor":[70,70,70,84,84,84,84,84,84,84,84,84,84,84,84,84,84,84,84,84,84,84,84,84,84,84,84,84,84,84,84,84,84,89,89,89,89,89,89,89,89,89,89,89,89,89,89,89,89,89],"card_choices":[{"not_picked":["Dagger Spray","Flying Knee"],"picked":"Blade Dance","floor":1.0},{"not_picked":["Deflect","Bane"],"picked":"Escape Plan","floor":2.0},{"not_picked":["Outmaneuver","Quick Slash"],"picked":"Cloak And Dagger","floor":5.0},{"not_picked":["Riddle With Holes","Deflect"],"picked":"Infinite Blades","floor":7.0},{"not_picked":["PiercingWail","Eviscerate"],"picked":"Glass Knife","floor":13.0},{"not_picked":["Deflect","Underhanded Strike"],"picked":"Terror","floor":14.0},{"not_picked":["Bouncing Flask","Heel Hook"],"picked":"Infinite Blades","floor":14.0},{"not_picked":["Bane","Backflip"],"picked":"Accuracy+1","floor":18.0},{"not_picked":["Flying Knee","Poisoned Stab+1"],"picked":"Cloak And Dagger","floor":18.0},{"not_picked":["Sucker Punch","Dagger Spray"],"picked":"PiercingWail+1","floor":21.0},{"not_picked":["Backflip","Acrobatics"],"picked":"Cloak And Dagger","floor":21.0},{"not_picked":["Riddle With Holes+1","Backflip"],"picked":"Adrenaline","floor":23.0},{"not_picked":["Caltrops","Bane"],"picked":"Finisher","floor":23.0},{"not_picked":["Underhanded Strike","Deflect"],"picked":"Finisher","floor":29.0},{"not_picked":["Quick Slash","Flying Knee","Bouncing Flask"],"picked":"SKIP","floor":29.0},{"not_picked":["Grand Finale","Storm of Steel"],"picked":"Phantasmal Killer","floor":33.0},{"not_picked":["Dagger Throw","Sucker Punch"],"picked":"Heel Hook","floor":34.0},{"not_picked":["Masterful Stab+1","Backflip"],"picked":"Outmaneuver+1","floor":35.0},{"not_picked":["Backflip","Poisoned Stab","Well Laid Plans+1"],"picked":"SKIP","floor":35.0},{"not_picked":["Dagger Spray","Reflex+1"],"picked":"Adrenaline","floor":38},{"not_picked":["Slice","Deadly Poison+1"],"picked":"Footwork","floor":39},{"not_picked":["Slice+1","Dodge and Roll"],"picked":"Acrobatics+1","floor":39},{"not_picked":["Phantasmal Killer","Acrobatics+1"],"picked":"Dodge and Roll+1","floor":41},{"not_picked":["Poisoned Stab","Outmaneuver+1","Quick Slash"],"picked":"SKIP","floor":41},{"not_picked":["Heel Hook+1","Quick Slash+1"],"picked":"Cloak And Dagger+1","floor":45},{"not_picked":["Dagger Spray","Poisoned Stab","Predator"],"picked":"SKIP","floor":45},{"not_picked":["Catalyst+1","Bouncing Flask"],"picked":"Prepared+1","floor":47}],"player_experience":328934,"relics_obtained":[{"floor":9.0,"key":"Prayer Wheel"},{"floor":10.0,"key":"Odd Mushroom"},{"floor":13.0,"key":"Du-Vu Doll"},{"floor":25.0,"key":"Bottled Lightning"},{"floor":26.0,"key":"Boot"},{"floor":28.0,"key":"Pen Nib"},{"floor":38,"key":"Tingsha"},{"floor":43,"key":"Matryoshka"},{"floor":47,"key":"Mercury Hourglass"}],"event_choices":[{"event_name":"Golden Wing","player_choice":"Card Removal","floor":3.0,"damage_taken":0.0},{"event_name":"Scrap Ooze","player_choice":"success","floor":4.0,"damage_taken":18.0},{"event_name":"Mushrooms","player_choice":"Fought Mushrooms","floor":10.0,"damage_taken":0.0},{"event_name":"The Library","player_choice":"Read","floor":19.0,"damage_taken":0.0},{"event_name":"Forgotten Altar","player_choice":"Smashed Altar","floor":20.0,"damage_taken":0.0},{"event_name":"Back to Basics","player_choice":"Simplicity","floor":31.0,"damage_taken":0.0},{"event_name":"Winding Halls","player_choice":"Writhe","floor":36,"damage_taken":0},{"event_name":"Falling","player_choice":"Removed Skill","floor":37,"damage_taken":0},{"event_name":"Mysterious Sphere","player_choice":"Fight","floor":38,"damage_taken":0},{"event_name":"SensoryStone","player_choice":"Memory 2","floor":48,"damage_taken":0}],"is_beta":false,"boss_relics":[{"not_picked":["Sozu","Snecko Eye"],"picked":"Lizard Tail"},{"not_picked":["Runic Pyramid","Black Star"],"picked":"Tiny House"}],"items_purged_floors":[12,22,42],"is_endless":false,"potions_floor_spawned":[1,2,5,7,10,13,14,16,18,21,23,29,33,35,38,39,41,45,47],"ascension_level":8}