{"gold_per_floor":[118,48,48,48,64,64,102,102,102,102,443,443,123,148,148,267,267,288,288,309,74,74,74,74,74,74,90,107,107,121,121,121,218,218,228,228,81,81,143,143,0,0,49,99,164,96,96,109,109,109],"floor_reached":51,"playtime":1169,"items_purged":[],"score":699,"play_id":"2d51619d-adab-4c0b-b9ef-5bf85ddb7688","local_time":"20190108192517","is_ascension_mode":false,"campfire_choices":[{"data":"Flex","floor":6.0,"key":"SMITH"},{"data":"Perfected Strike","floor":8.0,"key":"SMITH"},{"data":"Uppercut","floor":10.0,"key":"SMITH"},{"data":"Armaments","floor":15.0,"key":"SMITH"},{"data":"Whirlwind","floor":23.0,"key":"SMITH"},{"data":"Iron Wave","floor":32.0,"key":"SMITH"},{"data":"Perfected Strike","floor":40,"key":"SMITH"},{"data":"Heavy Blade","floor":42,"key":"SMITH"},{"data":"Finesse","floor":47,"key":"SMITH"},{"floor":49,"key":"REST"}],"neow_cost":"NONE","seed_source_timestamp":804246563979794,"circlet_count":0,"master_deck":["Strike_R","Strike_R","Strike_R+1","Strike_R","Defend_R+1","Defend_R","Defend_R","Defend_R","Bash","Flame Barrier","Uppercut+1","Flex+1","Perfected Strike+1","Whirlwind+1","Armaments+1","Demon Form+1","Shrug It Off","Heavy Blade+1","Finesse+1","RitualDagger","Iron Wave+1","Flex+1","Twin Strike","Feed","Perfected Strike+1","Disarm","Flash of Steel","Twin Strike+1","Inflame+1","Disarm+1"],"special_seed":0,"relics":["Burning Blood","Orichalcum","Kunai","Bloody Idol","Frozen Egg 2","Peace Pipe","Old Coin","Bottled Flame","Mark of Pain","Vajra","Paper Frog","Lizard Tail","Blood Vial","SsserpentHead","Red Mask","Bag of Preparation"],"potions_floor_usage":[50,50,50],"damage_taken":[{"damage":0.0,"enemies":"Cultist","floor":1.0,"turns":3.0},{"damage":2.0,"enemies":"Small Slimes","floor":5.0,"turns":4.0},{"damage":15.0,"enemies":"3 Sentries","floor":7.0,"turns":8.0},{"damage":13.0,"enemies":"Gremlin Nob","floor":11.0,"turns":4.0},{"damage":0.0,"enemies":"2 Louse","floor":14.0,"turns":1.0},{"damage":16.0,"enemies":"The Guardian","floor":16.0,"turns":8.0},{"damage":5.0,"enemies":"Chosen","floor":18.0,"turns":4.0},{"damage":16.0,"enemies":"Spheric Guardian","floor":20.0,"turns":4.0},{"damage":4.0,"enemies":"Chosen and Byrds","floor":27.0,"turns":4.0},{"damage":9.0,"enemies":"Snake Plant","floor":28.0,"turns":3.0},{"damage":18.0,"enemies":"Sentry and Sphere","floor":30.0,"turns":5.0},{"damage":31.0,"enemies":"Champ","floor":33.0,"turns":7.0},{"damage":28,"enemies":"3 Darklings","floor":35,"turns":5},{"damage":7,"enemies":"3 Shapes","floor":39,"turns":4},{"damage":18,"enemies":"3 Darklings","floor":45,"turns":5},{"damage":40,"enemies":"Spire Growth","floor":48,"turns":5},{"damage":90,"enemies":"Awakened One","floor":50,"turns":9}],"seed_played":"-405291970609773785","potions_obtained":[{"floor":1.0,"key":"AttackPotion"},{"floor":7.0,"key":"EssenceOfSteel"},{"floor":11.0,"key":"GamblersBrew"},{"floor":16.0,"key":"EssenceOfSteel"},{"floor":20.0,"key":"FearPotion"},{"floor":30.0,"key":"SteroidPotion"}],"is_trial":false,"path_per_floor":["M","$","T","?","M","R","E","R","T","R","E","?","$","M","R","B",null,"M","?","M","$","?","R","?","$","T","M","M","$","M","?","R","B",null,"M","?","$","?","M","R","?","R","T","?","M","$","R","M","R","B",null],"character_chosen":"IRONCLAD","items_purchased":["Uppercut","Bottled Flame","Corruption+1","Vajra","Finesse","Blood Vial","Inflame+1"],"campfire_rested":1,"item_purchase_floors":[2,13,13,21,21,37,46],"current_hp_per_floor":[80,80,80,74,74,74,65,65,65,65,58,43,43,49,49,39,74,74,74,64,64,64,64,58,58,58,65,67,67,60,60,60,40,74,57,57,57,57,68,68,73,73,74,74,67,67,67,40,62,22],"gold":109,"neow_bonus":"RANDOM_COMMON_RELIC","is_prod":false,"is_daily":false,"chose_seed":false,"campfire_upgraded":9,"win_rate":0,"timestamp":1546997117,"path_taken":["M","?","?","?","M","R","E","R","T","R","E","?","$","?","R","BOSS","M","?","?","?","?","R","?","$","T","?","M","$","M","?","R","BOSS","M","?","$","?","?","R","?","R","T","?","?","$","R","M","R","BOSS"],"build_version":"2019-01-03v4","purchased_purges":0,"victory":true,"max_hp_per_floor":[80,80,80,74,74,74,74,74,74,74,74,74,74,74,74,74,74,74,74,74,74,74,74,74,74,74,74,74,74,74,74,74,74,74,74,74,74,74,74,74,74,74,74,74,74,74,74,74,74,74],"card_choices":[{"not_picked":["Corruption","Clash"],"picked":"Flame Barrier","floor":1.0},{"not_picked":["Shrug It Off","Disarm"],"picked":"Flex","floor":5.0},{"not_picked":["Dropkick","Feel No Pain"],"picked":"Perfected Strike","floor":7.0},{"not_picked":["Body Slam","Heavy Blade"],"picked":"Whirlwind","floor":11.0},{"not_picked":["Entrench","Infernal Blade"],"picked":"Armaments","floor":14.0},{"not_picked":["Brutality+1","Feed"],"picked":"Demon Form+1","floor":16.0},{"not_picked":["Pommel Strike","Pummel"],"picked":"Shrug It Off","floor":18.0},{"not_picked":["Bloodletting","Shrug It Off"],"picked":"Heavy Blade","floor":20.0},{"not_picked":["Wild Strike+1","Shrug It Off"],"picked":"Iron Wave","floor":27.0},{"not_picked":["Cleave","Wild Strike+1"],"picked":"Flex+1","floor":28.0},{"not_picked":["Heavy Blade","Pommel Strike"],"picked":"Twin Strike","floor":30.0},{"not_picked":["Impervious","Barricade+1"],"picked":"Feed","floor":33.0},{"not_picked":["Havoc","Rage"],"picked":"Perfected Strike","floor":35},{"not_picked":["Iron Wave","Wild Strike+1"],"picked":"Disarm","floor":39},{"not_picked":["Transmutation","PanicButton"],"picked":"Flash of Steel","floor":44},{"not_picked":["Clothesline+1","Second Wind"],"picked":"Twin Strike+1","floor":45},{"not_picked":["Havoc+1","Reaper"],"picked":"Disarm+1","floor":48}],"player_experience":68422,"relics_obtained":[{"floor":3.0,"key":"Kunai"},{"floor":7.0,"key":"Frozen Egg 2"},{"floor":9.0,"key":"Peace Pipe"},{"floor":11.0,"key":"Old Coin"},{"floor":26.0,"key":"Paper Frog"},{"floor":43,"key":"Bag of Preparation"}],"event_choices":[{"damage_healed":0.0,"max_hp_gain":0.0,"max_hp_loss":6.0,"gold_gain":0.0,"event_name":"Golden Idol","player_choice":"Lose Max HP","floor":4.0,"gold_loss":0.0,"damage_taken":0.0,"relics_obtained":["Golden Idol"]},{"damage_healed":0.0,"max_hp_gain":0.0,"max_hp_loss":0.0,"gold_gain":0.0,"event_name":"Shining Light","player_choice":"Entered Light","floor":12.0,"gold_loss":0.0,"damage_taken":15.0,"cards_upgraded":["Strike_R","Defend_R"]},{"cards_removed":["Corruption"],"damage_healed":0.0,"max_hp_gain":0.0,"max_hp_loss":0.0,"gold_gain":0.0,"event_name":"Bonfire Elementals","player_choice":"Offered Uncommon","floor":19.0,"gold_loss":0.0,"damage_taken":0.0},{"damage_healed":0.0,"max_hp_gain":0.0,"max_hp_loss":0.0,"gold_gain":0.0,"event_name":"Forgotten Altar","player_choice":"Gave Idol","floor":22.0,"relics_lost":["Golden Idol"],"gold_loss":0.0,"damage_taken":0.0,"relics_obtained":["Bloody Idol"]},{"damage_healed":0.0,"max_hp_gain":0.0,"max_hp_loss":0.0,"gold_gain":0.0,"event_name":"Nest","player_choice":"Joined the Cult","floor":24.0,"gold_loss":0.0,"damage_taken":6.0,"cards_obtained":["RitualDagger"]},{"damage_healed":0.0,"max_hp_gain":0.0,"max_hp_loss":0.0,"gold_gain":0.0,"event_name":"Ghosts","player_choice":"Ignored","floor":31.0,"gold_loss":0.0,"damage_taken":0.0},{"cards_removed":["Strike_R"],"damage_healed":0,"gold_gain":0,"player_choice":"Removed Attack","damage_taken":0,"max_hp_gain":0,"max_hp_loss":0,"event_name":"Falling","floor":36,"gold_loss":0},{"damage_healed":0,"gold_gain":0,"player_choice":"Trade","damage_taken":0,"relics_obtained":["SsserpentHead"],"max_hp_gain":0,"max_hp_loss":0,"event_name":"FaceTrader","floor":38,"gold_loss":0},{"damage_healed":0,"gold_gain":0,"player_choice":"Paid","damage_taken":0,"relics_obtained":["Red Mask"],"max_hp_gain":0,"max_hp_loss":0,"event_name":"Tomb of Lord Red Mask","floor":41,"gold_loss":193},{"damage_healed":0,"gold_gain":0,"player_choice":"Memory 1","damage_taken":0,"max_hp_gain":0,"max_hp_loss":0,"event_name":"SensoryStone","floor":44,"gold_loss":0}],"is_beta":false,"boss_relics":[{"not_picked":["Velvet Choker","Sozu"],"picked":"Mark of Pain"},{"not_picked":["Runic Cube","Fusion Hammer"],"picked":"Lizard Tail"}],"items_purged_floors":[],"is_endless":false,"potions_floor_spawned":[1,7,11,16,20,30,35,45],"ascension_level":0}