{"gold_per_floor":[10,10,10,25,25,51,51,62,88,142,175,187,228,257,269,359,371,401,446,477,504,528,540,581,508,520,563,575,587,305,305],"floor_reached":31,"playtime":1803,"items_purged":["Strike_R"],"score":509,"play_id":"d96aac27-782d-4bb5-956e-08bf42aa2919","local_time":"20181214210301","is_ascension_mode":true,"campfire_choices":[{"floor":7,"key":"REST"},{"data":"Hemokinesis","floor":12,"key":"SMITH"},{"data":"Inflame","floor":15,"key":"SMITH"},{"floor":23,"key":"REST"},{"floor":29,"key":"REST"}],"neow_cost":"NO_GOLD","seed_source_timestamp":0,"circlet_count":0,"master_deck":["AscendersBane","Strike_R","Strike_R","Strike_R","Defend_R","Defend_R+1","Defend_R","Defend_R","Bash+1","Hemokinesis+1","Seeing Red","Inflame+1","Disarm","Carnage","Metallicize","Exhume","Battle Trance","Inflame","Immolate","Evolve"],"special_seed":0,"relics":["Burning Blood","Bag of Marbles","Ancient Tea Set","Lantern","MawBank","Pantograph","Mark of Pain","Red Mask","Pen Nib","Kunai","Meat on the Bone","Blue Candle","Orichalcum"],"potions_floor_usage":[14,16,19,20,27,31],"damage_taken":[{"damage":7,"enemies":"2 Louse","floor":1,"turns":3},{"damage":5,"enemies":"Small Slimes","floor":4,"turns":5},{"damage":41,"enemies":"Lagavulin","floor":6,"turns":6},{"damage":0,"enemies":"Cultist","floor":8,"turns":3},{"damage":17,"enemies":"Gremlin Nob","floor":11,"turns":3},{"damage":22,"enemies":"Lagavulin","floor":13,"turns":7},{"damage":2,"enemies":"Exordium Thugs","floor":14,"turns":3},{"damage":34,"enemies":"The Guardian","floor":16,"turns":11},{"damage":2,"enemies":"Chosen","floor":18,"turns":3},{"damage":12,"enemies":"Masked Bandits","floor":19,"turns":4},{"damage":12,"enemies":"3 Byrds","floor":20,"turns":7},{"damage":31,"enemies":"Centurion and Healer","floor":21,"turns":7},{"damage":28,"enemies":"Snake Plant","floor":22,"turns":4},{"damage":20,"enemies":"Book of Stabbing","floor":24,"turns":4},{"damage":13,"enemies":"Gremlin Leader","floor":27,"turns":5},{"damage":40,"enemies":"Book of Stabbing","floor":31,"turns":4}],"seed_played":"-5973883444684818654","potions_obtained":[{"floor":8,"key":"FearPotion"},{"floor":13,"key":"SkillPotion"},{"floor":14,"key":"AttackPotion"},{"floor":16,"key":"Weak Potion"},{"floor":21,"key":"EssenceOfSteel"},{"floor":22,"key":"GamblersBrew"},{"floor":27,"key":"Explosive Potion"}],"is_trial":false,"path_per_floor":["M","?","?","M","?","E","R","M","T","T","E","R","E","M","R","B",null,"M","?","M","M","M","R","E","?","T","E","?","R","$","E"],"character_chosen":"IRONCLAD","items_purchased":["Evolve","Orichalcum"],"campfire_rested":3,"item_purchase_floors":[30,30],"current_hp_per_floor":[81,81,54,55,55,20,46,52,52,52,41,41,25,29,29,26,73,77,71,65,40,18,44,30,30,30,35,9,37,37,0],"gold":305,"neow_bonus":"TWENTY_PERCENT_HP_BONUS","is_prod":false,"is_daily":false,"chose_seed":false,"campfire_upgraded":2,"win_rate":0,"timestamp":1544817781,"path_taken":["M","?","?","M","?","E","R","M","T","?","E","R","E","?","R","BOSS","M","?","M","M","M","R","E","?","T","E","?","R","$","E"],"build_version":"2018-12-13","purchased_purges":1,"victory":false,"max_hp_per_floor":[89,89,89,89,89,89,89,89,89,89,89,89,89,89,89,89,89,89,89,89,89,89,89,89,89,89,89,94,94,94,94],"card_choices":[{"not_picked":["Warcry","Shrug It Off"],"picked":"Hemokinesis","floor":1},{"not_picked":["Thunderclap","Armaments","Corruption"],"picked":"SKIP","floor":4},{"not_picked":["Havoc","Sentinel"],"picked":"Inflame","floor":6},{"not_picked":["Havoc","Second Wind"],"picked":"Disarm","floor":8},{"not_picked":["Clothesline","Dual Wield"],"picked":"Carnage","floor":11},{"not_picked":["Infernal Blade","Reckless Charge","Headbutt"],"picked":"SKIP","floor":13},{"not_picked":["Flame Barrier","Shrug It Off"],"picked":"Metallicize","floor":14},{"not_picked":["Limit Break","Barricade"],"picked":"Exhume","floor":16},{"not_picked":["Reckless Charge","Combust"],"picked":"Battle Trance","floor":18},{"not_picked":["Dual Wield","Cleave"],"picked":"Inflame","floor":20},{"not_picked":["Corruption","Thunderclap","Bloodletting+1"],"picked":"SKIP","floor":21},{"not_picked":["Anger","Shockwave"],"picked":"Immolate","floor":22},{"not_picked":["Armaments","Cleave","Clash"],"picked":"SKIP","floor":24},{"not_picked":["Seeing Red","Anger","Flex"],"picked":"SKIP","floor":27}],"player_experience":613901,"relics_obtained":[{"floor":6,"key":"Bag of Marbles"},{"floor":9,"key":"Ancient Tea Set"},{"floor":10,"key":"Lantern"},{"floor":11,"key":"MawBank"},{"floor":13,"key":"Pantograph"},{"floor":19,"key":"Red Mask"},{"floor":24,"key":"Pen Nib"},{"floor":26,"key":"Meat on the Bone"},{"floor":27,"key":"Blue Candle"}],"event_choices":[{"damage_healed":0,"gold_gain":0,"cards_transformed":["Strike_R"],"player_choice":"Change","damage_taken":0,"max_hp_gain":0,"max_hp_loss":0,"event_name":"Living Wall","floor":2,"gold_loss":0,"cards_obtained":["Seeing Red"]},{"damage_healed":0,"gold_gain":0,"player_choice":"Entered Light","damage_taken":27,"max_hp_gain":0,"max_hp_loss":0,"event_name":"Shining Light","floor":3,"gold_loss":0,"cards_upgraded":["Bash","Defend_R"]},{"damage_healed":0,"gold_gain":0,"player_choice":"Ignored","damage_taken":0,"max_hp_gain":0,"max_hp_loss":0,"event_name":"Liars Game","floor":5,"gold_loss":0},{"damage_healed":0,"gold_gain":0,"player_choice":"Fought Bandits","damage_taken":0,"max_hp_gain":0,"max_hp_loss":0,"event_name":"Masked Bandits","floor":19,"gold_loss":0},{"damage_healed":0,"gold_gain":0,"player_choice":"Obtained Relic","damage_taken":0,"relics_obtained":["Kunai"],"max_hp_gain":0,"max_hp_loss":0,"event_name":"Addict","floor":25,"gold_loss":85},{"damage_healed":0,"gold_gain":0,"player_choice":"Shed Blood","damage_taken":31,"max_hp_gain":5,"max_hp_loss":0,"event_name":"Forgotten Altar","floor":28,"gold_loss":0}],"is_beta":false,"boss_relics":[{"not_picked":["Lizard Tail","Black Star"],"picked":"Mark of Pain"}],"items_purged_floors":[30],"is_endless":false,"potions_floor_spawned":[8,13,14,16,21,22,24,27],"killed_by":"Book of Stabbing","ascension_level":15}