{"gold_per_floor":[11,26,26,44,56,90,90,106,132,132,147,175,187,187,187,289,289,271,53,63,74,90,90,124,141,217,217,232,232,132,144,144,144],"floor_reached":33,"playtime":3921,"items_purged":["Strike_B","Defend_B"],"score":283,"play_id":"96412635-fbbd-4fb0-b9fd-0796d38c6d75","local_time":"20190126135004","is_ascension_mode":false,"campfire_choices":[{"data":"Zap","floor":7,"key":"SMITH"},{"data":"Dualcast","floor":10,"key":"SMITH"},{"floor":15,"key":"REST"},{"data":"Buffer","floor":23,"key":"SMITH"},{"data":"Consume","floor":27,"key":"SMITH"},{"data":"Creative AI","floor":29,"key":"SMITH"},{"floor":32,"key":"REST"}],"neow_cost":"NO_GOLD","seed_source_timestamp":611129706359811,"circlet_count":0,"master_deck":["Strike_B","Defend_B","Defend_B","Zap+1","Dualcast+1","Go for the Eyes","Chill","Consume+1","Hologram","Cold Snap","Creative AI+1","Ball Lightning","Buffer+1","Blizzard","Hologram+1","White Noise","Defragment"],"relics":["Cracked Core","Bronze Scales","Regal Pillow","Juzu Bracelet","Eternal Feather","PreservedInsect","Letter Opener"],"potions_floor_usage":[6,12,16,20,22,24,24,31],"damage_taken":[{"damage":0,"enemies":"Small Slimes","floor":1,"turns":3},{"damage":0,"enemies":"2 Louse","floor":2,"turns":2},{"damage":0,"enemies":"Cultist","floor":4,"turns":3},{"damage":3,"enemies":"2 Fungi Beasts","floor":5,"turns":3},{"damage":7,"enemies":"Lagavulin","floor":6,"turns":7},{"damage":6,"enemies":"Exordium Thugs","floor":8,"turns":5},{"damage":2,"enemies":"Blue Slaver","floor":11,"turns":3},{"damage":39,"enemies":"Gremlin Nob","floor":12,"turns":6},{"damage":0,"enemies":"Large Slime","floor":13,"turns":4},{"damage":44,"enemies":"Slime Boss","floor":16,"turns":12},{"damage":16,"enemies":"2 Thieves","floor":18,"turns":4},{"damage":0,"enemies":"Shell Parasite","floor":20,"turns":5},{"damage":18,"enemies":"Cultist and Chosen","floor":21,"turns":6},{"damage":17,"enemies":"Centurion and Healer","floor":22,"turns":10},{"damage":23,"enemies":"Gremlin Leader","floor":24,"turns":8},{"damage":0,"enemies":"Snecko","floor":25,"turns":5},{"damage":0,"enemies":"3 Cultists","floor":28,"turns":4},{"damage":24,"enemies":"Shelled Parasite and Fungi","floor":31,"turns":4},{"damage":58,"enemies":"Collector","floor":33,"turns":8}],"seed_played":"-6823457166156639729","potions_obtained":[{"floor":4,"key":"Strength Potion"},{"floor":5,"key":"AttackPotion"},{"floor":11,"key":"Weak Potion"},{"floor":13,"key":"SteroidPotion"},{"floor":16,"key":"Swift Potion"},{"floor":18,"key":"Fruit Juice"},{"floor":22,"key":"Poison Potion"},{"floor":24,"key":"FearPotion"},{"floor":28,"key":"PowerPotion"}],"is_trial":false,"path_per_floor":["M","M","?","M","M","E","R","M","T","R","M","E","M","?","R","B",null,"M","$","M","M","M","R","E","M","T","R","M","R","$","M","R","B"],"character_chosen":"DEFECT","items_purchased":["Buffer"],"campfire_rested":2,"item_purchase_floors":[19],"current_hp_per_floor":[75,75,68,68,65,58,58,52,52,52,50,11,11,11,48,4,75,59,59,59,41,29,38,15,15,15,24,24,33,33,9,57,0],"gold":144,"neow_bonus":"REMOVE_TWO","is_prod":false,"is_daily":false,"chose_seed":false,"campfire_upgraded":5,"win_rate":0.0,"timestamp":1548507004,"path_taken":["M","M","?","M","M","E","R","M","T","R","M","E","M","?","R","BOSS","M","$","M","M","M","R","E","M","T","R","M","R","$","M","R","BOSS"],"build_version":"2019-01-23","purchased_purges":2,"victory":false,"max_hp_per_floor":[75,75,75,75,75,75,75,75,75,75,75,75,75,75,75,75,75,75,75,75,75,80,80,80,80,80,80,80,80,80,80,80,80],"card_choices":[{"not_picked":["Compile Driver","Sweeping Beam"],"picked":"Go for the Eyes","floor":1},{"not_picked":["Beam Cell","Aggregate","Steam"],"picked":"SKIP","floor":2},{"not_picked":["Stack","Double Energy","Sweeping Beam"],"picked":"SKIP","floor":4},{"not_picked":["Tempest","Rainbow"],"picked":"Chill","floor":5},{"not_picked":["Compile Driver","Ball Lightning"],"picked":"Consume","floor":6},{"not_picked":["Streamline","Sweeping Beam"],"picked":"Hologram","floor":8},{"not_picked":["Darkness","Barrage","Sweeping Beam"],"picked":"SKIP","floor":11},{"not_picked":["Lockon","Reprogram","Force Field"],"picked":"SKIP","floor":12},{"not_picked":["Compile Driver","Lockon"],"picked":"Cold Snap","floor":13},{"not_picked":["Meteor Strike","Multi-Cast"],"picked":"Creative AI","floor":16},{"not_picked":["Beam Cell","Streamline+1"],"picked":"Ball Lightning","floor":18},{"not_picked":["Sweeping Beam+1","Darkness"],"picked":"Blizzard","floor":20},{"not_picked":["Hologram","Fusion+1","Sweeping Beam"],"picked":"SKIP","floor":21},{"not_picked":["Leap","Turbo+1"],"picked":"Hologram+1","floor":22},{"not_picked":["Turbo+1","Beam Cell"],"picked":"White Noise","floor":24},{"not_picked":["Creative AI","Force Field","Hello World+1"],"picked":"SKIP","floor":25},{"not_picked":["Steam+1","Fusion","Stack+1"],"picked":"SKIP","floor":28},{"not_picked":["Consume","Scrape"],"picked":"Defragment","floor":31}],"player_experience":79843,"relics_obtained":[{"floor":6,"key":"Bronze Scales"},{"floor":9,"key":"Regal Pillow"},{"floor":12,"key":"Juzu Bracelet"},{"floor":24,"key":"PreservedInsect"},{"floor":26,"key":"Letter Opener"}],"event_choices":[{"cards_removed":["Strike_B"],"damage_healed":0,"gold_gain":0,"player_choice":"Card Removal","damage_taken":7,"max_hp_gain":0,"max_hp_loss":0,"event_name":"Golden Wing","floor":3,"gold_loss":0},{"damage_healed":0,"gold_gain":0,"player_choice":"Ignored","damage_taken":0,"max_hp_gain":0,"max_hp_loss":0,"event_name":"NoteForYourself","floor":14,"gold_loss":0}],"is_beta":false,"boss_relics":[{"not_picked":["Velvet Choker","Orrery"],"picked":"Eternal Feather"}],"items_purged_floors":[19,30],"is_endless":false,"potions_floor_spawned":[4,5,11,13,16,18,22,24,28],"killed_by":"Collector","ascension_level":0}