{"gold_per_floor":[110,110,121,131,62,87,99,111,148,160,191,203,230,260,272,284],"floor_reached":16,"playtime":547,"items_purged":[],"score":122,"play_id":"a95e1b02-0e4c-49b8-8633-c3dc30eb5358","local_time":"20190110152125","is_ascension_mode":true,"campfire_choices":[{"floor":7,"key":"REST"},{"data":"Whirlwind","floor":15,"key":"SMITH"}],"neow_cost":"NONE","seed_source_timestamp":133398950452173,"circlet_count":0,"master_deck":["Strike_R","Strike_R","Strike_R","Strike_R","Strike_R","Defend_R","Defend_R","Defend_R","Defend_R","Bash","Headbutt","Havoc","Thunderclap","Pummel","Whirlwind+1","Flex","Iron Wave","Heavy Blade","Headbutt"],"relics":["Burning Blood","MawBank","Golden Idol","PreservedInsect","Bag of Marbles"],"potions_floor_usage":[16,16],"damage_taken":[{"damage":10,"enemies":"2 Louse","floor":1,"turns":2},{"damage":1,"enemies":"Cultist","floor":3,"turns":3},{"damage":5,"enemies":"Small Slimes","floor":4,"turns":3},{"damage":72,"enemies":"Lagavulin","floor":6,"turns":7},{"damage":12,"enemies":"Exordium Wildlife","floor":11,"turns":3},{"damage":8,"enemies":"3 Louse","floor":13,"turns":2},{"damage":6,"enemies":"Blue Slaver","floor":14,"turns":3},{"damage":54,"enemies":"The Guardian","floor":16,"turns":8}],"seed_played":"-5398054981246419365","potions_obtained":[{"floor":1,"key":"Weak Potion"},{"floor":2,"key":"Explosive Potion"},{"floor":2,"key":"AttackPotion"},{"floor":4,"key":"SneckoOil"}],"is_trial":false,"path_per_floor":["M","?","M","M","$","E","R","?","T","T","M","?","M","M","R","B"],"character_chosen":"IRONCLAD","items_purchased":["Whirlwind"],"campfire_rested":1,"item_purchase_floors":[5],"current_hp_per_floor":[76,76,80,80,80,14,38,38,38,38,32,56,54,54,54,0],"gold":284,"neow_bonus":"THREE_CARDS","is_prod":false,"is_daily":false,"chose_seed":false,"campfire_upgraded":1,"win_rate":0,"timestamp":1547155285,"path_taken":["M","?","M","?","$","E","R","?","T","?","M","?","M","M","R","BOSS"],"build_version":"2019-01-03v4","purchased_purges":0,"victory":false,"max_hp_per_floor":[80,80,80,80,80,80,80,74,74,74,74,74,74,74,74,74],"card_choices":[{"not_picked":["Anger","Clothesline"],"picked":"Headbutt","floor":0},{"not_picked":["Second Wind","Rupture"],"picked":"Havoc","floor":1},{"not_picked":["Battle Trance","Armaments"],"picked":"Thunderclap","floor":3},{"not_picked":["Twin Strike","Armaments"],"picked":"Pummel","floor":4},{"not_picked":["Clothesline","Whirlwind"],"picked":"Flex","floor":6},{"not_picked":["Flex","Metallicize"],"picked":"Iron Wave","floor":11},{"not_picked":["True Grit","Headbutt"],"picked":"Heavy Blade","floor":13},{"not_picked":["Sever Soul","Rupture"],"picked":"Headbutt","floor":14}],"player_experience":82505,"relics_obtained":[{"floor":6,"key":"MawBank"},{"floor":9,"key":"PreservedInsect"},{"floor":10,"key":"Bag of Marbles"}],"event_choices":[{"damage_healed":0,"gold_gain":0,"player_choice":"Got Potions","damage_taken":0,"max_hp_gain":0,"max_hp_loss":0,"event_name":"Lab","floor":2,"gold_loss":0},{"damage_healed":0,"gold_gain":0,"player_choice":"Lose Max HP","damage_taken":0,"relics_obtained":["Golden Idol"],"max_hp_gain":0,"max_hp_loss":6,"event_name":"Golden Idol","floor":8,"gold_loss":0},{"damage_healed":24,"gold_gain":0,"player_choice":"Banana","damage_taken":0,"max_hp_gain":0,"max_hp_loss":0,"event_name":"Big Fish","floor":12,"gold_loss":0}],"is_beta":false,"boss_relics":[],"items_purged_floors":[],"is_endless":false,"potions_floor_spawned":[1,4,14],"killed_by":"The Guardian","ascension_level":4}