{"gold_per_floor":[109,59,134,144,144,176,176,194,220,220,220,231,110,24,24,99,99,114,114,33,53,117,117,128,128,128,144,179,179,214,246,246,322,322,333,352,123,138,174,174,205,225,275,295,314,324,76,93,93,93],"floor_reached":51,"playtime":4841,"items_purged":["Strike_B","Strike_B"],"score":1226,"play_id":"bce95706-f6a5-488b-95bb-35a60936d8e7","local_time":"20181215202623","is_ascension_mode":true,"campfire_choices":[{"data":"Zap","floor":7,"key":"SMITH"},{"data":"Dualcast","floor":10,"key":"SMITH"},{"floor":15,"key":"REST"},{"data":"Panacea","floor":23,"key":"SMITH"},{"data":"Seek","floor":25,"key":"SMITH"},{"floor":29,"key":"REST"},{"data":"Jack Of All Trades","floor":32,"key":"SMITH"},{"floor":40,"key":"REST"},{"floor":49,"key":"REST"}],"neow_cost":"NONE","seed_source_timestamp":31552044269549,"circlet_count":0,"master_deck":["AscendersBane","Strike_B","Defend_B","Defend_B","Defend_B","Defend_B","Zap+1","Dualcast+1","BootSequence","Scrape+1","Seek+1","Go for the Eyes","BootSequence","Scrape","Flash of Steel","Panacea+1","Jack Of All Trades+1","FTL","FTL","Gash+1","Beam Cell","Seek","Gash+1","Reboot","Scrape","Trip","Hologram+1","Streamline","Gash","FTL","Coolheaded+1","Jack Of All Trades+1","Skim+1"],"relics":["Cracked Core","Pen Nib","WarpedTongs","Bronze Scales","Strawberry","Runic Pyramid","Gremlin Horn","Frozen Egg 2","Whetstone","Red Mask","Fusion Hammer","Toxic Egg 2","Ancient Tea Set"],"potions_floor_usage":[16,22,28,28,30,50,50],"damage_taken":[{"damage":0,"enemies":"Cultist","floor":1,"turns":3},{"damage":0,"enemies":"Jaw Worm","floor":4,"turns":4},{"damage":31,"enemies":"3 Sentries","floor":6,"turns":9},{"damage":0,"enemies":"Small Slimes","floor":8,"turns":4},{"damage":1,"enemies":"Gremlin Gang","floor":12,"turns":3},{"damage":12,"enemies":"Slime Boss","floor":16,"turns":7},{"damage":1,"enemies":"Spheric Guardian","floor":18,"turns":4},{"damage":0,"enemies":"Shell Parasite","floor":21,"turns":4},{"damage":1,"enemies":"Centurion and Healer","floor":22,"turns":7},{"damage":0,"enemies":"Snake Plant","floor":24,"turns":3},{"damage":1,"enemies":"3 Cultists","floor":27,"turns":4},{"damage":0,"enemies":"Gremlin Leader","floor":28,"turns":4},{"damage":16,"enemies":"Slavers","floor":30,"turns":3},{"damage":5,"enemies":"Masked Bandits","floor":31,"turns":3},{"damage":27,"enemies":"Automaton","floor":33,"turns":7},{"damage":0,"enemies":"3 Shapes","floor":35,"turns":2},{"damage":1,"enemies":"3 Darklings","floor":36,"turns":4},{"damage":1,"enemies":"Sphere and 2 Shapes","floor":38,"turns":3},{"damage":4,"enemies":"Writhing Mass","floor":39,"turns":4},{"damage":15,"enemies":"Nemesis","floor":41,"turns":5},{"damage":0,"enemies":"4 Shapes","floor":42,"turns":2},{"damage":0,"enemies":"Sphere and 2 Shapes","floor":44,"turns":4},{"damage":17,"enemies":"Writhing Mass","floor":45,"turns":5},{"damage":0,"enemies":"4 Shapes","floor":46,"turns":5},{"damage":5,"enemies":"3 Darklings","floor":48,"turns":3},{"damage":30,"enemies":"Donu and Deca","floor":50,"turns":4}],"seed_played":"-7342320525656504197","potions_obtained":[{"floor":4,"key":"Poison Potion"},{"floor":6,"key":"Dexterity Potion"},{"floor":12,"key":"Fire Potion"},{"floor":21,"key":"SpeedPotion"},{"floor":24,"key":"Swift Potion"},{"floor":28,"key":"Explosive Potion"},{"floor":31,"key":"GamblersBrew"},{"floor":39,"key":"SteroidPotion"},{"floor":41,"key":"FearPotion"},{"floor":45,"key":"Strength Potion"}],"is_trial":false,"path_per_floor":["M","?","?","M","?","E","R","M","T","R","?","M","$","$","R","B",null,"M","?","$","M","M","R","M","R","T","M","E","R","E","?","R","B",null,"M","M","$","M","M","R","E","M","T","M","M","M","$","M","R","B",null],"character_chosen":"DEFECT","items_purchased":["Scrape","Flash of Steel","Panacea","FTL","Scrape","Trip","Coolheaded+1","Jack Of All Trades+1"],"campfire_rested":4,"item_purchase_floors":[13,13,14,20,37,37,47,47],"current_hp_per_floor":[64,64,53,53,53,22,22,22,29,29,22,21,21,21,44,32,67,66,52,52,52,51,51,51,51,51,50,50,73,57,52,52,25,65,65,64,64,63,59,78,63,63,63,63,46,46,46,41,64,34],"gold":93,"neow_bonus":"RANDOM_COMMON_RELIC","is_prod":false,"is_daily":false,"chose_seed":false,"campfire_upgraded":5,"win_rate":0,"timestamp":1544901983,"path_taken":["M","?","?","M","?","E","R","?","T","R","?","M","?","$","R","BOSS","M","?","?","M","M","R","M","R","T","M","E","R","E","?","R","BOSS","M","M","$","M","M","R","E","M","T","M","M","M","$","M","R","BOSS"],"build_version":"2018-12-13","purchased_purges":2,"victory":true,"max_hp_per_floor":[71,71,71,71,71,71,71,71,78,78,78,78,78,78,78,78,78,78,78,78,78,78,78,78,78,78,78,78,78,78,78,78,78,78,78,78,78,78,78,78,78,78,78,78,78,78,78,78,78,78],"card_choices":[{"not_picked":["Ball Lightning","Sweeping Beam"],"picked":"BootSequence","floor":1},{"not_picked":["Ball Lightning","Rebound"],"picked":"Scrape","floor":4},{"not_picked":["Coolheaded","Fusion"],"picked":"Seek","floor":6},{"not_picked":["Ball Lightning","Sweeping Beam"],"picked":"Go for the Eyes","floor":8},{"not_picked":["Hello World","Hologram"],"picked":"BootSequence","floor":12},{"not_picked":["Loop","Ball Lightning","Glacier"],"picked":"SKIP","floor":18},{"not_picked":["Rebound","Beam Cell+1"],"picked":"FTL","floor":21},{"not_picked":["Undo","Hologram"],"picked":"Gash","floor":22},{"not_picked":["Turbo","Conserve Battery+1"],"picked":"Beam Cell","floor":24},{"not_picked":["Fusion","Sweeping Beam"],"picked":"Seek","floor":27},{"not_picked":["Compile Driver","Storm","Rebound"],"picked":"SKIP","floor":28},{"not_picked":["Compile Driver","Storm","Rebound"],"picked":"SKIP","floor":28},{"not_picked":["Leap","Beam Cell","Aggregate"],"picked":"SKIP","floor":30},{"not_picked":["Ball Lightning","Hologram"],"picked":"Gash+1","floor":31},{"not_picked":["Biased Cognition+1","Rainbow"],"picked":"Reboot","floor":33},{"not_picked":["Sweeping Beam","Beam Cell","Rebound"],"picked":"SKIP","floor":35},{"not_picked":["Redo","Cold Snap","Recycle"],"picked":"SKIP","floor":36},{"not_picked":["Ball Lightning+1","Loop+1","Blizzard"],"picked":"SKIP","floor":38},{"not_picked":["Electrodynamics+1","Defragment+1","Rebound"],"picked":"SKIP","floor":39},{"not_picked":["Storm+1","Genetic Algorithm"],"picked":"Hologram","floor":41},{"not_picked":["Aggregate+1","Cold Snap","Capacitor+1"],"picked":"SKIP","floor":42},{"not_picked":["Darkness+1","Loop+1"],"picked":"Streamline","floor":44},{"not_picked":["Chaos+1","Sunder+1"],"picked":"Gash","floor":45},{"not_picked":["Blizzard+1","Sweeping Beam"],"picked":"FTL","floor":46},{"not_picked":["Gash+1","Barrage"],"picked":"Skim+1","floor":48}],"player_experience":618232,"relics_obtained":[{"floor":6,"key":"Bronze Scales"},{"floor":9,"key":"Strawberry"},{"floor":26,"key":"Gremlin Horn"},{"floor":28,"key":"Frozen Egg 2"},{"floor":30,"key":"Whetstone"},{"floor":31,"key":"Red Mask"},{"floor":41,"key":"Toxic Egg 2"},{"floor":43,"key":"Ancient Tea Set"}],"event_choices":[{"cards_removed":["Strike_B"],"damage_healed":0,"gold_gain":0,"player_choice":"Card Removal","damage_taken":0,"max_hp_gain":0,"max_hp_loss":0,"event_name":"The Cleric","floor":2,"gold_loss":50},{"damage_healed":0,"gold_gain":75,"player_choice":"Gather Gold","damage_taken":11,"max_hp_gain":0,"max_hp_loss":0,"event_name":"World of Goop","floor":3,"gold_loss":0},{"damage_healed":0,"gold_gain":0,"player_choice":"Rummage","damage_taken":0,"relics_obtained":["WarpedTongs"],"max_hp_gain":0,"max_hp_loss":0,"event_name":"Accursed Blacksmith","floor":5,"gold_loss":0,"cards_obtained":["Pain"]},{"cards_removed":["Pain"],"damage_healed":0,"gold_gain":0,"player_choice":"Card Removal","damage_taken":7,"max_hp_gain":0,"max_hp_loss":0,"event_name":"Golden Wing","floor":11,"gold_loss":0},{"damage_healed":0,"gold_gain":0,"player_choice":"CARD ","damage_taken":14,"max_hp_gain":0,"max_hp_loss":0,"event_name":"Knowing Skull","floor":19,"potions_obtained":[],"gold_loss":0,"cards_obtained":["Jack Of All Trades"]},{"damage_healed":0,"gold_gain":0,"player_choice":"Fought Bandits","damage_taken":0,"max_hp_gain":0,"max_hp_loss":0,"event_name":"Masked Bandits","floor":31,"gold_loss":0}],"is_beta":false,"boss_relics":[{"not_picked":["Philosopher\u0027s Stone","Orrery"],"picked":"Runic Pyramid"},{"not_picked":["Black Star","Snecko Eye"],"picked":"Fusion Hammer"}],"items_purged_floors":[37,47],"is_endless":false,"potions_floor_spawned":[4,6,12,21,24,28,31,39,41,42,45,46,48],"ascension_level":14}