{"gold_per_floor":[118,137,154,154,154,187,197,227,227,245,276,276,296,24,24,125,125,140,140,157,175,207,238,248,248],"floor_reached":25,"playtime":3663,"items_purged":["Defend_B"],"score":282,"play_id":"ac9c63a4-3ebf-4a28-8781-c3502b6220dc","local_time":"20190210150055","is_ascension_mode":true,"campfire_choices":[{"data":"Chill","floor":12,"key":"SMITH"},{"data":"Capacitor","floor":15,"key":"SMITH"}],"neow_cost":"NONE","seed_source_timestamp":224855505038740,"circlet_count":0,"master_deck":["Strike_B","Strike_B","Defend_B","Defend_B","Defend_B","Zap","Dualcast","Cold Snap","Chill+1","Skim","Glacier","Hologram","Core Surge","Capacitor+1","Machine Learning+1","Darkness+1","Consume","Compile Driver+1","Chaos+1","Go for the Eyes"],"relics":["Cracked Core","Pear","PreservedInsect","Smiling Mask","Darkstone Periapt","Ancient Tea Set","Nuclear Battery","Red Mask","Calipers"],"potions_floor_usage":[11,16,22,24,24],"damage_taken":[{"damage":7,"enemies":"Small Slimes","floor":1,"turns":4},{"damage":0,"enemies":"Jaw Worm","floor":2,"turns":4},{"damage":0,"enemies":"Cultist","floor":3,"turns":3},{"damage":13,"enemies":"3 Sentries","floor":6,"turns":11},{"damage":7,"enemies":"3 Louse","floor":7,"turns":4},{"damage":10,"enemies":"Lagavulin","floor":8,"turns":10},{"damage":7,"enemies":"Large Slime","floor":10,"turns":6},{"damage":16,"enemies":"Gremlin Nob","floor":11,"turns":5},{"damage":0,"enemies":"Red Slaver","floor":13,"turns":5},{"damage":11,"enemies":"The Guardian","floor":16,"turns":16},{"damage":13,"enemies":"Spheric Guardian","floor":18,"turns":8},{"damage":3,"enemies":"Chosen","floor":20,"turns":6},{"damage":15,"enemies":"Snecko","floor":21,"turns":7},{"damage":11,"enemies":"Masked Bandits","floor":22,"turns":3},{"damage":32,"enemies":"Slavers","floor":23,"turns":11},{"damage":16,"enemies":"Centurion and Healer","floor":24,"turns":8},{"damage":2,"enemies":"3 Cultists","floor":25,"turns":3}],"seed_played":"6083954404380832112","potions_obtained":[{"floor":3,"key":"Dexterity Potion"},{"floor":6,"key":"Energy Potion"},{"floor":7,"key":"SteroidPotion"},{"floor":20,"key":"PowerPotion"},{"floor":21,"key":"Energy Potion"},{"floor":22,"key":"AttackPotion"},{"floor":23,"key":"Strength Potion"}],"is_trial":false,"path_per_floor":["?","?","?","M","?"],"character_chosen":"DEFECT","items_purchased":["Ancient Tea Set","Capacitor"],"campfire_rested":0,"item_purchase_floors":[14,14],"current_hp_per_floor":[75,75,75,75,68,65,58,48,48,41,25,25,25,25,25,14,92,79,79,76,61,50,18,2,0],"gold":248,"neow_bonus":"TEN_PERCENT_HP_BONUS","is_prod":false,"is_daily":false,"chose_seed":false,"campfire_upgraded":2,"win_rate":0,"timestamp":1549807255,"path_taken":["M","M","M","?","?","E","M","E","T","M","E","R","M","$","R","BOSS","M","?","M","?","?","E","M","M"],"build_version":"2019-01-23","purchased_purges":1,"victory":false,"max_hp_per_floor":[82,82,82,82,82,92,92,92,92,92,92,92,92,92,92,92,92,92,92,92,92,92,92,92,92],"card_choices":[{"not_picked":["Hello World","Lockon"],"picked":"Cold Snap","floor":1},{"not_picked":["Ball Lightning","Recycle"],"picked":"Chill","floor":2},{"not_picked":["Blizzard","Sweeping Beam"],"picked":"Skim","floor":3},{"not_picked":["Auto Shields","Streamline"],"picked":"Glacier","floor":6},{"not_picked":["Lockon","Reprogram"],"picked":"Hologram","floor":7},{"not_picked":["Leap","Tempest","Steam"],"picked":"SKIP","floor":8},{"not_picked":["Streamline","Gash","Steam"],"picked":"SKIP","floor":10},{"not_picked":["Compile Driver","Gash"],"picked":"Core Surge","floor":11},{"not_picked":["Cold Snap","Go for the Eyes","Beam Cell"],"picked":"SKIP","floor":13},{"not_picked":["Amplify","All For One"],"picked":"Machine Learning","floor":16},{"not_picked":["Rebound","Leap","Steam"],"picked":"SKIP","floor":18},{"not_picked":["Chill","Gash"],"picked":"Darkness+1","floor":20},{"not_picked":["Chaos","Hyperbeam"],"picked":"Consume","floor":21},{"not_picked":["Genetic Algorithm","Barrage"],"picked":"Compile Driver+1","floor":22},{"not_picked":["Compile Driver","Lockon"],"picked":"Chaos+1","floor":23},{"not_picked":["Glacier","Blizzard"],"picked":"Go for the Eyes","floor":24}],"player_experience":61812,"relics_obtained":[{"floor":6,"key":"Pear"},{"floor":8,"key":"PreservedInsect"},{"floor":9,"key":"Smiling Mask"},{"floor":11,"key":"Darkstone Periapt"},{"floor":22,"key":"Red Mask"},{"floor":23,"key":"Calipers"}],"event_choices":[{"cards_removed":["Strike_B"],"damage_healed":0,"gold_gain":0,"player_choice":"Forget","damage_taken":0,"max_hp_gain":0,"max_hp_loss":0,"event_name":"Living Wall","floor":4,"gold_loss":0},{"cards_removed":["Strike_B"],"damage_healed":0,"gold_gain":0,"player_choice":"Card Removal","damage_taken":7,"max_hp_gain":0,"max_hp_loss":0,"event_name":"Golden Wing","floor":5,"gold_loss":0},{"damage_healed":0,"gold_gain":0,"player_choice":"Upgraded","damage_taken":0,"max_hp_gain":0,"max_hp_loss":0,"event_name":"Upgrade Shrine","floor":19,"gold_loss":0,"cards_upgraded":["Machine Learning"]},{"damage_healed":0,"gold_gain":0,"player_choice":"Fought Bandits","damage_taken":0,"max_hp_gain":0,"max_hp_loss":0,"event_name":"Masked Bandits","floor":22,"gold_loss":0}],"is_beta":false,"boss_relics":[{"not_picked":["Velvet Choker","FrozenCore"],"picked":"Nuclear Battery"}],"items_purged_floors":[14],"is_endless":false,"potions_floor_spawned":[3,6,7,10,20,21,22,23],"killed_by":"3 Cultists","ascension_level":1}