{"gold_per_floor":[360,360,372,16,32,32,67,67,92,104,116,156,168,213,225,310,322,289,301,313,325,385,397],"floor_reached":23,"playtime":1594,"items_purged":[],"score":376,"play_id":"56a729c0-4660-48cf-8a04-7291329db1cc","local_time":"20190121231842","is_ascension_mode":true,"campfire_choices":[{"data":"Apotheosis","floor":6.0,"key":"SMITH"},{"data":"True Grit","floor":8.0,"key":"SMITH"},{"floor":11.0,"key":"REST"},{"data":"Feel No Pain","floor":15.0,"key":"SMITH"}],"neow_cost":"TEN_PERCENT_HP_LOSS","seed_source_timestamp":2923746581346,"circlet_count":0,"master_deck":["AscendersBane","Strike_R","Strike_R","Strike_R","Strike_R","Strike_R+1","Defend_R","Defend_R","Defend_R+1","Defend_R","Bash","Feel No Pain+1","Carnage","Infernal Blade","Apotheosis+1","Seeing Red","Warcry","True Grit+1","Ghostly Armor","Ghostly Armor","Exhume","Power Through+1"],"special_seed":0,"relics":["Burning Blood","Membership Card","Bronze Scales","MawBank","WingedGreaves","Bottled Tornado","Calling Bell","Ancient Tea Set","Sundial","Torii","Strawberry"],"potions_floor_usage":[23,23],"damage_taken":[{"damage":7.0,"enemies":"Jaw Worm","floor":1.0,"turns":4.0},{"damage":0.0,"enemies":"Cultist","floor":3.0,"turns":3.0},{"damage":1.0,"enemies":"2 Louse","floor":5.0,"turns":3.0},{"damage":18.0,"enemies":"Lagavulin","floor":7.0,"turns":7.0},{"damage":6.0,"enemies":"3 Sentries","floor":12.0,"turns":6.0},{"damage":6.0,"enemies":"Lagavulin","floor":14.0,"turns":10.0},{"damage":28,"enemies":"Slime Boss","floor":16,"turns":14},{"damage":28,"enemies":"2 Thieves","floor":18,"turns":5},{"damage":66,"enemies":"Gremlin Leader","floor":23,"turns":13}],"seed_played":"-6195828229684847489","potions_obtained":[{"floor":1.0,"key":"Weak Potion"},{"floor":3.0,"key":"BloodPotion"},{"floor":14.0,"key":"Dexterity Potion"}],"is_trial":false,"path_per_floor":["M","?","M","$","M","R","E","R","T","?","R","E","$","E","R","B",null,"M","$","?","$","T","E"],"character_chosen":"IRONCLAD","items_purchased":["Membership Card","Apotheosis","Seeing Red"],"campfire_rested":1,"item_purchase_floors":[4,4,4],"current_hp_per_floor":[67,67,68,68,68,68,56,56,56,36,56,56,56,56,56,34,60,38,38,38,38,45,0],"gold":397,"neow_bonus":"TWO_FIFTY_GOLD","is_prod":false,"is_daily":false,"chose_seed":false,"campfire_upgraded":3,"win_rate":0,"timestamp":1548109122,"path_taken":["M","?","M","$","?","R","E","R","T","?","R","E","$","E","R","BOSS","M","$","?","?","?","E"],"build_version":"2019-01-17v2","purchased_purges":0,"victory":false,"max_hp_per_floor":[68,68,68,68,68,68,68,68,68,68,68,68,68,68,68,68,68,68,68,68,68,75,75],"card_choices":[{"not_picked":["Clash","Burning Pact"],"picked":"Feel No Pain","floor":1.0},{"not_picked":["Cleave","Anger"],"picked":"Infernal Blade","floor":3.0},{"not_picked":["Body Slam","Perfected Strike"],"picked":"Warcry","floor":5.0},{"not_picked":["Bloodletting","Rage"],"picked":"True Grit","floor":7.0},{"not_picked":["Rupture","Havoc"],"picked":"Ghostly Armor","floor":12.0},{"not_picked":["Wild Strike","Iron Wave"],"picked":"Ghostly Armor","floor":14.0},{"not_picked":["Bludgeon","Juggernaut"],"picked":"Exhume","floor":16},{"not_picked":["Twin Strike+1","Anger"],"picked":"Power Through+1","floor":18}],"player_experience":718334,"relics_obtained":[{"floor":7.0,"key":"Bronze Scales"},{"floor":9.0,"key":"MawBank"},{"floor":12.0,"key":"WingedGreaves"},{"floor":14.0,"key":"Bottled Tornado"},{"floor":17,"key":"Ancient Tea Set"},{"floor":17,"key":"Sundial"},{"floor":17,"key":"Torii"},{"floor":22,"key":"Strawberry"}],"event_choices":[{"damage_healed":0.0,"max_hp_gain":0.0,"max_hp_loss":0.0,"gold_gain":0.0,"event_name":"Match and Keep!","player_choice":"1 cards matched","floor":2.0,"gold_loss":0.0,"damage_taken":0.0,"cards_obtained":["Carnage"]},{"damage_healed":0.0,"max_hp_gain":0.0,"max_hp_loss":0.0,"gold_gain":0.0,"event_name":"Shining Light","player_choice":"Entered Light","floor":10.0,"gold_loss":0.0,"damage_taken":20.0,"cards_upgraded":["Defend_R","Strike_R"]},{"cards_removed":["Regret","Regret","Shame"],"damage_healed":0,"gold_gain":0,"player_choice":"Removed Curses","damage_taken":0,"max_hp_gain":0,"max_hp_loss":0,"event_name":"Fountain of Cleansing","floor":20,"gold_loss":0}],"is_beta":false,"boss_relics":[{"not_picked":["Snecko Eye","White Beast Statue"],"picked":"Calling Bell"}],"items_purged_floors":[],"is_endless":false,"potions_floor_spawned":[1,3,14,18],"killed_by":"Gremlin Leader","ascension_level":17}