{"gold_per_floor":[109,127,127,127,141,141,161,161,161,236,236,260,260,285,285,375,375,394,417,417,432,447,447,478,478,478,478,478,96,146,146],"floor_reached":31,"playtime":1570,"items_purged":["Dualcast"],"score":466,"play_id":"9721dfa2-cceb-4e1c-8495-587c5ceb0c88","local_time":"20190126133604","is_ascension_mode":true,"campfire_choices":[{"data":"Zap","floor":6.0,"key":"SMITH"},{"data":"Hyperbeam","floor":11.0,"key":"SMITH"},{"data":"Reinforced Body","floor":15.0,"key":"SMITH"},{"data":"Undo","floor":23,"key":"SMITH"},{"floor":25,"key":"DIG"},{"data":"Undo","floor":27,"key":"SMITH"}],"neow_cost":"NONE","seed_source_timestamp":0,"circlet_count":0,"master_deck":["AscendersBane","Defend_B","Defend_B","Defend_B","Defend_B","Machine Learning","Turbo","Reinforced Body+1","Leap","Hyperbeam+1","Turbo","Meteor Strike","Self Repair","Double Energy","Bite","Bite","Bite","Bite","Bite","Undo+1","Undo+1","Hyperbeam+1","Fusion"],"special_seed":0,"relics":["Cracked Core","Golden Idol","Turnip","Mercury Hourglass","Velvet Choker","Shovel","Art of War","Strawberry","DollysMirror"],"potions_floor_usage":[22,24],"damage_taken":[{"damage":1.0,"enemies":"2 Louse","floor":1.0,"turns":3.0},{"damage":2.0,"enemies":"Jaw Worm","floor":2.0,"turns":4.0},{"damage":0.0,"enemies":"Small Slimes","floor":5.0,"turns":4.0},{"damage":8.0,"enemies":"Blue Slaver","floor":7.0,"turns":4.0},{"damage":7.0,"enemies":"Looter","floor":12.0,"turns":3.0},{"damage":0.0,"enemies":"Exordium Wildlife","floor":14.0,"turns":2.0},{"damage":23.0,"enemies":"The Guardian","floor":16.0,"turns":11.0},{"damage":0.0,"enemies":"Spheric Guardian","floor":18.0,"turns":4.0},{"damage":34.0,"enemies":"Chosen","floor":19.0,"turns":6.0},{"damage":0,"enemies":"Sentry and Sphere","floor":21,"turns":3},{"damage":0,"enemies":"3 Cultists","floor":22,"turns":2},{"damage":42,"enemies":"Book of Stabbing","floor":24,"turns":7},{"damage":35,"enemies":"Slavers","floor":31,"turns":2}],"seed_played":"-7133132924309560402","potions_obtained":[{"floor":5.0,"key":"FearPotion"},{"floor":14.0,"key":"Weak Potion"},{"floor":19.0,"key":"Explosive Potion"},{"floor":22,"key":"Weak Potion"}],"is_trial":false,"path_per_floor":["M","M","?","?","M","R","M","?","T","?","R","M","T","M","R","B",null,"M","M","?","M","M","R","E","R","T","R","?","$","?","E"],"character_chosen":"DEFECT","items_purchased":["DollysMirror","Fusion"],"campfire_rested":0,"item_purchase_floors":[29,29],"current_hp_per_floor":[63,61,66,66,66,66,58,58,58,47,47,40,40,40,40,17,56,56,29,29,31,46,46,23,23,30,30,30,30,30,0],"gold":146,"neow_bonus":"ONE_RANDOM_RARE_CARD","is_prod":false,"is_daily":false,"chose_seed":false,"campfire_upgraded":5,"win_rate":0,"timestamp":1548506164,"path_taken":["M","M","?","?","M","R","?","?","T","?","R","M","?","?","R","BOSS","M","M","?","M","M","R","E","R","T","R","?","$","?","E"],"build_version":"2019-01-23","purchased_purges":1,"victory":false,"max_hp_per_floor":[71,71,76,76,76,76,76,69,69,69,69,69,69,69,69,69,69,69,69,48,48,48,48,48,48,55,55,55,55,55,55],"card_choices":[{"not_picked":["Stack","Sweeping Beam"],"picked":"Turbo","floor":1.0},{"not_picked":["Hologram","Steam"],"picked":"Reinforced Body","floor":2.0},{"not_picked":["Hello World","Beam Cell"],"picked":"Leap","floor":5.0},{"not_picked":["Hologram","Beam Cell"],"picked":"Hyperbeam","floor":7.0},{"not_picked":["Steam","Stack"],"picked":"Turbo","floor":12.0},{"not_picked":["Redo","Compile Driver","Barrage"],"picked":"SKIP","floor":14.0},{"not_picked":["Amplify","Seek"],"picked":"Meteor Strike","floor":16.0},{"not_picked":["Gash+1","Steam+1"],"picked":"Self Repair","floor":18.0},{"not_picked":["Hologram","Lockon"],"picked":"Double Energy","floor":19.0},{"not_picked":["Blizzard","Go for the Eyes"],"picked":"Undo","floor":21},{"not_picked":["Redo","Reprogram","Rebound"],"picked":"SKIP","floor":22},{"not_picked":["Gash","Blizzard"],"picked":"Undo","floor":24}],"player_experience":720403,"relics_obtained":[{"floor":9.0,"key":"Turnip"},{"floor":13.0,"key":"Mercury Hourglass"},{"floor":24,"key":"Shovel"},{"floor":25,"key":"Art of War"},{"floor":26,"key":"Strawberry"}],"event_choices":[{"damage_healed":0.0,"max_hp_gain":5.0,"max_hp_loss":0.0,"gold_gain":0.0,"event_name":"Big Fish","player_choice":"Donut","floor":3.0,"gold_loss":0.0,"damage_taken":0.0},{"damage_healed":0.0,"max_hp_gain":0.0,"max_hp_loss":0.0,"gold_gain":0.0,"event_name":"Liars Game","player_choice":"Ignored","floor":4.0,"gold_loss":0.0,"damage_taken":0.0},{"damage_healed":0.0,"max_hp_gain":0.0,"max_hp_loss":7.0,"gold_gain":0.0,"event_name":"Golden Idol","player_choice":"Lose Max HP","floor":8.0,"gold_loss":0.0,"damage_taken":0.0,"relics_obtained":["Golden Idol"]},{"damage_healed":0.0,"max_hp_gain":0.0,"max_hp_loss":0.0,"gold_gain":75.0,"event_name":"World of Goop","player_choice":"Gather Gold","floor":10.0,"gold_loss":0.0,"damage_taken":11.0},{"damage_healed":0,"gold_gain":0,"player_choice":"Became a vampire","damage_taken":0,"max_hp_gain":0,"max_hp_loss":21,"event_name":"Vampires","floor":20,"gold_loss":0,"cards_obtained":["Bite","Bite","Bite","Bite","Bite"]},{"cards_removed":["Zap"],"damage_healed":0,"gold_gain":0,"player_choice":"Elegance","damage_taken":0,"max_hp_gain":0,"max_hp_loss":0,"event_name":"Back to Basics","floor":28,"gold_loss":0},{"damage_healed":0,"gold_gain":50,"player_choice":"Stole From Cult","damage_taken":0,"max_hp_gain":0,"max_hp_loss":0,"event_name":"Nest","floor":30,"gold_loss":0}],"is_beta":false,"boss_relics":[{"not_picked":["Fusion Hammer","Orrery"],"picked":"Velvet Choker"}],"items_purged_floors":[29],"is_endless":false,"potions_floor_spawned":[5,14,19,22],"killed_by":"Slavers","ascension_level":16}