{"gold_per_floor":[116,132,142,157,170,170,203,54,81,156,156,331,140,58,58,58],"floor_reached":16,"playtime":370,"items_purged":["Strike_B","Doubt"],"score":160,"play_id":"e214ba13-7466-4172-948e-7e01dce50587","local_time":"20190221142218","is_ascension_mode":true,"campfire_choices":[{"floor":6,"key":"REST"},{"floor":15,"key":"REST"}],"neow_cost":"NONE","seed_source_timestamp":119342477366530,"circlet_count":0,"master_deck":["AscendersBane","Strike_B","Strike_B","Strike_B","Defend_B","Defend_B","Defend_B","Defend_B","Zap","Dualcast","Glacier","Hello World","Reinforced Body","Echo Form","White Noise","Conserve Battery","Coolheaded","Finesse","Double Energy","Go for the Eyes"],"relics":["Cracked Core","Bronze Scales","Darkstone Periapt","Happy Flower","Anchor"],"potions_floor_usage":[5,7,7],"damage_taken":[{"damage":0,"enemies":"Cultist","floor":1,"turns":3},{"damage":7,"enemies":"Jaw Worm","floor":2,"turns":4},{"damage":10,"enemies":"2 Louse","floor":3,"turns":3},{"damage":4,"enemies":"Blue Slaver","floor":4,"turns":4},{"damage":4,"enemies":"Red Slaver","floor":5,"turns":5},{"damage":31,"enemies":"Gremlin Nob","floor":7,"turns":5},{"damage":48,"enemies":"Slime Boss","floor":16,"turns":6}],"seed_played":"-6580130995057791664","potions_obtained":[{"floor":1,"key":"Weak Potion"},{"floor":2,"key":"Block Potion"},{"floor":5,"key":"Strength Potion"}],"is_trial":false,"path_per_floor":["M","M","M","M","M","R","E","$","T","?","?","?","$","$","R","B"],"character_chosen":"DEFECT","items_purchased":["Conserve Battery","Coolheaded","Finesse","Double Energy","Go for the Eyes"],"campfire_rested":2,"item_purchase_floors":[8,8,13,14,14],"current_hp_per_floor":[68,61,51,47,43,65,34,34,34,23,16,22,22,22,46,0],"gold":58,"neow_bonus":"RANDOM_COMMON_RELIC","is_prod":false,"is_daily":false,"chose_seed":false,"campfire_upgraded":0,"win_rate":0,"timestamp":1550776938,"path_taken":["M","M","?","M","M","R","E","$","T","?","?","?","?","$","R","BOSS"],"build_version":"2019-01-23","purchased_purges":2,"victory":false,"max_hp_per_floor":[75,75,75,75,75,75,75,75,75,75,75,81,81,81,81,81],"card_choices":[{"not_picked":["Static Discharge","Barrage"],"picked":"Glacier","floor":1},{"not_picked":["Turbo","Leap"],"picked":"Hello World","floor":2},{"not_picked":["Sweeping Beam","Auto Shields"],"picked":"Reinforced Body","floor":3},{"not_picked":["Leap","Barrage"],"picked":"Echo Form","floor":4},{"not_picked":["Glacier","Darkness","Streamline"],"picked":"SKIP","floor":5},{"not_picked":["Tempest","Redo"],"picked":"White Noise","floor":7}],"player_experience":565297,"relics_obtained":[{"floor":7,"key":"Darkstone Periapt"},{"floor":9,"key":"Happy Flower"}],"event_choices":[{"damage_healed":0,"gold_gain":75,"player_choice":"Gather Gold","damage_taken":11,"max_hp_gain":0,"max_hp_loss":0,"event_name":"World of Goop","floor":10,"gold_loss":0},{"damage_healed":0,"gold_gain":0,"player_choice":"Success","damage_taken":7,"relics_obtained":["Anchor"],"max_hp_gain":0,"max_hp_loss":0,"event_name":"Scrap Ooze","floor":11,"gold_loss":0},{"damage_healed":0,"gold_gain":175,"player_choice":"AGREE","damage_taken":0,"max_hp_gain":0,"max_hp_loss":0,"event_name":"Liars Game","floor":12,"gold_loss":0,"cards_obtained":["Doubt"]}],"is_beta":false,"boss_relics":[],"items_purged_floors":[8,13],"is_endless":false,"potions_floor_spawned":[1,2,5],"killed_by":"Slime Boss","ascension_level":12}