{"path_per_floor":["M","?","?","M","M","R","E","M","T","?","M","M","$","T","R","B",null,"M"],"character_chosen":"DEFECT","items_purchased":["Lantern","Leap","Buffer"],"gold_per_floor":[109,109,184,200,219,219,248,267,267,342,354,370,18,41,41,139,139,79,79],"floor_reached":19,"campfire_rested":1,"playtime":546,"current_hp_per_floor":[70,70,59,57,46,46,5,5,15,15,15,5,5,5,30,17,85,61,0],"items_purged":["Strike_B"],"gold":79,"score":167,"play_id":"76f873fd-4d59-4949-b07b-55c64cbaa5f1","local_time":"20180430081106","is_prod":false,"is_daily":false,"chose_seed":false,"is_ascension_mode":false,"campfire_upgraded":1,"timestamp":1525039866,"path_taken":["M","?","?","M","M","R","E","M","T","?","?","M","?","?","R","BOSS","M","M"],"build_version":"2018-04-27v3","seed_source_timestamp":160288056829515,"purchased_purges":1,"victory":false,"master_deck":["Strike_B","Strike_B","Defend_B","Defend_B","Zap","Dualcast","Beam Cell","Storm+1","Streamline","Barrage","Buffer","Sunder","Self Repair","Leap","Buffer","Rainbow","Undo+1","Hologram+1","Gash+1"],"max_hp_per_floor":[75,75,75,75,75,75,75,75,85,85,85,85,85,85,85,85,85,85,85],"relics":["Cracked Core","Bronze Scales","Pear","Lantern","Pen Nib","Astrolabe"],"card_choices":[{"not_picked":["Buffer","Skim"],"picked":"Beam Cell","floor":1},{"not_picked":["Static Discharge","Go for the Eyes"],"picked":"Storm","floor":4},{"not_picked":["Doom and Gloom","Melter"],"picked":"Streamline","floor":5},{"not_picked":["Rebound","Go for the Eyes"],"picked":"Barrage","floor":7},{"not_picked":["Beam Cell","Stack"],"picked":"Buffer","floor":8},{"not_picked":["Steam Power","Axe Kick"],"picked":"Sunder","floor":11},{"not_picked":["Stack","Turbo"],"picked":"Self Repair","floor":12},{"not_picked":["Meteor Strike","Reboot"],"picked":"Rainbow","floor":16}],"player_experience":12746,"potions_floor_usage":[11,16],"damage_taken":[{"damage":5,"enemies":"Small Slimes","floor":1,"turns":3},{"damage":2,"enemies":"2 Louse","floor":4,"turns":2},{"damage":11,"enemies":"Jaw Worm","floor":5,"turns":3},{"damage":41,"enemies":"Lagavulin","floor":7,"turns":6},{"damage":0,"enemies":"Large Slime","floor":8,"turns":4},{"damage":0,"enemies":"2 Fungi Beasts","floor":11,"turns":2},{"damage":10,"enemies":"Exordium Thugs","floor":12,"turns":4},{"damage":20,"enemies":"Hexaghost","floor":16,"turns":9},{"damage":24,"enemies":"2 Thieves","floor":18,"turns":4},{"damage":70,"enemies":"Spheric Guardian","floor":19,"turns":6}],"event_choices":[{"event_name":"Shining Light","player_choice":"Ignored","floor":2,"damage_taken":0},{"event_name":"World of Goop","player_choice":"Gather Gold","floor":3,"damage_taken":0},{"event_name":"Golden Wing","player_choice":"Gained Gold","floor":10,"damage_taken":0}],"boss_relics":[{"not_picked":["White Beast Statue","Snecko Eye"],"picked":"Astrolabe"}],"potions_floor_spawned":[1,5,7,12],"seed_played":"-7834425468245986465","killed_by":"Spheric Guardian","ascension_level":0,"is_trial":false}