{"gold_per_floor":[109,123,133,147,147,147,166,166,166,181,181,197,214,224,224,322,322,335,363,363,377,393,403,249,281,281,294,304,404,147,147,147,248,248,267,277,277,295,226,254,270,22,22,22,42,42,123,175,175,175],"floor_reached":51,"playtime":6446,"items_purged":["Strike_R","Strike_R"],"score":1242,"play_id":"0ef3effd-744f-4a3a-b8cd-7e5ebe314a05","local_time":"20180922153602","is_ascension_mode":true,"campfire_choices":[{"data":"Shockwave","floor":6.0,"key":"SMITH"},{"data":"Corruption","floor":8.0,"key":"SMITH"},{"floor":15,"key":"REST"},{"data":"Dark Embrace","floor":32,"key":"SMITH"},{"data":"Disarm","floor":46,"key":"SMITH"},{"data":"Bludgeon","floor":49,"key":"SMITH"}],"neow_cost":"","seed_source_timestamp":0,"circlet_count":0,"master_deck":["Strike_R+1","Strike_R","Strike_R","Defend_R","Defend_R","Defend_R","Defend_R","Bash+1","AscendersBane","Clash+1","Corruption+1","Shockwave+1","Warcry","Battle Trance","Disarm+1","Shrug It Off","Exhume","Ghostly Armor","Spot Weakness","Ghostly","Ghostly","Ghostly","Ghostly","Ghostly","Flame Barrier","Entrench","Rage","Feel No Pain","Fiend Fire+1","Dropkick","True Grit+1","Dark Embrace+1","Secret Technique","Impervious","Shrug It Off","Body Slam","Feel No Pain","Clash","Havoc","Feel No Pain","Bludgeon+1","Shrug It Off+1","Sword Boomerang"],"special_seed":0,"relics":["Burning Blood","Bottled Flame","GremlinMask","Runic Cube","Red Mask","Whetstone","Dodecahedron","Nunchaku","Kunai","Coffee Dripper","Pocketwatch","Turnip","Tiny Chest","Peace Pipe"],"potions_floor_usage":[12,16,16,19,25,25,33,50],"damage_taken":[{"damage":4.0,"enemies":"2 Louse","floor":1.0,"turns":3.0},{"damage":9.0,"enemies":"Jaw Worm","floor":2.0,"turns":3.0},{"damage":0.0,"enemies":"Cultist","floor":3.0,"turns":4.0},{"damage":23.0,"enemies":"Large Slime","floor":4.0,"turns":9.0},{"damage":26.0,"enemies":"Exordium Thugs","floor":7.0,"turns":4.0},{"damage":1,"enemies":"3 Louse","floor":10,"turns":3},{"damage":18,"enemies":"Lots of Slimes","floor":12,"turns":4},{"damage":4,"enemies":"Looter","floor":13,"turns":4},{"damage":15,"enemies":"3 Louse","floor":14,"turns":4},{"damage":40,"enemies":"The Guardian","floor":16,"turns":19},{"damage":2,"enemies":"3 Byrds","floor":18,"turns":6},{"damage":26,"enemies":"Masked Bandits","floor":19,"turns":5},{"damage":3,"enemies":"Shell Parasite","floor":21,"turns":8},{"damage":17,"enemies":"Sentry and Sphere","floor":22,"turns":9},{"damage":11,"enemies":"Snake Plant","floor":23,"turns":7},{"damage":16,"enemies":"Book of Stabbing","floor":25,"turns":7},{"damage":0,"enemies":"Shelled Parasite and Fungi","floor":27,"turns":7},{"damage":5,"enemies":"Cultist and Chosen","floor":28,"turns":10},{"damage":7,"enemies":"Colosseum Slavers","floor":29,"turns":8},{"damage":4,"enemies":"Colosseum Nobs","floor":29,"turns":6},{"damage":0,"enemies":"Automaton","floor":33,"turns":10},{"damage":1,"enemies":"3 Shapes","floor":35,"turns":4},{"damage":0,"enemies":"3 Darklings","floor":36,"turns":6},{"damage":1,"enemies":"Maw","floor":38,"turns":9},{"damage":0,"enemies":"Giant Head","floor":40,"turns":7},{"damage":4,"enemies":"Transient","floor":41,"turns":5},{"damage":2,"enemies":"4 Shapes","floor":45,"turns":6},{"damage":0,"enemies":"Mysterious Sphere","floor":48,"turns":7},{"damage":17,"enemies":"Time Eater","floor":50,"turns":11}],"seed_played":"704895325309384789","potions_obtained":[{"floor":1.0,"key":"LiquidBronze"},{"floor":4.0,"key":"BloodPotion"},{"floor":13,"key":"PowerPotion"},{"floor":14,"key":"SkillPotion"},{"floor":16,"key":"BloodPotion"},{"floor":18,"key":"Swift Potion"},{"floor":19,"key":"SteroidPotion"},{"floor":27,"key":"Explosive Potion"},{"floor":28,"key":"Energy Potion"},{"floor":33,"key":"Explosive Potion"},{"floor":38,"key":"AttackPotion"},{"floor":41,"key":"BloodPotion"}],"is_trial":false,"path_per_floor":["M","M","M","M","?","R","M","R","T","M","?","M","M","M","R","B",null,"M","?","?","M","M","M","$","E","T","M","M","?","$","?","R","B",null,"M","M","$","M","$","E","M","$","T","?","M","R","T","?","R","B"],"character_chosen":"IRONCLAD","items_purchased":["Feel No Pain","Fiend Fire","Secret Technique","Feel No Pain","Feel No Pain","LiquidBronze"],"campfire_rested":1,"item_purchase_floors":[24,24,30,39,42,42],"current_hp_per_floor":[74,71,77,60,44,44,24,24,24,29,29,25,27,18,42,8,62,66,46,40,40,29,24,24,18,18,24,25,26,26,21,21,27,41,45,45,45,45,45,45,45,45,45,45,45,45,45,45,45,34],"gold":175,"neow_bonus":"","is_prod":false,"is_daily":false,"chose_seed":false,"campfire_upgraded":5,"win_rate":0,"timestamp":1537623362,"path_taken":["M","M","M","M","?","R","?","R","T","M","?","?","M","M","R","BOSS","M","?","?","M","M","M","$","E","T","?","M","?","$","?","R","BOSS","M","M","$","M","$","E","M","$","T","?","M","R","?","?","R","BOSS"],"build_version":"2018-09-20","purchased_purges":2,"victory":true,"max_hp_per_floor":[80,80,80,80,80,80,80,80,80,80,80,80,80,80,80,80,80,80,80,40,40,40,40,40,40,40,40,40,40,40,45,45,45,45,45,45,45,45,45,45,45,45,45,45,45,45,45,45,45,45],"card_choices":[{"not_picked":["Sentinel","Iron Wave"],"picked":"Clash","floor":1.0},{"not_picked":["Burning Pact","Dual Wield"],"picked":"Corruption","floor":2.0},{"not_picked":["Havoc","Spot Weakness"],"picked":"Shockwave","floor":3.0},{"not_picked":["Sever Soul","Anger"],"picked":"Warcry","floor":4.0},{"not_picked":["Anger","Wild Strike","Flex"],"picked":"SKIP","floor":7.0},{"not_picked":["Shrug It Off","Cleave"],"picked":"Battle Trance","floor":10},{"not_picked":["Carnage","Havoc"],"picked":"Disarm","floor":12},{"not_picked":["Pommel Strike","Fire Breathing"],"picked":"Shrug It Off","floor":13},{"not_picked":["Heavy Blade","Blood for Blood","Bloodletting"],"picked":"SKIP","floor":14},{"not_picked":["Reaper","Bludgeon"],"picked":"Exhume","floor":16},{"not_picked":["Pommel Strike","Havoc"],"picked":"Ghostly Armor","floor":18},{"not_picked":["Cleave","Wild Strike"],"picked":"Spot Weakness","floor":19},{"not_picked":["Rage+1","Anger+1"],"picked":"Flame Barrier","floor":21},{"not_picked":["Anger","Body Slam"],"picked":"Entrench","floor":22},{"not_picked":["Pummel+1","Perfected Strike"],"picked":"Rage","floor":23},{"not_picked":["Flex","Wild Strike"],"picked":"Dropkick","floor":25},{"not_picked":["Rage","Warcry"],"picked":"True Grit+1","floor":27},{"not_picked":["Havoc","Cleave"],"picked":"Dark Embrace","floor":28},{"not_picked":["Barricade","Fiend Fire"],"picked":"Impervious","floor":33},{"not_picked":["True Grit","Evolve"],"picked":"Shrug It Off","floor":35},{"not_picked":["Searing Blow","Headbutt","Perfected Strike"],"picked":"SKIP","floor":36},{"not_picked":["Wild Strike","Iron Wave"],"picked":"Body Slam","floor":38},{"not_picked":["Immolate","Clothesline+1"],"picked":"Clash","floor":40},{"not_picked":["Flex","Twin Strike+1"],"picked":"Havoc","floor":41},{"not_picked":["Burning Pact","Thunderclap+1"],"picked":"Shrug It Off+1","floor":45},{"not_picked":["Fire Breathing","Second Wind"],"picked":"Sword Boomerang","floor":48}],"player_experience":438404,"relics_obtained":[{"floor":9.0,"key":"Bottled Flame"},{"floor":19,"key":"Red Mask"},{"floor":25,"key":"Whetstone"},{"floor":26,"key":"Dodecahedron"},{"floor":29,"key":"Nunchaku"},{"floor":29,"key":"Kunai"},{"floor":40,"key":"Pocketwatch"},{"floor":43,"key":"Turnip"},{"floor":47,"key":"Tiny Chest"},{"floor":48,"key":"Peace Pipe"}],"event_choices":[{"event_name":"Shining Light","player_choice":"Entered Light","floor":5.0,"damage_taken":0.0},{"event_name":"FaceTrader","player_choice":"Trade","floor":11,"damage_taken":0},{"event_name":"Masked Bandits","player_choice":"Fought Bandits","floor":19,"damage_taken":0},{"event_name":"Ghosts","player_choice":"Became a Ghost","floor":20,"damage_taken":0},{"event_name":"Colosseum","player_choice":"Fight","floor":29,"damage_taken":0},{"event_name":"Colosseum","player_choice":"Fought Nobs","floor":29,"damage_taken":0},{"event_name":"Forgotten Altar","player_choice":"Shed Blood","floor":31,"damage_taken":0},{"event_name":"Match and Keep!","player_choice":"1 cards matched","floor":44,"damage_taken":0},{"event_name":"Mysterious Sphere","player_choice":"Fight","floor":48,"damage_taken":0}],"is_beta":false,"boss_relics":[{"not_picked":["Runic Pyramid","Velvet Choker"],"picked":"Runic Cube"},{"not_picked":["Astrolabe","Runic Dome"],"picked":"Coffee Dripper"}],"items_purged_floors":[30,42],"is_endless":false,"potions_floor_spawned":[1,4,13,14,16,18,19,27,28,33,38,41,48],"ascension_level":12}