{"gold_per_floor":[114,114,189,205,223,250,250,269,269,279,279,279,314,314,314,314],"floor_reached":16,"playtime":1085,"items_purged":[],"score":160,"play_id":"79b571ac-c8b7-4aac-bd55-bb6a68cd3922","local_time":"20180824234046","is_ascension_mode":true,"campfire_choices":[{"data":"Wild Strike","floor":7,"key":"SMITH"},{"floor":11,"key":"REST"},{"data":"True Grit","floor":15,"key":"SMITH"}],"neow_cost":"NONE","seed_source_timestamp":0,"circlet_count":0,"master_deck":["Strike_R","Strike_R","Defend_R","Defend_R","Defend_R","Defend_R","Bash","Feel No Pain","True Grit+1","True Grit","Wild Strike+1","Warcry","Shrug It Off","Reckless Charge","Immolate"],"special_seed":0,"relics":["Burning Blood","Bronze Scales","Paper Frog","Prayer Wheel"],"potions_floor_usage":[6,6,6,8,13],"damage_taken":[{"damage":6,"enemies":"Cultist","floor":1,"turns":4},{"damage":12,"enemies":"Small Slimes","floor":4,"turns":6},{"damage":3,"enemies":"2 Louse","floor":5,"turns":4},{"damage":46,"enemies":"Gremlin Nob","floor":6,"turns":6},{"damage":4,"enemies":"Large Slime","floor":8,"turns":6},{"damage":18,"enemies":"Gremlin Gang","floor":10,"turns":4},{"damage":5,"enemies":"3 Sentries","floor":13,"turns":8},{"damage":42,"enemies":"Hexaghost","floor":16,"turns":9}],"seed_played":"-7300360001428306054","potions_obtained":[{"floor":1,"key":"EntropicBrew"},{"floor":10,"key":"Explosive Potion"}],"is_trial":false,"path_per_floor":["M","?","?","M","M","E","R","M","T","M","R","?","E","?","R"],"character_chosen":"IRONCLAD","items_purchased":[],"campfire_rested":1,"item_purchase_floors":[],"current_hp_per_floor":[72,77,66,60,63,23,23,25,25,13,38,38,39,39,39,0],"gold":314,"neow_bonus":"REMOVE_CARD","is_prod":false,"is_daily":false,"chose_seed":false,"campfire_upgraded":2,"win_rate":0,"timestamp":1535146846,"path_taken":["M","?","?","M","M","E","R","M","T","?","R","?","E","?","R","BOSS"],"build_version":"2018-08-23v2","purchased_purges":0,"victory":false,"max_hp_per_floor":[80,85,85,85,85,85,85,85,85,85,85,85,85,85,85,85],"card_choices":[{"not_picked":["Dual Wield","Intimidate"],"picked":"Feel No Pain","floor":1},{"not_picked":["Sword Boomerang","Clothesline"],"picked":"True Grit","floor":4},{"not_picked":["Thunderclap","Cleave"],"picked":"True Grit","floor":5},{"not_picked":["Bloodletting","Pommel Strike"],"picked":"Wild Strike","floor":6},{"not_picked":["Sword Boomerang","Heavy Blade"],"picked":"Warcry","floor":8},{"not_picked":["Anger","Searing Blow"],"picked":"Shrug It Off","floor":10},{"not_picked":["Flex","Wild Strike"],"picked":"Immolate","floor":13}],"player_experience":327849,"relics_obtained":[{"floor":6,"key":"Bronze Scales"},{"floor":9,"key":"Paper Frog"},{"floor":13,"key":"Prayer Wheel"}],"event_choices":[{"event_name":"Big Fish","player_choice":"Donut","floor":2,"damage_taken":0},{"event_name":"World of Goop","player_choice":"Gather Gold","floor":3,"damage_taken":0},{"event_name":"Living Wall","player_choice":"Change","floor":12,"damage_taken":0},{"event_name":"Purifier","player_choice":"One Purge","floor":14,"damage_taken":0}],"is_beta":false,"boss_relics":[],"items_purged_floors":[],"is_endless":false,"potions_floor_spawned":[1,10],"killed_by":"Hexaghost","ascension_level":9}