{"gold_per_floor":[113,113,132,150,150,150,185,209,209,134,134,153,184,184,184,310,310,335,434,453,147,147,147,187,187,211,211,9,32,32,76,76,207,207,227,302,228,241,36,36,36,80,162,162,178,196,211,544,544,544],"floor_reached":50,"playtime":2796,"items_purged":["Regret","Electrodynamics","Sunder"],"score":851,"play_id":"148a3cdb-4c0e-41e2-89df-fa33aed84996","local_time":"20190217164224","is_ascension_mode":true,"campfire_choices":[{"floor":6,"key":"REST"},{"floor":11,"key":"REST"},{"data":"Zap","floor":15,"key":"SMITH"},{"data":"White Noise","floor":23,"key":"SMITH"},{"floor":27,"key":"REST"},{"data":"White Noise","floor":30,"key":"SMITH"},{"floor":32,"key":"REST"},{"data":"Buffer","floor":40,"key":"SMITH"},{"data":"Glacier","floor":41,"key":"SMITH"},{"floor":44,"key":"REST"},{"floor":49,"key":"REST"}],"neow_cost":"NONE","seed_source_timestamp":339908663590538,"circlet_count":0,"master_deck":["AscendersBane","Zap+1","Dualcast","Reinforced Body","Self Repair","Undo","FTL","Chaos","Electrodynamics","Self Repair","Blizzard","White Noise+1","Glacier+1","Conserve Battery","Beam Cell","BootSequence","White Noise+1","Hologram","Steam","Cold Snap","Buffer+1","Thunder Strike","Conserve Battery+1","Capacitor","Go for the Eyes+1","Stack+1","Parasite","Coolheaded+1"],"relics":["Cracked Core","Regal Pillow","Dodecahedron","Ornamental Fan","War Paint","Pandora\u0027s Box","Blood Vial","Girya","MutagenicStrength","Oddly Smooth Stone","Lantern","WingedGreaves","Inserter","Art of War","Frozen Egg 2"],"potions_floor_usage":[13,24,31,33,42,50,50],"damage_taken":[{"damage":7,"enemies":"Jaw Worm","floor":1,"turns":4},{"damage":6,"enemies":"Small Slimes","floor":3,"turns":2},{"damage":2,"enemies":"2 Louse","floor":4,"turns":3},{"damage":31,"enemies":"3 Sentries","floor":7,"turns":9},{"damage":9,"enemies":"Blue Slaver","floor":8,"turns":5},{"damage":0,"enemies":"Looter","floor":12,"turns":2},{"damage":10,"enemies":"Lagavulin","floor":13,"turns":6},{"damage":24,"enemies":"The Guardian","floor":16,"turns":12},{"damage":19,"enemies":"Spheric Guardian","floor":18,"turns":4},{"damage":16,"enemies":"2 Thieves","floor":20,"turns":3},{"damage":53,"enemies":"Book of Stabbing","floor":24,"turns":6},{"damage":0,"enemies":"3 Cultists","floor":29,"turns":4},{"damage":36,"enemies":"Gremlin Leader","floor":31,"turns":8},{"damage":57,"enemies":"Champ","floor":33,"turns":19},{"damage":0,"enemies":"3 Shapes","floor":35,"turns":7},{"damage":13,"enemies":"Orb Walker","floor":38,"turns":5},{"damage":63,"enemies":"Reptomancer","floor":42,"turns":10},{"damage":41,"enemies":"Jaw Worm Horde","floor":45,"turns":7},{"damage":21,"enemies":"Writhing Mass","floor":46,"turns":11},{"damage":0,"enemies":"4 Shapes","floor":47,"turns":4},{"damage":80,"enemies":"Time Eater","floor":50,"turns":15}],"seed_played":"-8708978448751219053","potions_obtained":[{"floor":1,"key":"SteroidPotion"},{"floor":3,"key":"Weak Potion"},{"floor":16,"key":"Swift Potion"},{"floor":24,"key":"Fire Potion"},{"floor":31,"key":"Weak Potion"},{"floor":46,"key":"Poison Potion"},{"floor":47,"key":"Strength Potion"}],"is_trial":false,"path_per_floor":["M","?","M","M","?","R","E","M","T","$","R","M","E","?","R","B",null,"M","?","M","$","?","R","E","?","T","R","$","M","R","E","R","B",null,"M","?","$","M","$","R","R","E","T","R","M","M","M","?","R","B"],"character_chosen":"DEFECT","items_purchased":["Blood Vial","Hologram","Cold Snap","Lantern","LiquidBronze","Capacitor"],"campfire_rested":6,"item_purchase_floors":[21,21,28,28,37,39],"current_hp_per_floor":[61,61,55,60,42,75,51,49,49,49,75,75,72,72,72,55,70,58,58,49,49,74,74,36,36,36,73,73,75,75,53,75,32,64,75,68,68,71,71,71,71,24,24,61,36,31,47,47,75,0],"gold":544,"neow_bonus":"THREE_CARDS","is_prod":false,"is_daily":false,"chose_seed":false,"campfire_upgraded":5,"win_rate":0,"timestamp":1550439744,"path_taken":["M","?","M","M","?","R","E","M","T","$","R","M","E","?","R","BOSS","M","?","M","$","?","R","E","?","T","R","$","M","R","E","R","BOSS","M","?","$","M","$","R","R","E","T","R","M","?","M","?","R","BOSS"],"build_version":"2019-01-23","purchased_purges":3,"victory":false,"max_hp_per_floor":[75,75,75,75,75,75,75,75,75,75,75,75,75,75,75,75,75,75,75,75,75,75,75,75,75,75,75,75,75,75,75,75,75,75,75,75,75,75,75,75,75,75,75,75,75,75,75,75,75,75],"card_choices":[{"not_picked":["Leap","Compile Driver"],"picked":"Reinforced Body","floor":0},{"not_picked":["Scrape","Reprogram"],"picked":"Sunder","floor":1},{"not_picked":["Compile Driver","Recycle"],"picked":"Self Repair","floor":3},{"not_picked":["Redo","Barrage","Static Discharge"],"picked":"SKIP","floor":4},{"not_picked":["Gash","Skim"],"picked":"Undo","floor":7},{"not_picked":["Cold Snap","Steam"],"picked":"FTL","floor":8},{"not_picked":["Cold Snap","Melter"],"picked":"Chaos","floor":12},{"not_picked":["Turbo","Barrage"],"picked":"Electrodynamics","floor":13},{"not_picked":["Fusion","Redo"],"picked":"BootSequence","floor":18},{"not_picked":["Coolheaded","Gash"],"picked":"White Noise","floor":20},{"not_picked":["Genetic Algorithm","All For One"],"picked":"Steam","floor":24},{"not_picked":["Cold Snap","Redo","Genetic Algorithm"],"picked":"SKIP","floor":29},{"not_picked":["Sweeping Beam+1","Leap"],"picked":"Buffer","floor":31},{"not_picked":["Buffer","Machine Learning"],"picked":"Thunder Strike","floor":33},{"not_picked":["Steam","Storm+1"],"picked":"Conserve Battery+1","floor":35},{"not_picked":["Leap","Aggregate","Heatsinks"],"picked":"SKIP","floor":38},{"not_picked":["Sweeping Beam","All For One"],"picked":"Go for the Eyes+1","floor":42},{"not_picked":["Leap+1","Barrage+1"],"picked":"Stack+1","floor":45},{"not_picked":["Doom and Gloom","Sweeping Beam"],"picked":"Coolheaded+1","floor":46},{"not_picked":["Sunder+1","BootSequence","Stack"],"picked":"SKIP","floor":47}],"player_experience":520980,"relics_obtained":[{"floor":7,"key":"Dodecahedron"},{"floor":9,"key":"Ornamental Fan"},{"floor":13,"key":"War Paint"},{"floor":24,"key":"Girya"},{"floor":26,"key":"Oddly Smooth Stone"},{"floor":31,"key":"WingedGreaves"},{"floor":42,"key":"Art of War"},{"floor":43,"key":"Frozen Egg 2"}],"event_choices":[{"damage_healed":0,"gold_gain":0,"player_choice":"Box","damage_taken":0,"relics_obtained":["Regal Pillow"],"max_hp_gain":0,"max_hp_loss":0,"event_name":"Big Fish","floor":2,"gold_loss":0,"cards_obtained":["Regret"]},{"damage_healed":0,"gold_gain":0,"player_choice":"Take Damage","damage_taken":18,"relics_obtained":["Golden Idol"],"max_hp_gain":0,"max_hp_loss":0,"event_name":"Golden Idol","floor":5,"gold_loss":0},{"cards_removed":["Strike_B"],"damage_healed":0,"gold_gain":0,"player_choice":"Forget","damage_taken":0,"max_hp_gain":0,"max_hp_loss":0,"event_name":"Living Wall","floor":14,"gold_loss":0},{"damage_healed":0,"gold_gain":99,"player_choice":"Stole From Cult","damage_taken":0,"max_hp_gain":0,"max_hp_loss":0,"event_name":"Nest","floor":19,"gold_loss":0},{"damage_healed":25,"gold_gain":0,"player_choice":"Heal","damage_taken":0,"max_hp_gain":0,"max_hp_loss":0,"event_name":"The Library","floor":22,"gold_loss":0},{"damage_healed":0,"gold_gain":0,"player_choice":"Inject Mutagens","damage_taken":0,"relics_obtained":["MutagenicStrength"],"max_hp_gain":0,"max_hp_loss":0,"event_name":"Drug Dealer","floor":25,"gold_loss":0},{"damage_healed":0,"gold_gain":75,"player_choice":"Touch","damage_taken":7,"max_hp_gain":0,"max_hp_loss":0,"event_name":"FaceTrader","floor":36,"gold_loss":0},{"damage_healed":0,"gold_gain":333,"player_choice":"Gave Idol","damage_taken":0,"max_hp_gain":0,"max_hp_loss":0,"event_name":"The Moai Head","floor":48,"relics_lost":["Golden Idol"],"gold_loss":0}],"is_beta":false,"boss_relics":[{"not_picked":["Busted Crown","White Beast Statue"],"picked":"Pandora\u0027s Box"},{"not_picked":["Runic Dome","Coffee Dripper"],"picked":"Inserter"}],"items_purged_floors":[10,21,39],"is_endless":false,"potions_floor_spawned":[1,3,16,20,24,31,46,47],"killed_by":"Time Eater","ascension_level":12}