{"gold_per_floor":[116,116,34,34,45,79,4,4,4,4,20,31,51,68,68,170,170,185,195,210,38,38,38,73,73,73,103,22,37,37,37,37,141,141,156,65,65,116,131,131,145,145,145,145,145,156,1,1],"floor_reached":48,"playtime":1903,"items_purged":["Regret"],"score":569,"play_id":"c21914f3-e277-4beb-9e38-cb3f57dbb65c","local_time":"20190119063606","is_ascension_mode":true,"campfire_choices":[{"floor":8,"key":"REST"},{"floor":10,"key":"REST"},{"floor":15,"key":"REST"},{"data":"Venomology","floor":23,"key":"SMITH"},{"data":"Jack Of All Trades","floor":25,"key":"SMITH"},{"data":"Discovery","floor":30,"key":"SMITH"},{"floor":32,"key":"REST"},{"data":"Envenom","floor":40,"key":"SMITH"},{"data":"Jack Of All Trades","floor":42,"key":"SMITH"},{"data":"Skewer","floor":44,"key":"SMITH"}],"neow_cost":"NONE","seed_source_timestamp":208016344770296,"circlet_count":0,"master_deck":["Defend_G","Defend_G","Defend_G","Defend_G","Defend_G","Strike_G","Strike_G","Strike_G","Strike_G","Strike_G","Neutralize","Prepared","Finesse","Venomology+1","Acrobatics","Neutralize","Dagger Throw","Underhanded Strike","Escape Plan","Skewer+1","All Out Attack","Poisoned Stab","Escape Plan","Burst","PiercingWail","Bane+1","Backstab","Jack Of All Trades+1","Finisher","Quick Slash+1","Corpse Explosion","Discovery+1","Underhanded Strike+1","Dagger Spray+1","Envenom+1","Deadly Poison","Jack Of All Trades+1","Outmaneuver+1","Terror+1","Sucker Punch","PanicButton","Prepared","Blur"],"relics":["Ring of the Snake","NeowsBlessing","Lantern","Shuriken","Vajra","Busted Crown","Kunai","Dream Catcher","Bag of Marbles","MutagenicStrength","Cursed Key","Ice Cream","Bottled Tornado"],"potions_floor_usage":[12,12,13,16,16,16,16,18,19,20,24,27,33,33,33,38,41,41],"damage_taken":[{"damage":0,"enemies":"Jaw Worm","floor":1,"turns":1},{"damage":0,"enemies":"Small Slimes","floor":5,"turns":1},{"damage":0,"enemies":"Lagavulin","floor":6,"turns":1},{"damage":0,"enemies":"Cultist","floor":11,"turns":4},{"damage":4,"enemies":"Red Slaver","floor":12,"turns":4},{"damage":0,"enemies":"Lots of Slimes","floor":13,"turns":3},{"damage":12,"enemies":"Exordium Thugs","floor":14,"turns":4},{"damage":37,"enemies":"The Guardian","floor":16,"turns":7},{"damage":0,"enemies":"3 Byrds","floor":18,"turns":5},{"damage":9,"enemies":"2 Thieves","floor":19,"turns":4},{"damage":5,"enemies":"Centurion and Healer","floor":20,"turns":5},{"damage":0,"enemies":"Gremlin Leader","floor":24,"turns":3},{"damage":7,"enemies":"Book of Stabbing","floor":27,"turns":4},{"damage":0,"enemies":"3 Cultists","floor":29,"turns":3},{"damage":48,"enemies":"Collector","floor":33,"turns":7},{"damage":6,"enemies":"3 Shapes","floor":35,"turns":1},{"damage":7,"enemies":"2 Orb Walkers","floor":38,"turns":4},{"damage":0,"enemies":"Orb Walker","floor":39,"turns":2},{"damage":1,"enemies":"Sphere and 2 Shapes","floor":41,"turns":3},{"damage":6,"enemies":"3 Darklings","floor":46,"turns":3},{"damage":56,"enemies":"4 Shapes","floor":48,"turns":2}],"seed_played":"-6874310119510708743","potions_obtained":[{"floor":5,"key":"Strength Potion"},{"floor":11,"key":"EssenceOfSteel"},{"floor":18,"key":"EssenceOfSteel"},{"floor":29,"key":"Poison Potion"},{"floor":33,"key":"GamblersBrew"},{"floor":38,"key":"FearPotion"},{"floor":39,"key":"Weak Potion"}],"is_trial":false,"path_per_floor":["M","?","$","?","M","E","$","R","T","R","M","M","M","M","R","B",null,"M","M","M","$","?","R","E","R","T","E","$","M","R","?","R","B",null,"M","$","?","?","M","R","M","R","T","R","?","M","$","M"],"character_chosen":"THE_SILENT","items_purchased":["Finesse","Escape Plan","Jack Of All Trades","Finisher","Discovery","Jack Of All Trades","Blur"],"campfire_rested":4,"item_purchase_floors":[3,7,21,21,28,36,47],"current_hp_per_floor":[70,28,28,28,28,28,28,49,49,70,70,66,66,54,70,33,70,70,61,56,56,56,56,56,56,56,49,49,49,49,49,70,22,70,64,64,64,57,57,57,56,56,56,56,56,50,50,0],"gold":1,"neow_bonus":"THREE_ENEMY_KILL","is_prod":false,"is_daily":false,"chose_seed":false,"campfire_upgraded":6,"win_rate":0,"timestamp":1547897766,"path_taken":["M","?","$","?","?","E","?","R","T","R","M","?","M","M","R","BOSS","M","?","M","$","?","R","E","R","T","E","$","M","R","?","R","BOSS","M","$","?","?","M","R","M","R","T","R","?","M","$","M"],"build_version":"2019-01-17v2","purchased_purges":1,"victory":false,"max_hp_per_floor":[70,70,70,70,70,70,70,70,70,70,70,70,70,70,70,70,70,70,70,70,70,70,70,70,70,70,70,70,70,70,70,70,70,70,70,70,70,70,70,70,70,70,70,70,70,70,70,70],"card_choices":[{"not_picked":["Acrobatics","Blade Dance"],"picked":"Prepared","floor":1},{"not_picked":["Backflip","Acrobatics"],"picked":"Dagger Throw","floor":5},{"not_picked":["Poisoned Stab","Caltrops"],"picked":"Underhanded Strike","floor":6},{"not_picked":["Prepared","Backflip"],"picked":"Skewer","floor":11},{"not_picked":["Poisoned Stab","Tools of the Trade"],"picked":"All Out Attack","floor":12},{"not_picked":["Acrobatics","Predator"],"picked":"Poisoned Stab","floor":13},{"not_picked":["PiercingWail","Flying Knee"],"picked":"Escape Plan","floor":14},{"not_picked":["Grand Finale","Wraith Form v2"],"picked":"Burst","floor":16},{"not_picked":[],"picked":"PiercingWail","floor":18},{"not_picked":[],"picked":"Bane+1","floor":19},{"not_picked":[],"picked":"Backstab","floor":20},{"not_picked":[],"picked":"Quick Slash+1","floor":24},{"not_picked":[],"picked":"Corpse Explosion","floor":27},{"not_picked":[],"picked":"Underhanded Strike+1","floor":29},{"not_picked":[],"picked":"Dagger Spray+1","floor":32},{"not_picked":[],"picked":"Envenom","floor":33},{"not_picked":[],"picked":"Deadly Poison","floor":35},{"not_picked":[],"picked":"Outmaneuver+1","floor":38},{"not_picked":[],"picked":"Terror+1","floor":39},{"not_picked":[],"picked":"Sucker Punch","floor":41},{"not_picked":[],"picked":"PanicButton","floor":45},{"not_picked":[],"picked":"Prepared","floor":46}],"player_experience":125139,"relics_obtained":[{"floor":6,"key":"Shuriken"},{"floor":9,"key":"Vajra"},{"floor":24,"key":"Kunai"},{"floor":26,"key":"Dream Catcher"},{"floor":27,"key":"Bag of Marbles"},{"floor":38,"key":"Ice Cream"},{"floor":43,"key":"Bottled Tornado"}],"event_choices":[{"damage_healed":0,"gold_gain":0,"player_choice":"Success","damage_taken":42,"relics_obtained":["Lantern"],"max_hp_gain":0,"max_hp_loss":0,"event_name":"Scrap Ooze","floor":2,"gold_loss":0},{"damage_healed":0,"gold_gain":0,"player_choice":"3 cards matched","damage_taken":0,"max_hp_gain":0,"max_hp_loss":0,"event_name":"Match and Keep!","floor":4,"gold_loss":0,"cards_obtained":["Venomology","Acrobatics","Neutralize"]},{"damage_healed":0,"gold_gain":0,"player_choice":"Ignored","damage_taken":0,"max_hp_gain":0,"max_hp_loss":0,"event_name":"Beggar","floor":22,"gold_loss":0},{"damage_healed":0,"gold_gain":0,"player_choice":"Inject Mutagens","damage_taken":0,"relics_obtained":["MutagenicStrength"],"max_hp_gain":0,"max_hp_loss":0,"event_name":"Drug Dealer","floor":31,"gold_loss":0},{"cards_removed":["Survivor"],"damage_healed":0,"gold_gain":0,"player_choice":"Removed Skill","damage_taken":0,"max_hp_gain":0,"max_hp_loss":0,"event_name":"Falling","floor":37,"gold_loss":0},{"damage_healed":0,"gold_gain":0,"player_choice":"Fight","damage_taken":0,"max_hp_gain":0,"max_hp_loss":0,"event_name":"Mysterious Sphere","floor":38,"gold_loss":0},{"damage_healed":0,"gold_gain":0,"player_choice":"Memory 1","damage_taken":0,"max_hp_gain":0,"max_hp_loss":0,"event_name":"SensoryStone","floor":45,"gold_loss":0}],"is_beta":false,"boss_relics":[{"not_picked":["Empty Cage","Runic Pyramid"],"picked":"Busted Crown"},{"not_picked":["Sozu","Coffee Dripper"],"picked":"Cursed Key"}],"items_purged_floors":[47],"is_endless":false,"potions_floor_spawned":[5,11,14,18,29,33,38,39],"killed_by":"4 Shapes","ascension_level":1}