{"path_per_floor":["M","T","?","?","M","R","E","$","T","R","?","E","R","B",null],"character_chosen":"DEFECT","items_purchased":["Rebound","Conserve Battery"],"gold_per_floor":[118,118,118,118,136,136,170,57,108,108,183,211,211,231,231,141],"floor_reached":16,"campfire_rested":2,"playtime":398,"current_hp_per_floor":[62,62,62,62,60,60,43,43,43,43,32,9,31,12,75,0],"items_purged":[],"gold":141,"score":172,"play_id":"dbb84f69-3769-4751-a6e3-73f9adaed952","local_time":"20180509165215","is_prod":false,"is_daily":false,"chose_seed":false,"is_ascension_mode":true,"campfire_upgraded":0,"timestamp":1525848735,"path_taken":["M","?","?","?","M","R","E","?","T","R","?","E","R","?","R","BOSS","M"],"build_version":"2018-05-08","seed_source_timestamp":541016137199630,"purchased_purges":0,"victory":false,"master_deck":["Strike_B","Strike_B+1","Strike_B","Strike_B","Defend_B","Defend_B+1","Defend_B","Defend_B+1","Zap","Dualcast","Capacitor","Regret","Ball Lightning+1","Leap","Rebound","Conserve Battery","Leap","Rainbow"],"max_hp_per_floor":[68,68,68,68,68,68,75,75,75,75,75,75,75,75,75,75],"relics":["Cracked Core","Turnip","Girya","Mercury Hourglass","Strawberry","War Paint","Bag of Preparation","Whetstone","Cursed Key"],"card_choices":[{"not_picked":["Skim","Cold Snap"],"picked":"Capacitor","floor":1.0},{"not_picked":["Turbo","Rebound"],"picked":"Ball Lightning","floor":5.0},{"not_picked":["BootSequence","Reboot"],"picked":"Leap","floor":7.0},{"not_picked":["Coolheaded","Skim"],"picked":"Leap","floor":12.0},{"not_picked":["Creative AI","Nova"],"picked":"Rainbow","floor":14.0}],"player_experience":36995,"potions_floor_usage":[],"damage_taken":[{"damage":6.0,"enemies":"Cultist","floor":1.0,"turns":4.0},{"damage":2.0,"enemies":"2 Louse","floor":5.0,"turns":2.0},{"damage":24.0,"enemies":"Gremlin Nob","floor":7.0,"turns":4.0},{"damage":23.0,"enemies":"Lagavulin","floor":12.0,"turns":5.0},{"damage":7.0,"enemies":"Small Slimes","floor":14.0,"turns":2.0},{"damage":34.0,"enemies":"Hexaghost","floor":14.0,"turns":9.0},{"damage":81,"enemies":"2 Thieves","floor":16,"turns":3}],"event_choices":[{"event_name":"Shining Light","player_choice":"Ignored","floor":3.0,"damage_taken":0.0},{"event_name":"Big Fish","player_choice":"Box","floor":4.0,"damage_taken":0.0},{"event_name":"World of Goop","player_choice":"Gather Gold","floor":11.0,"damage_taken":0.0}],"boss_relics":[{"not_picked":["Calling Bell","White Beast Statue"],"picked":"Cursed Key"}],"potions_floor_spawned":[14],"seed_played":"2369589025203850358","killed_by":"2 Thieves","ascension_level":2,"is_trial":false}