{"gold_per_floor":[114,114,129,129,77,137,167,182,207,207,222,237,237,252,252,352,352,367,282,222,237,37,37,52,67,92,104],"floor_reached":27,"playtime":1522,"items_purged":[],"score":250,"play_id":"892dcc0a-693c-4f46-8ce7-570be8ac445a","local_time":"20190205102718","daily_mods":["Specialized","ControlledChaos","DeadlyEvents"],"is_ascension_mode":false,"campfire_choices":[{"floor":10,"key":"REST"},{"data":"Wraith Form v2","floor":13,"key":"SMITH"},{"data":"Wraith Form v2","floor":15,"key":"SMITH"},{"data":"Envenom","floor":23,"key":"SMITH"}],"neow_cost":"","seed_source_timestamp":1690283024822595,"circlet_count":0,"master_deck":["Defend_G","Defend_G","Defend_G","Defend_G","Defend_G","Strike_G","Strike_G","Strike_G","Strike_G","Strike_G","Survivor","Neutralize","Wraith Form v2+1","Wraith Form v2+1","Wraith Form v2+1","Wraith Form v2","Wraith Form v2","Distraction","Prepared","Slice","PiercingWail","Bouncing Flask","Caltrops","Deflect","Prepared","Bouncing Flask","Slice","Envenom+1","Outmaneuver+1","Blur"],"special_seed":17932,"relics":["Ring of the Snake","Frozen Eye","Tiny Chest","Prayer Wheel","PreservedInsect","WristBlade","Unceasing Top","Sling","MawBank"],"potions_floor_usage":[6,7,16,16,27,27],"damage_taken":[{"damage":2,"enemies":"2 Louse","floor":1,"turns":5},{"damage":2,"enemies":"Cultist","floor":3,"turns":5},{"damage":20,"enemies":"3 Sentries","floor":6,"turns":8},{"damage":3,"enemies":"Lagavulin","floor":7,"turns":7},{"damage":3,"enemies":"Jaw Worm","floor":8,"turns":6},{"damage":1,"enemies":"Exordium Wildlife","floor":11,"turns":3},{"damage":1,"enemies":"Looter","floor":12,"turns":4},{"damage":2,"enemies":"Red Slaver","floor":14,"turns":4},{"damage":21,"enemies":"Slime Boss","floor":16,"turns":11},{"damage":5,"enemies":"Chosen","floor":18,"turns":7},{"damage":4,"enemies":"2 Thieves","floor":20,"turns":4},{"damage":10,"enemies":"Snake Plant","floor":21,"turns":6},{"damage":15,"enemies":"Cultist and Chosen","floor":24,"turns":9},{"damage":27,"enemies":"3 Cultists","floor":25,"turns":9},{"damage":9,"enemies":"Slavers","floor":27,"turns":7}],"seed_played":"-4750178062839727014","potions_obtained":[{"floor":1,"key":"Weak Potion"},{"floor":2,"key":"Ancient Potion"},{"floor":2,"key":"SteroidPotion"},{"floor":7,"key":"Energy Potion"},{"floor":11,"key":"Weak Potion"},{"floor":12,"key":"GamblersBrew"},{"floor":24,"key":"Poison Potion"},{"floor":25,"key":"SpeedPotion"}],"is_trial":false,"path_per_floor":["M","?","M","?","$","E","E","M","T","R","M","M","R","M","R","B",null,"M","?","M","M","$","R","M","M","T","E"],"character_chosen":"THE_SILENT","items_purchased":["Slice","Sling"],"campfire_rested":1,"item_purchase_floors":[5,22],"current_hp_per_floor":[68,68,66,66,66,46,43,40,40,61,60,59,59,57,57,36,70,65,65,61,51,51,51,36,9,9,0],"gold":104,"neow_bonus":"","is_prod":false,"is_daily":true,"chose_seed":false,"campfire_upgraded":3,"win_rate":0,"timestamp":1549380438,"path_taken":["M","?","?","?","$","E","?","?","T","R","M","M","R","M","R","BOSS","M","?","?","M","?","R","M","M","T","?"],"build_version":"2019-01-23","purchased_purges":0,"victory":false,"max_hp_per_floor":[70,70,70,70,70,70,70,70,70,70,70,70,70,70,70,70,70,70,70,70,70,70,70,70,70,70,70],"card_choices":[{"not_picked":["Terror","Dash"],"picked":"Distraction","floor":1},{"not_picked":["Flechettes","Dagger Spray"],"picked":"Prepared","floor":3},{"not_picked":["Deflect","Poisoned Stab"],"picked":"PiercingWail","floor":6},{"not_picked":["Predator","Sucker Punch","Accuracy"],"picked":"SKIP","floor":7},{"not_picked":["Catalyst","Underhanded Strike"],"picked":"Bouncing Flask","floor":8},{"not_picked":["Dagger Throw","Calculated Gamble"],"picked":"Caltrops","floor":8},{"not_picked":["Underhanded Strike","Burst"],"picked":"Deflect","floor":11},{"not_picked":["Bane","Catalyst","PiercingWail"],"picked":"SKIP","floor":11},{"not_picked":["Dodge and Roll","Terror"],"picked":"Prepared","floor":12},{"not_picked":["Dagger Throw","Bane"],"picked":"Bouncing Flask","floor":12},{"not_picked":["Finisher","Choke"],"picked":"Slice","floor":14},{"not_picked":["Blade Dance","Predator","Cloak And Dagger"],"picked":"SKIP","floor":14},{"not_picked":["Tools of the Trade","Grand Finale"],"picked":"Envenom","floor":16},{"not_picked":["Terror","Infinite Blades"],"picked":"Outmaneuver+1","floor":18},{"not_picked":["Dash","Prepared","Dagger Throw"],"picked":"SKIP","floor":18},{"not_picked":["Underhanded Strike","Bane"],"picked":"Blur","floor":20},{"not_picked":["Slice","Tools of the Trade","Acrobatics+1"],"picked":"SKIP","floor":20},{"not_picked":["All Out Attack+1","Distraction","Acrobatics"],"picked":"SKIP","floor":21},{"not_picked":["Bouncing Flask","Cloak And Dagger","Acrobatics+1"],"picked":"SKIP","floor":21},{"not_picked":["Blade Dance","Dodge and Roll","Sucker Punch"],"picked":"SKIP","floor":24},{"not_picked":["Night Terror","Cloak And Dagger+1","Blade Dance"],"picked":"SKIP","floor":24},{"not_picked":["Flechettes+1","Blade Dance","Expertise+1"],"picked":"SKIP","floor":25},{"not_picked":["Leg Sweep","Prepared+1","Poisoned Stab"],"picked":"SKIP","floor":25}],"player_experience":375783,"relics_obtained":[{"floor":6,"key":"Tiny Chest"},{"floor":7,"key":"Prayer Wheel"},{"floor":9,"key":"PreservedInsect"},{"floor":26,"key":"MawBank"}],"event_choices":[{"damage_healed":0,"gold_gain":0,"player_choice":"Got Potions","damage_taken":0,"max_hp_gain":0,"max_hp_loss":0,"event_name":"Lab","floor":2,"gold_loss":0},{"damage_healed":0,"gold_gain":0,"player_choice":"Forge","damage_taken":0,"max_hp_gain":0,"max_hp_loss":0,"event_name":"Accursed Blacksmith","floor":4,"gold_loss":0,"cards_upgraded":["Wraith Form v2"]},{"damage_healed":0,"gold_gain":0,"player_choice":"Obtained Relic","damage_taken":0,"relics_obtained":["Unceasing Top"],"max_hp_gain":0,"max_hp_loss":0,"event_name":"Addict","floor":19,"gold_loss":85}],"is_beta":false,"boss_relics":[{"not_picked":["Astrolabe","Fusion Hammer"],"picked":"WristBlade"}],"items_purged_floors":[],"is_endless":false,"potions_floor_spawned":[1,7,11,12,24,25],"killed_by":"Slavers","ascension_level":0}