{"gold_per_floor":[113,130,142,142,158,158,178,192,192,192,192],"floor_reached":11,"playtime":773,"items_purged":[],"score":75,"play_id":"f95e4e08-0439-4684-9fd2-3e10245875dd","local_time":"20180707222154","is_ascension_mode":true,"campfire_choices":[{"data":"Double Energy","floor":6,"key":"SMITH"},{"data":"Steam Power","floor":10,"key":"SMITH"}],"neow_cost":"","seed_source_timestamp":0,"circlet_count":0,"master_deck":["Strike_B","Strike_B","Strike_B","Defend_B","Defend_B","Defend_B","Defend_B","Zap","Dualcast","Tempest","Double Energy+1","BootSequence","Coolheaded","Turbo","Double Energy","Steam Power+1"],"relics":["Cracked Core","Odd Mushroom","Ornamental Fan"],"potions_floor_usage":[7,11,11],"damage_taken":[{"damage":9,"enemies":"Jaw Worm","floor":1,"turns":5},{"damage":0,"enemies":"Cultist","floor":2,"turns":4},{"damage":0,"enemies":"Small Slimes","floor":3,"turns":3},{"damage":1,"enemies":"Looter","floor":5,"turns":2},{"damage":22,"floor":7,"turns":5},{"damage":3,"enemies":"Blue Slaver","floor":8,"turns":3},{"damage":52,"enemies":"Gremlin Nob","floor":11,"turns":4}],"seed_played":"2032094696974081317","potions_obtained":[{"floor":1,"key":"Strength Potion"},{"floor":3,"key":"FocusPotion"},{"floor":5,"key":"SteroidPotion"}],"is_trial":true,"path_per_floor":["M","M","M","?","M","R","?","M","T","R"],"character_chosen":"DEFECT","items_purchased":[],"campfire_rested":0,"item_purchase_floors":[],"current_hp_per_floor":[66,66,66,66,65,65,43,40,40,40,0],"gold":192,"neow_bonus":"","is_prod":false,"is_daily":false,"chose_seed":false,"campfire_upgraded":2,"win_rate":0,"timestamp":1530994914,"path_taken":["M","M","M","?","M","R","?","M","T","R","E"],"build_version":"2018-07-05","purchased_purges":0,"victory":false,"max_hp_per_floor":[75,75,75,75,75,75,75,75,75,75,75],"card_choices":[{"not_picked":["Barrage","Steam Power"],"picked":"Tempest","floor":1},{"not_picked":["Steam Power","Leap"],"picked":"Double Energy","floor":2},{"not_picked":["Steam","Cold Snap"],"picked":"BootSequence","floor":3},{"not_picked":["Streamline","Sweeping Beam"],"picked":"Turbo","floor":5},{"not_picked":["Self Repair","Compile Driver"],"picked":"Double Energy","floor":7},{"not_picked":["Beam Cell","Compile Driver"],"picked":"Steam Power","floor":8}],"player_experience":82794,"relics_obtained":[{"floor":7,"key":"Odd Mushroom"},{"floor":9,"key":"Ornamental Fan"}],"event_choices":[{"event_name":"Transmorgrifier","player_choice":"Transform","floor":4,"damage_taken":0},{"event_name":"Mushrooms","player_choice":"Fought Mushrooms","floor":7,"damage_taken":0}],"boss_relics":[],"items_purged_floors":[],"is_endless":false,"potions_floor_spawned":[1,3,5],"killed_by":"Gremlin Nob","ascension_level":3}