{"gold_per_floor":[115,115,40,40,40,74,74,74,74,93,5,22,22,355,355,426,426,446,446,471,155,166,166,4,31,31,46,46,79,79,179,179,257,257,274,274,284,301,79,109,120,120,120,150,150,169,184,212,212,212,212,212,24,56,56],"floor_reached":56,"playtime":15766,"items_purged":["Strike_R+1","Strike_R+1"],"score":2364,"play_id":"66aa1539-ec2f-499d-9d1a-be3c22804f1b","local_time":"20190202131530","is_ascension_mode":true,"campfire_choices":[{"data":"Bash","floor":7.0,"key":"SMITH"},{"data":"Reckless Charge","floor":15.0,"key":"SMITH"},{"data":"Juggernaut","floor":23.0,"key":"SMITH"},{"data":"Shockwave","floor":28.0,"key":"SMITH"},{"data":"Evolve","floor":32.0,"key":"SMITH"},{"data":"Juggernaut","floor":42,"key":"SMITH"},{"floor":45,"key":"RECALL"},{"data":"Dark Embrace","floor":49,"key":"SMITH"},{"data":"Power Through","floor":52,"key":"SMITH"}],"neow_cost":"NONE","seed_source_timestamp":0,"circlet_count":0,"master_deck":["AscendersBane","Strike_R+1","Strike_R+1","Defend_R+1","Defend_R+1","Defend_R+1","Bash+1","Warcry","Feel No Pain","Power Through+1","Feel No Pain","Reckless Charge+1","Juggernaut+1","Warcry","RitualDagger","Clumsy","Second Wind","Evolve+1","Shockwave+1","Clumsy","Fiend Fire","Warcry+1","Juggernaut+1","Burning Pact","Shrug It Off","Carnage","Second Wind+1","Decay","Dark Embrace+1","True Grit+1","Feel No Pain"],"special_seed":0,"relics":["Burning Blood","NeowsBlessing","Blue Candle","FossilizedHelix","Gremlin Horn","Gambling Chip","Old Coin","Cursed Key","Ancient Tea Set","Du-Vu Doll","Bottled Flame","Anchor","Regal Pillow","Shovel","Question Card","Busted Crown","Bronze Scales","Bag of Preparation","Pear","Letter Opener"],"potions_floor_usage":[55,55],"damage_taken":[{"damage":0.0,"enemies":"2 Louse","floor":1.0,"turns":1.0},{"damage":0.0,"enemies":"Gremlin Nob","floor":6.0,"turns":1.0},{"damage":0.0,"enemies":"Small Slimes","floor":10.0,"turns":1.0},{"damage":0.0,"enemies":"Jaw Worm","floor":12.0,"turns":5.0},{"damage":27.0,"enemies":"Lagavulin","floor":14.0,"turns":8.0},{"damage":30.0,"enemies":"The Guardian","floor":16.0,"turns":14.0},{"damage":13.0,"enemies":"2 Thieves","floor":18.0,"turns":5.0},{"damage":0.0,"enemies":"3 Byrds","floor":22.0,"turns":4.0},{"damage":0.0,"enemies":"Book of Stabbing","floor":25.0,"turns":4.0},{"damage":0.0,"enemies":"Cultist and Chosen","floor":27.0,"turns":6.0},{"damage":0.0,"enemies":"Slavers","floor":29.0,"turns":6.0},{"damage":0.0,"enemies":"Colosseum Slavers","floor":31.0,"turns":2.0},{"damage":0.0,"enemies":"Colosseum Nobs","floor":31.0,"turns":3.0},{"damage":10.0,"enemies":"Automaton","floor":33.0,"turns":6.0},{"damage":0,"enemies":"3 Shapes","floor":35,"turns":3},{"damage":0,"enemies":"3 Darklings","floor":37,"turns":4},{"damage":0,"enemies":"Maw","floor":38,"turns":6},{"damage":0,"enemies":"Nemesis","floor":40,"turns":5},{"damage":0,"enemies":"Writhing Mass","floor":41,"turns":5},{"damage":26,"enemies":"Giant Head","floor":44,"turns":7},{"damage":0,"enemies":"3 Darklings","floor":46,"turns":3},{"damage":0,"enemies":"Sphere and 2 Shapes","floor":47,"turns":3},{"damage":0,"enemies":"Reptomancer","floor":48,"turns":3},{"damage":0,"enemies":"Awakened One","floor":50,"turns":5},{"damage":18,"enemies":"Shield and Spear","floor":54,"turns":4},{"damage":3,"enemies":"The Heart","floor":55,"turns":6}],"seed_played":"4863874855981554938","potions_obtained":[{"floor":6.0,"key":"EssenceOfSteel"},{"floor":10.0,"key":"SneckoOil"},{"floor":14.0,"key":"BloodPotion"},{"floor":22.0,"key":"Swift Potion"},{"floor":27.0,"key":"Energy Potion"},{"floor":35,"key":"Dexterity Potion"},{"floor":41,"key":"Regen Potion"}],"is_trial":false,"path_per_floor":["M","?","?","T","?","E","R","?","T","M","$","M","?","E","R","B",null,"M","?","T","$","M","R","$","E","T","M","R","E","?","?","R","B",null,"M","?","M","M","$","E","M","R","T","E","R","M","M","E","R","B",null,"R","$","E","B",null],"character_chosen":"IRONCLAD","items_purchased":["Feel No Pain","Du-Vu Doll","Evolve","Shockwave","Shrug It Off","PowerPotion","Carnage","Feel No Pain"],"campfire_rested":0,"item_purchase_floors":[11,21,24,24,39,39,39,53],"current_hp_per_floor":[74,79,79,79,79,80,80,73,73,79,79,80,80,59,59,35,69,62,56,56,56,62,62,62,68,68,74,74,80,80,80,80,76,79,80,76,76,76,76,76,76,76,76,56,56,62,68,84,84,86,86,86,86,74,86],"gold":56,"neow_bonus":"THREE_ENEMY_KILL","is_prod":false,"is_daily":false,"chose_seed":false,"campfire_upgraded":8,"win_rate":0,"timestamp":1549109730,"path_taken":["M","?","?","?","?","E","R","?","T","M","?","?","?","E","R","BOSS","M","?","?","$","?","R","$","E","T","M","R","E","?","?","R","BOSS","M","?","M","M","$","E","M","R","T","E","R","M","M","E","R","BOSS","R","$","E","BOSS"],"build_version":"2019-01-23","purchased_purges":2,"victory":true,"max_hp_per_floor":[75,80,80,80,80,80,80,80,80,80,80,80,80,80,80,80,80,80,80,80,80,80,80,80,80,80,80,80,80,80,80,80,80,80,80,76,76,76,76,76,76,76,76,76,76,76,76,86,86,86,86,86,86,86,86],"card_choices":[{"not_picked":["Anger","Burning Pact"],"picked":"Warcry","floor":1.0},{"not_picked":["Flame Barrier","Body Slam"],"picked":"Feel No Pain","floor":6.0},{"not_picked":["Flex","Sword Boomerang"],"picked":"Power Through","floor":10.0},{"not_picked":["Flame Barrier","Intimidate"],"picked":"Reckless Charge","floor":12.0},{"not_picked":["Limit Break","Armaments","Perfected Strike"],"picked":"SKIP","floor":14.0},{"not_picked":["Offering","Demon Form"],"picked":"Juggernaut","floor":16.0},{"not_picked":["Iron Wave","Bloodletting"],"picked":"Warcry","floor":18.0},{"not_picked":["Headbutt","Heavy Blade"],"picked":"Second Wind","floor":22.0},{"not_picked":["Heavy Blade","Rage","Armaments"],"picked":"SKIP","floor":25.0},{"not_picked":["Combust+1","Havoc","Perfected Strike"],"picked":"SKIP","floor":27.0},{"not_picked":["Sword Boomerang","Spot Weakness"],"picked":"Fiend Fire","floor":29.0},{"not_picked":["Havoc","Twin Strike"],"picked":"Warcry+1","floor":31.0},{"not_picked":["Barricade","Berserk","Reaper"],"picked":"Juggernaut","floor":33.0},{"not_picked":["Shockwave"],"picked":"Burning Pact","floor":35},{"not_picked":["Thunderclap+1","Shockwave"],"picked":"SKIP","floor":37},{"not_picked":["Wild Strike","Iron Wave"],"picked":"SKIP","floor":38},{"not_picked":["Thunderclap","Cleave"],"picked":"SKIP","floor":40},{"not_picked":["Thunderclap"],"picked":"Second Wind+1","floor":41},{"not_picked":["Body Slam","Armaments"],"picked":"SKIP","floor":44},{"not_picked":["Twin Strike","Pommel Strike"],"picked":"SKIP","floor":46},{"not_picked":["Clash"],"picked":"Dark Embrace","floor":47},{"not_picked":["Iron Wave"],"picked":"True Grit+1","floor":48},{"not_picked":["Wild Strike","Clash"],"picked":"SKIP","floor":54}],"player_experience":731730,"relics_obtained":[{"floor":4.0,"key":"Blue Candle"},{"floor":6.0,"key":"FossilizedHelix"},{"floor":9.0,"key":"Gremlin Horn"},{"floor":14.0,"key":"Old Coin"},{"floor":20.0,"key":"Ancient Tea Set"},{"floor":25.0,"key":"Bottled Flame"},{"floor":26.0,"key":"Anchor"},{"floor":29.0,"key":"Regal Pillow"},{"floor":31.0,"key":"Shovel"},{"floor":31.0,"key":"Question Card"},{"floor":40,"key":"Bronze Scales"},{"floor":44,"key":"Bag of Preparation"},{"floor":48,"key":"Pear"},{"floor":54,"key":"Letter Opener"}],"event_choices":[{"damage_healed":0.0,"max_hp_gain":5.0,"max_hp_loss":0.0,"gold_gain":0.0,"event_name":"Big Fish","player_choice":"Donut","floor":2.0,"gold_loss":0.0,"damage_taken":0.0},{"cards_removed":["Strike_R"],"damage_healed":0.0,"max_hp_gain":0.0,"max_hp_loss":0.0,"gold_gain":0.0,"event_name":"The Cleric","player_choice":"Card Removal","floor":3.0,"gold_loss":75.0,"damage_taken":0.0},{"damage_healed":0.0,"max_hp_gain":0.0,"max_hp_loss":0.0,"gold_gain":0.0,"event_name":"Liars Game","player_choice":"Ignored","floor":5.0,"gold_loss":0.0,"damage_taken":0.0},{"cards_removed":["Defend_R"],"damage_healed":0.0,"max_hp_gain":0.0,"max_hp_loss":0.0,"gold_gain":0.0,"event_name":"Golden Wing","player_choice":"Card Removal","floor":8.0,"gold_loss":0.0,"damage_taken":7.0},{"damage_healed":0.0,"max_hp_gain":0.0,"max_hp_loss":0.0,"gold_gain":0.0,"event_name":"WeMeetAgain","player_choice":"Gave Potion","floor":13.0,"gold_loss":0.0,"damage_taken":0.0,"relics_obtained":["Gambling Chip"]},{"damage_healed":0.0,"max_hp_gain":0.0,"max_hp_loss":0.0,"gold_gain":0.0,"event_name":"Nest","player_choice":"Joined the Cult","floor":19.0,"gold_loss":0.0,"damage_taken":6.0,"cards_obtained":["RitualDagger"]},{"damage_healed":0.0,"max_hp_gain":0.0,"max_hp_loss":0.0,"gold_gain":0.0,"event_name":"Back to Basics","player_choice":"Simplicity","floor":30.0,"gold_loss":0.0,"damage_taken":0.0,"cards_upgraded":["Strike_R","Strike_R","Strike_R","Strike_R","Defend_R","Defend_R","Defend_R"]},{"damage_healed":0.0,"max_hp_gain":0.0,"max_hp_loss":0.0,"gold_gain":0.0,"event_name":"Colosseum","player_choice":"Fight","floor":31.0,"gold_loss":0.0,"damage_taken":0.0},{"damage_healed":0.0,"max_hp_gain":0.0,"max_hp_loss":0.0,"gold_gain":0.0,"event_name":"Colosseum","player_choice":"Fought Nobs","floor":31.0,"gold_loss":0.0,"damage_taken":0.0},{"damage_healed":0,"gold_gain":0,"player_choice":"Max HP","damage_taken":0,"max_hp_gain":0,"max_hp_loss":4,"event_name":"Winding Halls","floor":36,"gold_loss":0}],"is_beta":false,"boss_relics":[{"not_picked":["Astrolabe","Runic Cube"],"picked":"Cursed Key"},{"not_picked":["Sozu","White Beast Statue"],"picked":"Busted Crown"}],"items_purged_floors":[39,53],"is_endless":false,"potions_floor_spawned":[6,10,14,22,27,31,31,35,38,41,47],"ascension_level":17}