{"gold_per_floor":[111,36,36,36,36,72,72,72,72,97,130,130,130,155,155,249,249,267,287,25,41,41,41,61,61,61,61,74,74,87,87,87,87],"floor_reached":33,"playtime":934,"items_purged":["Strike_B","Strike_B"],"score":506,"play_id":"6acfe248-aed7-495a-ae2c-65ecaec041e1","local_time":"20190223181817","is_ascension_mode":true,"campfire_choices":[{"floor":8,"key":"REST"},{"floor":12,"key":"REST"},{"data":"Defragment","floor":15,"key":"SMITH"},{"floor":23,"key":"REST"},{"data":"Strike_B","floor":25,"key":"PURGE"},{"data":"Defend_B","floor":27,"key":"PURGE"},{"data":"Defend_B","floor":29,"key":"PURGE"},{"data":"Defend_B","floor":32,"key":"PURGE"}],"neow_cost":"NONE","seed_source_timestamp":16394441703199,"circlet_count":0,"master_deck":["AscendersBane","Zap","Dualcast","Ball Lightning","Conserve Battery","Self Repair","Defragment+1","BootSequence","Echo Form","Core Surge","Cold Snap","Glacier","Leap"],"relics":["Cracked Core","Bag of Preparation","Golden Idol","Matryoshka","Lantern","Mercury Hourglass","Peace Pipe","DataDisk","Nunchaku","Orrery","Regal Pillow","Mummified Hand","Frozen Egg 2"],"potions_floor_usage":[16,16,21,24,28,33],"damage_taken":[{"damage":0,"enemies":"Cultist","floor":1,"turns":3},{"damage":37,"enemies":"Lagavulin","floor":6,"turns":7},{"damage":0,"enemies":"Small Slimes","floor":10,"turns":2},{"damage":34,"enemies":"Gremlin Nob","floor":11,"turns":4},{"damage":0,"enemies":"2 Louse","floor":14,"turns":3},{"damage":9,"enemies":"Slime Boss","floor":16,"turns":6},{"damage":0,"enemies":"Spheric Guardian","floor":18,"turns":3},{"damage":26,"enemies":"Shell Parasite","floor":19,"turns":5},{"damage":29,"enemies":"3 Cultists","floor":21,"turns":4},{"damage":13,"enemies":"Snecko","floor":24,"turns":5},{"damage":8,"enemies":"Chosen and Byrds","floor":28,"turns":7},{"damage":7,"enemies":"Snake Plant","floor":30,"turns":3},{"damage":111,"enemies":"Automaton","floor":33,"turns":12}],"seed_played":"-5060196967265618293","potions_obtained":[{"floor":11,"key":"Swift Potion"},{"floor":14,"key":"PowerPotion"},{"floor":16,"key":"Energy Potion"},{"floor":21,"key":"Regen Potion"},{"floor":24,"key":"Weak Potion"},{"floor":28,"key":"LiquidBronze"}],"is_trial":false,"path_per_floor":["M","$","?","?","?","E","$","R","T","M","E","R","T","M","R","B",null,"M","M","$","M","?","R","M","R","T","R","M","R","M","T","R","B"],"character_chosen":"DEFECT","items_purchased":["Regal Pillow"],"campfire_rested":3,"item_purchase_floors":[20],"current_hp_per_floor":[64,64,64,64,57,20,20,39,39,39,12,31,31,38,38,29,55,62,50,50,28,28,62,64,64,64,64,64,64,64,64,64,0],"gold":87,"neow_bonus":"RANDOM_COMMON_RELIC","is_prod":false,"is_daily":false,"chose_seed":false,"campfire_upgraded":1,"win_rate":0,"timestamp":1550938697,"path_taken":["M","$","?","?","?","E","?","R","T","?","E","R","?","M","R","BOSS","M","M","$","M","?","R","?","R","T","R","M","R","M","?","R","BOSS"],"build_version":"2019-01-23","purchased_purges":2,"victory":false,"max_hp_per_floor":[71,71,64,64,64,64,64,64,64,64,64,64,64,64,64,64,64,64,64,64,64,64,64,64,64,64,64,64,64,64,64,64,64],"card_choices":[{"not_picked":["Stack","Barrage"],"picked":"Ball Lightning","floor":1},{"not_picked":["Storm","Ball Lightning"],"picked":"Conserve Battery","floor":6},{"not_picked":["Tempest","Loop"],"picked":"Self Repair","floor":10},{"not_picked":["Beam Cell","Tempest"],"picked":"Defragment","floor":11},{"not_picked":["Chaos","Undo"],"picked":"BootSequence","floor":14},{"not_picked":["Rainbow","Hyperbeam"],"picked":"Echo Form","floor":16},{"not_picked":["Steam","Turbo"],"picked":"Core Surge","floor":17},{"not_picked":["Lockon","Rebound","Steam"],"picked":"SKIP","floor":18},{"not_picked":["Steam","Leap","Compile Driver"],"picked":"SKIP","floor":19},{"not_picked":["Double Energy","Reinforced Body"],"picked":"Cold Snap","floor":21},{"not_picked":["Gash+1","Chaos","Darkness"],"picked":"SKIP","floor":24},{"not_picked":["Go for the Eyes","Aggregate","Steam"],"picked":"SKIP","floor":28},{"not_picked":["Aggregate","Streamline"],"picked":"Leap","floor":30}],"player_experience":921584,"relics_obtained":[{"floor":6,"key":"Matryoshka"},{"floor":9,"key":"Lantern"},{"floor":9,"key":"Mercury Hourglass"},{"floor":11,"key":"Peace Pipe"},{"floor":13,"key":"DataDisk"},{"floor":13,"key":"Nunchaku"},{"floor":26,"key":"Mummified Hand"},{"floor":31,"key":"Frozen Egg 2"}],"event_choices":[{"damage_healed":0,"gold_gain":0,"player_choice":"Lose Max HP","damage_taken":0,"relics_obtained":["Golden Idol"],"max_hp_gain":0,"max_hp_loss":7,"event_name":"Golden Idol","floor":3,"gold_loss":0},{"damage_healed":0,"gold_gain":0,"player_choice":"Leave","damage_taken":0,"max_hp_gain":0,"max_hp_loss":0,"event_name":"The Cleric","floor":4,"gold_loss":0},{"cards_removed":["Defend_B"],"damage_healed":0,"gold_gain":0,"player_choice":"Card Removal","damage_taken":7,"max_hp_gain":0,"max_hp_loss":0,"event_name":"Golden Wing","floor":5,"gold_loss":0},{"damage_healed":0,"gold_gain":0,"cards_transformed":["Strike_B"],"player_choice":"Transformed","damage_taken":0,"max_hp_gain":0,"max_hp_loss":0,"event_name":"Transmorgrifier","floor":22,"gold_loss":0,"cards_obtained":["Glacier"]}],"is_beta":false,"boss_relics":[{"not_picked":["Pandora\u0027s Box","Black Star"],"picked":"Orrery"}],"items_purged_floors":[2,20],"is_endless":false,"potions_floor_spawned":[11,14,16,21,24,28],"killed_by":"Automaton","ascension_level":20}