{"gold_per_floor":[414,414,444,455,467,496,496,496,496,527,527,527,527,547,547,547],"floor_reached":16,"playtime":714,"items_purged":[],"score":130,"play_id":"203d4744-6b07-4f09-839f-06da55ddf9cc","local_time":"20180724142525","is_ascension_mode":true,"campfire_choices":[{"floor":7,"key":"REST"},{"floor":12,"key":"REST"},{"floor":15,"key":"REST"}],"neow_cost":"TEN_PERCENT_HP_LOSS","seed_source_timestamp":6673499584633,"circlet_count":0,"master_deck":["Strike_B","Strike_B","Strike_B","Strike_B","Defend_B","Defend_B","Defend_B","Defend_B","Zap","Dualcast","Defragment","Compile Driver","Redo","Defragment"],"relics":["Cracked Core","Old Coin","Mummified Hand","Tiny Chest","Gambling Chip","Omamori","Ornamental Fan","Letter Opener","Gremlin Horn"],"potions_floor_usage":[16],"damage_taken":[{"damage":0,"enemies":"Jaw Worm","floor":1,"turns":3},{"damage":6,"enemies":"Small Slimes","floor":4,"turns":3},{"damage":2,"enemies":"2 Louse","floor":5,"turns":2},{"damage":36,"enemies":"Lagavulin","floor":6,"turns":8},{"damage":35,"enemies":"Gremlin Nob","floor":10,"turns":4},{"damage":10,"enemies":"2 Fungi Beasts","floor":14,"turns":3},{"damage":37,"enemies":"The Guardian","floor":16,"turns":8}],"seed_played":"-8292586764618503826","potions_obtained":[{"floor":5,"key":"PowerPotion"},{"floor":10,"key":"Ancient Potion"}],"is_trial":false,"path_per_floor":["M","?","?","M","M","E","R","T","T","E","?","R","T","M","R"],"character_chosen":"DEFECT","items_purchased":[],"campfire_rested":3,"item_purchase_floors":[],"current_hp_per_floor":[68,65,65,59,57,21,41,41,41,6,6,26,26,16,36,0],"gold":547,"neow_bonus":"ONE_RARE_RELIC","is_prod":false,"is_daily":false,"chose_seed":false,"campfire_upgraded":0,"win_rate":0,"timestamp":1532435125,"path_taken":["M","?","?","?","M","E","R","?","T","E","?","R","?","M","R","BOSS"],"build_version":"2018-07-19v2","purchased_purges":0,"victory":false,"max_hp_per_floor":[68,68,68,68,68,68,68,68,68,68,68,68,68,68,68,68],"card_choices":[{"not_picked":["Redo","Stack"],"picked":"Defragment","floor":1},{"not_picked":["Steam","Turbo"],"picked":"Compile Driver","floor":4},{"not_picked":["Beam Cell","Rebound","Barrage"],"picked":"SKIP","floor":5},{"not_picked":["Rebound","Gash","Melter"],"picked":"SKIP","floor":6},{"not_picked":["Beam Cell","Streamline"],"picked":"Redo","floor":10},{"not_picked":["Heatsinks","Compile Driver"],"picked":"Defragment","floor":14}],"player_experience":174972,"relics_obtained":[{"floor":6,"key":"Gambling Chip"},{"floor":8,"key":"Omamori"},{"floor":9,"key":"Ornamental Fan"},{"floor":10,"key":"Letter Opener"},{"floor":13,"key":"Gremlin Horn"}],"event_choices":[{"event_name":"Scrap Ooze","player_choice":"success","floor":2,"damage_taken":3},{"event_name":"Accursed Blacksmith","player_choice":"Rummage","floor":3,"damage_taken":0},{"event_name":"Living Wall","player_choice":"Forget","floor":11,"damage_taken":0}],"is_beta":false,"boss_relics":[],"items_purged_floors":[],"is_endless":false,"potions_floor_spawned":[5,10],"killed_by":"The Guardian","ascension_level":4}