{"gold_per_floor":[117,117,133,145,145,180,180,214,214,184],"floor_reached":10,"playtime":718,"items_purged":[],"score":80,"play_id":"ddc4df4f-b45f-4033-8b4f-3cf846c09c2e","local_time":"20180715000634","is_ascension_mode":true,"campfire_choices":[{"floor":7,"key":"REST"}],"neow_cost":"","seed_source_timestamp":11489440275796,"circlet_count":0,"master_deck":["Defend_G","Defend_G","Defend_G+1","Defend_G","Defend_G","Strike_G","Strike_G","Strike_G","Strike_G","Strike_G+1","Survivor","Neutralize","Heel Hook","Malaise","Deadly Poison","Blur","Catalyst"],"relics":["Ring of the Snake","Omamori","Mummified Hand","Snake Skull","Regal Pillow"],"potions_floor_usage":[6,6,8],"damage_taken":[{"damage":4,"enemies":"Jaw Worm","floor":1,"turns":5},{"damage":0,"enemies":"2 Louse","floor":3,"turns":3},{"damage":0,"enemies":"Cultist","floor":4,"turns":3},{"damage":8,"enemies":"Lagavulin","floor":6,"turns":11},{"damage":22,"enemies":"Gremlin Nob","floor":8,"turns":5},{"damage":5,"enemies":"Looter","floor":10,"turns":2}],"seed_played":"-6558599452768760213","potions_obtained":[{"floor":1,"key":"GhostInAJar"},{"floor":4,"key":"Weak Potion"},{"floor":6,"key":"GamblersBrew"}],"is_trial":false,"path_per_floor":["M","?","M","M","?","E","R","E","T"],"character_chosen":"THE_SILENT","items_purchased":[],"campfire_rested":1,"item_purchase_floors":[],"current_hp_per_floor":[66,52,52,52,10,2,23,1,1,0],"gold":184,"neow_bonus":"","is_prod":false,"is_daily":false,"chose_seed":false,"campfire_upgraded":0,"win_rate":0,"timestamp":1531605994,"path_taken":["M","?","?","M","?","E","R","E","T","?"],"build_version":"2018-07-12","purchased_purges":0,"victory":false,"max_hp_per_floor":[70,70,70,70,70,70,70,70,70,70],"card_choices":[{"not_picked":["Acrobatics","PiercingWail"],"picked":"Heel Hook","floor":1},{"not_picked":["Skewer","Escape Plan"],"picked":"Malaise","floor":3},{"not_picked":["Catalyst","Distraction"],"picked":"Deadly Poison","floor":4},{"not_picked":["Underhanded Strike","Backstab"],"picked":"Blur","floor":6},{"not_picked":["Backstab","Sucker Punch"],"picked":"Catalyst","floor":8}],"player_experience":104595,"relics_obtained":[{"floor":6,"key":"Mummified Hand"},{"floor":8,"key":"Snake Skull"},{"floor":9,"key":"Regal Pillow"}],"event_choices":[{"event_name":"Shining Light","player_choice":"Entered Light","floor":2,"damage_taken":0},{"event_name":"Scrap Ooze","player_choice":"success","floor":5,"damage_taken":42}],"boss_relics":[],"items_purged_floors":[],"is_endless":false,"potions_floor_spawned":[1,4,6],"killed_by":"Looter","ascension_level":1}