{"path_per_floor":["M","M","T","?","M","E","M","R","T","R","$","M","M","M","R","B",null,"M","M","$","M","M","E","R","E","T","M","E","?","T","$","R"],"character_chosen":"DEFECT","items_purchased":["Vajra","Capacitor","Machine Learning","Stack"],"gold_per_floor":[115,129,129,129,152,192,208,208,208,208,14,35,58,82,82,213,213,213,213,23,23,23,23,23,23,23,23,23,23,23,23,23,23],"floor_reached":33,"campfire_rested":4,"playtime":2029,"current_hp_per_floor":[81,73,73,73,76,39,35,59,59,59,59,65,66,48,72,26,82,82,82,82,55,41,38,62,47,47,57,35,35,35,35,59,0],"items_purged":[],"gold":23,"score":309,"play_id":"d98c4691-9694-4d2c-90af-797bcf518bde","local_time":"20180429201723","is_prod":false,"is_daily":false,"chose_seed":false,"is_ascension_mode":false,"campfire_upgraded":1,"timestamp":1524997043,"path_taken":["M","M","?","?","M","E","M","R","T","R","$","?","?","M","R","BOSS","M","M","$","M","M","E","R","E","T","M","E","?","?","?","R","BOSS"],"build_version":"2018-04-27v3","seed_source_timestamp":147742479104985,"purchased_purges":0,"victory":false,"master_deck":["Strike_B","Strike_B","Strike_B","Strike_B","Defend_B","Defend_B","Defend_B","Defend_B","Zap","Dualcast","Cold Snap","Self Repair+1","Injury","Barrage","Conserve Battery","Ball Lightning","Capacitor","Amplify","Ball Lightning","Sunder","Biased Cognition","Sweeping Beam","Blaster","Machine Learning","Stack","Coolheaded","Coolheaded","Rebound+1","Ball Lightning","Chaos+1","Streamline","Madness"],"max_hp_per_floor":[82,82,82,82,82,82,82,82,82,82,82,82,82,82,82,82,82,82,82,82,82,82,82,82,82,82,82,82,82,82,82,82,82],"relics":["Cracked Core","Sundial","Golden Idol","Gremlin Horn","Bottled Flame","Vajra","Ectoplasm","Mercury Hourglass","Old Coin","Centennial Puzzle","Bottled Lightning","Meat on the Bone"],"card_choices":[{"not_picked":["Impulse","Beam Cell"],"picked":"Cold Snap","floor":1},{"not_picked":["Impulse","Buffer"],"picked":"Self Repair","floor":2},{"not_picked":["Go for the Eyes","Hologram"],"picked":"Barrage","floor":5},{"not_picked":["Reinforced Body","Melter"],"picked":"Conserve Battery","floor":6},{"not_picked":["Darkness","Stack"],"picked":"Ball Lightning","floor":7},{"not_picked":["Reinforced Body","Capacitor"],"picked":"Amplify","floor":12},{"not_picked":["Cold Snap","Axe Kick"],"picked":"Ball Lightning","floor":13},{"not_picked":["Barrage","Buffer"],"picked":"Sunder","floor":14},{"not_picked":["Seek","Prime"],"picked":"Biased Cognition","floor":16},{"not_picked":["Hologram","Melter"],"picked":"Sweeping Beam","floor":18},{"not_picked":["Flux Capacitor","Ball Lightning"],"picked":"Blaster","floor":19},{"not_picked":["Turbo","Hologram"],"picked":"Coolheaded","floor":21},{"not_picked":["Capacitor","Skim"],"picked":"Coolheaded","floor":22},{"not_picked":["Tempest","Meteor Strike"],"picked":"Rebound","floor":23},{"not_picked":["Hologram","Streamline"],"picked":"Ball Lightning","floor":25},{"not_picked":["Blaster","Conserve Battery"],"picked":"Chaos","floor":27},{"not_picked":["Buffer","Skim"],"picked":"Streamline","floor":28}],"player_experience":9840,"potions_floor_usage":[23,28,33],"damage_taken":[{"damage":1,"enemies":"Cultist","floor":1,"turns":3},{"damage":8,"enemies":"Small Slimes","floor":2,"turns":3},{"damage":4,"enemies":"2 Louse","floor":5,"turns":3},{"damage":44,"enemies":"Gremlin Nob","floor":6,"turns":5},{"damage":11,"enemies":"2 Fungi Beasts","floor":7,"turns":4},{"damage":4,"enemies":"Exordium Wildlife","floor":12,"turns":3},{"damage":9,"enemies":"Red Slaver","floor":13,"turns":3},{"damage":18,"enemies":"Exordium Thugs","floor":14,"turns":3},{"damage":56,"enemies":"Hexaghost","floor":16,"turns":9},{"damage":8,"enemies":"Spheric Guardian","floor":18,"turns":3},{"damage":7,"enemies":"3 Byrds","floor":19,"turns":3},{"damage":37,"enemies":"Centurion and Healer","floor":21,"turns":4},{"damage":24,"enemies":"Cultist and Chosen","floor":22,"turns":6},{"damage":26,"enemies":"Gremlin Leader","floor":23,"turns":7},{"damage":25,"enemies":"Slavers","floor":25,"turns":3},{"damage":0,"enemies":"3 Cultists","floor":27,"turns":4},{"damage":32,"enemies":"Book of Stabbing","floor":28,"turns":5},{"damage":59,"enemies":"Collector","floor":33,"turns":6}],"event_choices":[{"event_name":"Golden Idol","player_choice":"Take Wound","floor":4,"damage_taken":0},{"event_name":"Match and Keep!","player_choice":"1 cards matched","floor":29,"damage_taken":0}],"boss_relics":[{"not_picked":["Eternal Feather","Runic Pyramid"],"picked":"Ectoplasm"}],"potions_floor_spawned":[12,13,16,22,27],"seed_played":"1313717720203654721","killed_by":"Collector","ascension_level":0,"is_trial":false}