{"gold_per_floor":[119,119,139,153,172,210,233,233,307,328,353,353,387,387,387,515,515,531,1,15,28,49,49,87,108,134,59,97,131,151,170,170,293,293,308,324,131,144,209,209,222,246,269,269,313,119,138,153,153,153],"floor_reached":51,"playtime":15689,"items_purged":["Strike_R","Strike_R","Strike_R"],"score":862,"play_id":"cf2fd317-bfcd-4041-82a9-e1e089f13e17","local_time":"20180714214542","is_ascension_mode":false,"campfire_choices":[{"data":"Body Slam","floor":8.0,"key":"SMITH"},{"data":"Body Slam","floor":15.0,"key":"SMITH"},{"data":"Apotheosis","floor":23.0,"key":"SMITH"},{"data":"Whirlwind","floor":32.0,"key":"SMITH"},{"data":"Body Slam","floor":40.0,"key":"SMITH"},{"data":"Barricade","floor":49,"key":"SMITH"}],"neow_cost":"NONE","seed_source_timestamp":0,"circlet_count":0,"master_deck":["Defend_R","Defend_R","Defend_R","Defend_R","Bash","Heavy Blade","Flame Barrier","Body Slam+1","Seeing Red","Twin Strike","Spot Weakness","Twin Strike","Spot Weakness","Body Slam+1","Whirlwind+1","Feed","Flame Barrier+1","Apotheosis+1","Body Slam+1","Bandage Up","Metallicize","Ghostly Armor+1","Flex","Flex","Infernal Blade+1","Heavy Blade","Body Slam+1","Barricade+1","Clothesline+1","Seeing Red","Heavy Blade","Bandage Up","Spot Weakness+1","Infernal Blade+1","Flame Barrier+1","Spot Weakness","Battle Trance+1"],"special_seed":0,"relics":["Burning Blood","Golden Idol","Dream Catcher","Smiling Mask","Pantograph","Bird Faced Urn","Regal Pillow","Runic Pyramid","Vajra","Oddly Smooth Stone","Happy Flower","Bottled Flame","Red Mask","Velvet Choker","Incense Burner","Centennial Puzzle","Ancient Tea Set","Bottled Tornado","Bronze Scales"],"potions_floor_usage":[50,50],"damage_taken":[{"damage":1.0,"enemies":"Cultist","floor":1.0,"turns":3.0},{"damage":1.0,"enemies":"2 Louse","floor":3.0,"turns":3.0},{"damage":4.0,"enemies":"Jaw Worm","floor":4.0,"turns":4.0},{"damage":9.0,"enemies":"2 Fungi Beasts","floor":5.0,"turns":3.0},{"damage":17.0,"enemies":"3 Sentries","floor":6.0,"turns":8.0},{"damage":7.0,"enemies":"Blue Slaver","floor":7.0,"turns":2.0},{"damage":10.0,"enemies":"Exordium Wildlife","floor":10.0,"turns":5.0},{"damage":0.0,"enemies":"2 Fungi Beasts","floor":11.0,"turns":4.0},{"damage":18.0,"enemies":"Gremlin Nob","floor":13.0,"turns":3.0},{"damage":37.0,"enemies":"Hexaghost","floor":16.0,"turns":6.0},{"damage":12.0,"enemies":"Shell Parasite","floor":18.0,"turns":5.0},{"damage":0.0,"enemies":"Chosen","floor":20.0,"turns":4.0},{"damage":18.0,"enemies":"Snake Plant","floor":21.0,"turns":4.0},{"damage":11.0,"enemies":"Sentry and Sphere","floor":22.0,"turns":5.0},{"damage":37.0,"enemies":"Slavers","floor":24.0,"turns":6.0},{"damage":2.0,"enemies":"Chosen and Byrds","floor":25.0,"turns":4.0},{"damage":29.0,"enemies":"Gremlin Leader","floor":28.0,"turns":6.0},{"damage":7.0,"floor":29.0,"turns":4.0},{"damage":6.0,"enemies":"Snecko","floor":30.0,"turns":5.0},{"damage":0.0,"enemies":"Snake Plant","floor":31.0,"turns":2.0},{"damage":44.0,"enemies":"Automaton","floor":33.0,"turns":8.0},{"damage":0.0,"enemies":"Orb Walker","floor":35.0,"turns":2.0},{"damage":8.0,"enemies":"3 Darklings","floor":36.0,"turns":3.0},{"damage":1.0,"enemies":"Transient","floor":38.0,"turns":5.0},{"damage":17.0,"floor":39.0,"turns":3.0},{"damage":11.0,"enemies":"Spire Growth","floor":41.0,"turns":4.0},{"damage":0,"enemies":"Flame Bruiser 2 Orb","floor":42,"turns":3},{"damage":32,"enemies":"Giant Head","floor":45,"turns":7},{"damage":0,"enemies":"4 Shapes","floor":47,"turns":1},{"damage":0,"enemies":"Spire Growth","floor":48,"turns":4},{"damage":2,"enemies":"Awakened One","floor":50,"turns":8}],"seed_played":"4243873820962738454","potions_obtained":[{"floor":1.0,"key":"SkillPotion"},{"floor":5.0,"key":"Poison Potion"},{"floor":6.0,"key":"Dexterity Potion"},{"floor":13.0,"key":"FearPotion"},{"floor":20.0,"key":"Block Potion"},{"floor":24.0,"key":"SkillPotion"},{"floor":28.0,"key":"GamblersBrew"},{"floor":31.0,"key":"Regen Potion"},{"floor":35.0,"key":"Poison Potion"},{"floor":39.0,"key":"Fire Potion"}],"is_trial":false,"path_per_floor":["M","?","M","M","M","E","M","R","T","M","M","T","E","?","R","B",null,"M","$","M","M","M","R","E","M","T","?","E","?","M","M","R","B",null,"M","M","$","M","?","R","M","M","T","?","E","$","M","M","R","B"],"character_chosen":"IRONCLAD","items_purchased":["Vajra","Apotheosis","Body Slam","Bandage Up","Heavy Blade","Bandage Up","Bronze Scales"],"campfire_rested":0,"item_purchase_floors":[19,19,19,19,37,37,46],"current_hp_per_floor":[80,60,65,67,64,53,52,52,52,48,54,54,42,30,30,24,80,77,77,83,80,81,81,59,73,73,73,58,67,79,85,85,77,109,109,109,109,109,102,102,113,117,117,117,104,104,110,121,121,124],"gold":153,"neow_bonus":"TRANSFORM_CARD","is_prod":false,"is_daily":false,"chose_seed":false,"campfire_upgraded":6,"win_rate":0,"timestamp":1531597542,"path_taken":["M","?","M","M","M","E","M","R","T","M","M","?","E","?","R","BOSS","M","$","M","M","M","R","E","M","T","?","E","?","M","M","R","BOSS","M","M","$","M","?","R","M","M","T","?","E","$","M","M","R","BOSS"],"build_version":"2018-07-12","purchased_purges":3,"victory":true,"max_hp_per_floor":[80,80,80,80,80,80,80,80,80,80,80,80,80,80,80,80,80,83,83,83,86,86,86,89,93,93,93,97,101,105,105,105,109,109,109,109,109,109,109,109,113,117,117,117,121,121,121,124,124,124],"card_choices":[{"not_picked":["True Grit","Heavy Blade"],"picked":"Flame Barrier","floor":1.0},{"not_picked":["Shrug It Off","Fire Breathing"],"picked":"Body Slam","floor":3.0},{"not_picked":["Heavy Blade","Combust"],"picked":"Seeing Red","floor":4.0},{"not_picked":["Wild Strike","Clothesline"],"picked":"Twin Strike","floor":5.0},{"not_picked":["Cleave","Carnage"],"picked":"Spot Weakness","floor":6.0},{"not_picked":["Sword Boomerang","Blood for Blood"],"picked":"Twin Strike","floor":7.0},{"not_picked":["Perfected Strike","Clash"],"picked":"Spot Weakness","floor":10.0},{"not_picked":["Evolve","Twin Strike"],"picked":"Body Slam","floor":11.0},{"not_picked":["Dark Embrace","Body Slam"],"picked":"Whirlwind","floor":13.0},{"not_picked":["Immolate","Double Tap"],"picked":"Feed","floor":16.0},{"not_picked":["Evolve+1","Shrug It Off+1"],"picked":"Flame Barrier+1","floor":18.0},{"not_picked":["Rampage","Headbutt"],"picked":"Metallicize","floor":20.0},{"not_picked":["Thunderclap","Intimidate+1"],"picked":"Ghostly Armor+1","floor":21.0},{"not_picked":["True Grit","Perfected Strike"],"picked":"Flex","floor":22.0},{"not_picked":["Clothesline","Cleave+1"],"picked":"Flex","floor":24.0},{"not_picked":["Clash","Wild Strike","Power Through"],"picked":"SKIP","floor":25.0},{"not_picked":["Feed","Intimidate"],"picked":"Infernal Blade+1","floor":28.0},{"not_picked":["Battle Trance","Warcry"],"picked":"Heavy Blade","floor":29.0},{"not_picked":["Iron Wave","Feel No Pain+1"],"picked":"Body Slam+1","floor":30.0},{"not_picked":["Combust","Evolve","Clothesline"],"picked":"SKIP","floor":31.0},{"not_picked":["Immolate","Limit Break"],"picked":"Barricade","floor":33.0},{"not_picked":["Second Wind","Wild Strike+1"],"picked":"Clothesline+1","floor":35.0},{"not_picked":["Combust","Shockwave"],"picked":"Seeing Red","floor":36.0},{"not_picked":["Hemokinesis","Anger","Iron Wave"],"picked":"SKIP","floor":38.0},{"not_picked":["Combust+1","Body Slam"],"picked":"Spot Weakness+1","floor":39.0},{"not_picked":["Perfected Strike","True Grit+1"],"picked":"Infernal Blade+1","floor":41},{"not_picked":["Clash","Flex+1"],"picked":"Flame Barrier+1","floor":42},{"not_picked":["Cleave+1","Headbutt","Thunderclap"],"picked":"SKIP","floor":45},{"not_picked":["Rampage+1","Anger"],"picked":"Spot Weakness","floor":47},{"not_picked":["Perfected Strike","Thunderclap+1"],"picked":"Battle Trance+1","floor":48}],"player_experience":83567,"relics_obtained":[{"floor":6.0,"key":"Dream Catcher"},{"floor":9.0,"key":"Smiling Mask"},{"floor":12.0,"key":"Pantograph"},{"floor":13.0,"key":"Bird Faced Urn"},{"floor":24.0,"key":"Oddly Smooth Stone"},{"floor":26.0,"key":"Happy Flower"},{"floor":28.0,"key":"Bottled Flame"},{"floor":29.0,"key":"Red Mask"},{"floor":39.0,"key":"Incense Burner"},{"floor":43,"key":"Centennial Puzzle"},{"floor":45,"key":"Bottled Tornado"}],"event_choices":[{"event_name":"Golden Idol","player_choice":"Take Damage","floor":2.0,"damage_taken":0.0},{"event_name":"Scrap Ooze","player_choice":"success","floor":14.0,"damage_taken":12.0},{"event_name":"Beggar","player_choice":"Gave Gold","floor":27.0,"damage_taken":0.0},{"event_name":"Masked Bandits","player_choice":"Fought over 97 gold","floor":29.0,"damage_taken":0.0},{"event_name":"Mysterious Sphere","player_choice":"Fight","floor":39.0,"damage_taken":0.0},{"event_name":"Wheel of Change","player_choice":"Relic","floor":44,"damage_taken":0}],"boss_relics":[{"not_picked":["Runic Cube","Orrery"],"picked":"Runic Pyramid"},{"not_picked":["Tiny House","Lizard Tail"],"picked":"Velvet Choker"}],"items_purged_floors":[19,37,46],"is_endless":false,"potions_floor_spawned":[1,5,6,7,13,20,24,28,29,31,35,39,45,47],"ascension_level":0}