{"gold_per_floor":[111,122,142,92,92,92,126,126,150,162,179,179,179,189,189,292,292,306,321,246,246,265,265,49,64,91,109,109,109,109,143,143,241,241,254,254,154,164,175,205,205,235,316,316,316,334,138,151,151,151],"floor_reached":50,"playtime":4332,"items_purged":["Strike_G","Strike_G","Strike_G"],"score":875,"play_id":"7365d2ab-8b92-4869-82c7-ddd0c14ec085","local_time":"20180915191919","is_ascension_mode":true,"campfire_choices":[{"data":"Masterful Stab","floor":6,"key":"SMITH"},{"floor":8,"key":"REST"},{"data":"Skewer","floor":13,"key":"SMITH"},{"data":"Dash","floor":15,"key":"SMITH"},{"data":"Expertise","floor":23,"key":"SMITH"},{"data":"J.A.X.","floor":29,"key":"SMITH"},{"data":"Neutralize","floor":32,"key":"SMITH"},{"floor":41,"key":"REST"},{"floor":49,"key":"REST"}],"neow_cost":"NONE","seed_source_timestamp":24003641546479,"circlet_count":0,"master_deck":["Defend_G","Defend_G+1","Defend_G+1","Defend_G","Defend_G","Strike_G+1","Survivor","Neutralize+1","AscendersBane","Expertise+1","Masterful Stab+1","Deflect","Backstab+1","Skewer+1","Dash+1","Tools of the Trade+1","Calculated Gamble+1","Skewer+1","Tactician+1","Magnetism+1","Backflip","J.A.X.+1","Glass Knife+1","All Out Attack+1","Discovery","Discovery","Well Laid Plans+1"],"relics":["Sozu","Ancient Tea Set","Bag of Preparation","Frozen Egg 2","Busted Crown","Pen Nib","Regal Pillow","Fusion Hammer","Whetstone","War Paint","Ninja Scroll"],"potions_floor_usage":[],"damage_taken":[{"damage":0,"enemies":"Cultist","floor":1,"turns":4},{"damage":1,"enemies":"Small Slimes","floor":2,"turns":4},{"damage":0,"enemies":"Jaw Worm","floor":3,"turns":3},{"damage":42,"enemies":"Gremlin Nob","floor":7,"turns":6},{"damage":8,"enemies":"Blue Slaver","floor":10,"turns":3},{"damage":1,"enemies":"Large Slime","floor":11,"turns":5},{"damage":0,"enemies":"Red Slaver","floor":14,"turns":2},{"damage":20,"enemies":"The Guardian","floor":16,"turns":11},{"damage":7,"enemies":"Shell Parasite","floor":18,"turns":4},{"damage":0,"enemies":"Chosen","floor":19,"turns":4},{"damage":0,"enemies":"3 Cultists","floor":22,"turns":4},{"damage":9,"enemies":"Snake Plant","floor":25,"turns":3},{"damage":0,"enemies":"Chosen and Byrds","floor":27,"turns":3},{"damage":3,"enemies":"Gremlin Leader","floor":31,"turns":3},{"damage":27,"enemies":"Champ","floor":33,"turns":5},{"damage":0,"enemies":"Orb Walker","floor":35,"turns":3},{"damage":4,"enemies":"3 Darklings","floor":38,"turns":4},{"damage":0,"enemies":"Reptomancer","floor":39,"turns":4},{"damage":9,"enemies":"2 Orb Walkers","floor":40,"turns":3},{"damage":25,"enemies":"Nemesis","floor":42,"turns":7},{"damage":0,"enemies":"Sphere and 2 Shapes","floor":46,"turns":3},{"damage":21,"enemies":"Transient","floor":48,"turns":5},{"damage":71,"enemies":"Time Eater","floor":50,"turns":6}],"seed_played":"-1157196986293363247","potions_obtained":[],"is_trial":false,"path_per_floor":["M","M","M","?","?","R","E","R","T","M","M","T","R","M","R","B",null,"M","M","$","?","M","R","$","M","T","M","?","R","?","E","R","B",null,"M","?","$","M","M","E","R","E","T","?","?","M","$","M","R"],"character_chosen":"THE_SILENT","items_purchased":["Magnetism+1","Backflip","Well Laid Plans+1"],"campfire_rested":3,"item_purchase_floors":[24,24,47],"current_hp_per_floor":[63,62,62,62,67,67,25,47,47,39,38,38,38,38,38,18,61,54,54,54,54,54,54,54,45,45,45,45,45,75,72,72,45,68,68,68,68,64,64,55,75,50,50,50,45,45,45,24,61,0],"gold":151,"neow_bonus":"BOSS_RELIC","is_prod":false,"is_daily":false,"chose_seed":false,"campfire_upgraded":6,"win_rate":0,"timestamp":1537031959,"path_taken":["M","?","M","?","?","R","E","R","T","M","?","?","R","M","R","BOSS","M","M","$","?","M","R","$","M","T","M","?","R","?","E","R","BOSS","M","?","$","M","M","E","R","E","T","?","?","M","$","M","R","BOSS"],"build_version":"2018-09-06","purchased_purges":3,"victory":false,"max_hp_per_floor":[70,70,70,70,75,75,75,75,75,75,75,75,75,75,75,75,75,75,75,75,75,75,75,75,75,75,75,75,75,75,75,75,75,75,75,75,75,75,75,75,75,75,75,75,75,75,75,75,75,75],"card_choices":[{"not_picked":["Prepared","Outmaneuver"],"picked":"Expertise","floor":1},{"not_picked":["Prepared","Underhanded Strike"],"picked":"Masterful Stab","floor":2},{"not_picked":["Blade Dance","Flying Knee"],"picked":"Deflect","floor":3},{"not_picked":["Blade Dance","Caltrops"],"picked":"Backstab","floor":7},{"not_picked":["Storm of Steel","Accuracy"],"picked":"Skewer","floor":10},{"not_picked":["Poisoned Stab","Riddle With Holes","Catalyst"],"picked":"SKIP","floor":11},{"not_picked":["Deadly Poison","Flying Knee"],"picked":"Dash","floor":14},{"not_picked":["Grand Finale","Night Terror"],"picked":"Tools of the Trade+1","floor":16},{"not_picked":["Deadly Poison"],"picked":"SKIP","floor":18},{"not_picked":[],"picked":"Calculated Gamble+1","floor":19},{"not_picked":[],"picked":"Tactician+1","floor":22},{"not_picked":["Flying Knee"],"picked":"SKIP","floor":25},{"not_picked":["Cloak And Dagger"],"picked":"SKIP","floor":27},{"not_picked":[],"picked":"Glass Knife","floor":31},{"not_picked":["All Out Attack+1"],"picked":"SKIP","floor":35},{"not_picked":[],"picked":"All Out Attack+1","floor":35},{"not_picked":["Dagger Spray"],"picked":"SKIP","floor":38},{"not_picked":["Dagger Spray"],"picked":"SKIP","floor":38},{"not_picked":["Underhanded Strike"],"picked":"SKIP","floor":39},{"not_picked":["Deadly Poison"],"picked":"SKIP","floor":40},{"not_picked":["Outmaneuver"],"picked":"SKIP","floor":42},{"not_picked":[],"picked":"Discovery","floor":45},{"not_picked":[],"picked":"Discovery","floor":45},{"not_picked":["Infinite Blades+1"],"picked":"SKIP","floor":46},{"not_picked":["Dodge and Roll"],"picked":"SKIP","floor":48}],"player_experience":406763,"relics_obtained":[{"floor":7,"key":"Ancient Tea Set"},{"floor":9,"key":"Bag of Preparation"},{"floor":12,"key":"Frozen Egg 2"},{"floor":26,"key":"Pen Nib"},{"floor":31,"key":"Regal Pillow"},{"floor":40,"key":"Whetstone"},{"floor":42,"key":"War Paint"},{"floor":43,"key":"Ninja Scroll"}],"event_choices":[{"event_name":"The Cleric","player_choice":"Card Removal","floor":4,"damage_taken":0},{"event_name":"Big Fish","player_choice":"Donut","floor":5,"damage_taken":0},{"event_name":"Duplicator","player_choice":"One dupe","floor":21,"damage_taken":0},{"event_name":"Drug Dealer","player_choice":"Got JAX","floor":28,"damage_taken":0},{"event_name":"Wheel of Change","player_choice":"Full Heal","floor":30,"damage_taken":0},{"event_name":"Upgrade Shrine","player_choice":"Upgraded","floor":36,"damage_taken":0},{"event_name":"Tomb of Lord Red Mask","player_choice":"Ignored","floor":44,"damage_taken":0},{"event_name":"SensoryStone","player_choice":"Memory 2","floor":45,"damage_taken":0}],"is_beta":false,"boss_relics":[{"not_picked":["Cursed Key","WristBlade"],"picked":"Busted Crown"},{"not_picked":["Astrolabe","Philosopher\u0027s Stone"],"picked":"Fusion Hammer"}],"items_purged_floors":[20,37,47],"is_endless":false,"potions_floor_spawned":[10,11,14,19,25,27,38,39,46,48],"killed_by":"Time Eater","ascension_level":12}