{"gold_per_floor":[215,390,185,135,147,172,172,172],"floor_reached":8,"playtime":227,"items_purged":["Doubt"],"score":73,"play_id":"40e7c437-d79f-4df3-88ae-519a4151de2d","local_time":"20190218170836","is_ascension_mode":true,"campfire_choices":[],"neow_cost":"NONE","seed_source_timestamp":507619853799205,"circlet_count":0,"master_deck":["Strike_R","Strike_R","Strike_R","Strike_R","Strike_R","Defend_R","Defend_R","Defend_R","Bash","Shrug It Off","Pommel Strike","Dramatic Entrance","Sword Boomerang","Flame Barrier"],"special_seed":0,"relics":["Burning Blood","The Courier","CultistMask"],"potions_floor_usage":[],"damage_taken":[{"damage":9.0,"enemies":"2 Louse","floor":1.0,"turns":3.0},{"damage":4.0,"enemies":"Jaw Worm","floor":5.0,"turns":4.0},{"damage":57,"enemies":"Gremlin Nob","floor":6,"turns":5},{"damage":25,"enemies":"3 Sentries","floor":8,"turns":4}],"seed_played":"-3811693398834058852","potions_obtained":[{"floor":1.0,"key":"BloodPotion"},{"floor":6,"key":"Dexterity Potion"}],"is_trial":false,"path_per_floor":["M","?","$","?","M","E","?","E"],"character_chosen":"IRONCLAD","items_purchased":["Pommel Strike","Dramatic Entrance"],"campfire_rested":0,"item_purchase_floors":[3,3],"current_hp_per_floor":[69,69,69,69,71,20,20,0],"gold":172,"neow_bonus":"HUNDRED_GOLD","is_prod":false,"is_daily":false,"chose_seed":false,"campfire_upgraded":0,"win_rate":0,"timestamp":1550531316,"path_taken":["M","?","$","?","M","E","?","E"],"build_version":"2019-01-23","purchased_purges":1,"victory":false,"max_hp_per_floor":[80,80,80,80,80,80,80,80],"card_choices":[{"not_picked":["Hemokinesis","Armaments"],"picked":"Shrug It Off","floor":1.0},{"not_picked":["Burning Pact","Rampage"],"picked":"Sword Boomerang","floor":5.0},{"not_picked":["Sword Boomerang","Pommel Strike"],"picked":"Flame Barrier","floor":6}],"player_experience":191894,"relics_obtained":[{"floor":6,"key":"The Courier"}],"event_choices":[{"damage_healed":0.0,"max_hp_gain":0.0,"max_hp_loss":0.0,"gold_gain":175.0,"event_name":"Liars Game","player_choice":"AGREE","floor":2.0,"gold_loss":0.0,"damage_taken":0.0,"cards_obtained":["Doubt"]},{"cards_removed":["Defend_R"],"damage_healed":0.0,"max_hp_gain":0.0,"max_hp_loss":0.0,"gold_gain":0.0,"event_name":"The Cleric","player_choice":"Card Removal","floor":4.0,"gold_loss":50.0,"damage_taken":0.0},{"damage_healed":0,"gold_gain":0,"player_choice":"Trade","damage_taken":0,"relics_obtained":["CultistMask"],"max_hp_gain":0,"max_hp_loss":0,"event_name":"FaceTrader","floor":7,"gold_loss":0}],"is_beta":false,"boss_relics":[],"items_purged_floors":[3],"is_endless":false,"potions_floor_spawned":[1,6],"killed_by":"3 Sentries","ascension_level":7}