{"gold_per_floor":[112,125,143,159,16,16,41,41,41,41,41,51,51],"floor_reached":13,"playtime":650,"items_purged":["Strike_B"],"score":85,"play_id":"760bb640-8deb-4de1-99c1-18f47d036f26","local_time":"20190125201800","is_ascension_mode":false,"campfire_choices":[{"data":"Creative AI","floor":6,"key":"SMITH"},{"data":"Loop","floor":8,"key":"SMITH"},{"data":"Force Field","floor":11,"key":"SMITH"}],"neow_cost":"NONE","seed_source_timestamp":551270557152124,"circlet_count":0,"master_deck":["Strike_B","Strike_B","Strike_B","Defend_B","Defend_B","Defend_B","Defend_B","Zap","Dualcast","Chaos","Force Field+1","Creative AI+1","Loop+1"],"relics":["Cracked Core","NeowsBlessing","Bag of Preparation","Pen Nib"],"potions_floor_usage":[7,12,13],"damage_taken":[{"damage":0,"enemies":"Cultist","floor":1,"turns":1},{"damage":0,"enemies":"Small Slimes","floor":2,"turns":1},{"damage":0,"enemies":"Jaw Worm","floor":3,"turns":1},{"damage":12,"enemies":"Blue Slaver","floor":4,"turns":3},{"damage":21,"enemies":"Lagavulin","floor":7,"turns":6},{"damage":21,"enemies":"Lots of Slimes","floor":12,"turns":6},{"damage":22,"enemies":"Gremlin Nob","floor":13,"turns":3}],"seed_played":"849723462378762934","potions_obtained":[{"floor":2,"key":"SpeedPotion"},{"floor":3,"key":"PowerPotion"},{"floor":7,"key":"Ancient Potion"},{"floor":12,"key":"LiquidBronze"}],"is_trial":false,"path_per_floor":["M","M","M","M","$","R","E","R","T","$","R","M","E"],"character_chosen":"DEFECT","items_purchased":["Loop"],"campfire_rested":0,"item_purchase_floors":[5],"current_hp_per_floor":[75,75,75,63,63,63,42,42,42,42,42,21,0],"gold":51,"neow_bonus":"THREE_ENEMY_KILL","is_prod":false,"is_daily":false,"chose_seed":false,"campfire_upgraded":3,"win_rate":0.0,"timestamp":1548443880,"path_taken":["M","M","M","M","$","R","E","R","T","?","R","M","E"],"build_version":"2019-01-23","purchased_purges":1,"victory":false,"max_hp_per_floor":[75,75,75,75,75,75,75,75,75,75,75,75,75],"card_choices":[{"not_picked":["Sweeping Beam","Hello World","Static Discharge"],"picked":"SKIP","floor":1},{"not_picked":["Reinforced Body","Rebound"],"picked":"Chaos","floor":2},{"not_picked":["Coolheaded","Beam Cell"],"picked":"Force Field","floor":3},{"not_picked":["Streamline","Force Field"],"picked":"Creative AI","floor":4},{"not_picked":["Rebound","Auto Shields","Stack"],"picked":"SKIP","floor":7},{"not_picked":["Coolheaded","Turbo","Barrage"],"picked":"SKIP","floor":12}],"player_experience":69102,"relics_obtained":[{"floor":7,"key":"Bag of Preparation"},{"floor":9,"key":"Pen Nib"}],"event_choices":[],"is_beta":false,"boss_relics":[],"items_purged_floors":[5],"is_endless":false,"potions_floor_spawned":[2,3,7,12],"killed_by":"Gremlin Nob","ascension_level":0}