{"gold_per_floor":[119,135,135,151,151,180,197,197,248,311,311,311,321,331,331,406,406,420,420,420,420,197,197,229,229,279,279,291,301,100,120,120,191,191,202,212,212,281,295,325,325,20,44,57,68,102,102,122,122,122],"floor_reached":51,"playtime":3047,"items_purged":["Pain","Defend_R","Defend_R"],"score":1217,"play_id":"f7a4ec6a-4f58-43bc-bd4f-e44b0be0c459","local_time":"20180929130334","is_ascension_mode":true,"campfire_choices":[{"data":"Perfected Strike","floor":8,"key":"SMITH"},{"floor":12,"key":"REST"},{"floor":15,"key":"REST"},{"data":"Perfected Strike","floor":23,"key":"SMITH"},{"data":"Perfected Strike","floor":25,"key":"SMITH"},{"data":"Dual Wield","floor":27,"key":"SMITH"},{"data":"Enlightenment","floor":32,"key":"SMITH"},{"data":"Shrug It Off","floor":41,"key":"SMITH"},{"floor":49,"key":"REST"}],"neow_cost":"","seed_source_timestamp":2423376968685,"circlet_count":0,"master_deck":["Strike_R","Strike_R","Strike_R","Strike_R","Strike_R","Defend_R","Bash+1","AscendersBane","Disarm+1","Perfected Strike+1","Perfected Strike+1","Feed","Shrug It Off+1","Perfected Strike+1","Dual Wield+1","Pommel Strike","Enlightenment+1","Shrug It Off+1","Pommel Strike","Pommel Strike","Shrug It Off","Pommel Strike","Shrug It Off","Pommel Strike+1"],"relics":["Burning Blood","Self Forming Clay","Oddly Smooth Stone","Nunchaku","Boot","Art of War","Velvet Choker","WarpedTongs","Happy Flower","Strawberry","War Paint","Runic Dome","Gremlin Horn","Whetstone","Orichalcum","Anchor","Dream Catcher"],"potions_floor_usage":[10,10,16,18,24,31,40,50,50],"damage_taken":[{"damage":2,"enemies":"Jaw Worm","floor":1,"turns":3},{"damage":1,"enemies":"Cultist","floor":2,"turns":3},{"damage":4,"enemies":"2 Louse","floor":4,"turns":3},{"damage":47,"enemies":"3 Sentries","floor":6,"turns":10},{"damage":2,"enemies":"Large Slime","floor":7,"turns":4},{"damage":27,"enemies":"Lagavulin Event","floor":10,"turns":7},{"damage":0,"enemies":"Exordium Wildlife","floor":13,"turns":2},{"damage":16,"enemies":"Lots of Slimes","floor":14,"turns":5},{"damage":32,"enemies":"Hexaghost","floor":16,"turns":11},{"damage":5,"enemies":"2 Thieves","floor":18,"turns":3},{"damage":17,"enemies":"Slavers","floor":24,"turns":8},{"damage":2,"enemies":"Spheric Guardian","floor":28,"turns":3},{"damage":9,"enemies":"Snake Plant","floor":29,"turns":3},{"damage":9,"enemies":"Snecko","floor":31,"turns":4},{"damage":49,"enemies":"Collector","floor":33,"turns":5},{"damage":4,"enemies":"Orb Walker","floor":35,"turns":2},{"damage":2,"enemies":"3 Shapes","floor":36,"turns":3},{"damage":0,"enemies":"Sphere and 2 Shapes","floor":39,"turns":3},{"damage":16,"enemies":"Nemesis","floor":40,"turns":5},{"damage":0,"enemies":"Reptomancer","floor":44,"turns":3},{"damage":15,"enemies":"Maw","floor":45,"turns":5},{"damage":6,"enemies":"2 Orb Walkers","floor":46,"turns":3},{"damage":7,"enemies":"3 Darklings","floor":48,"turns":4},{"damage":78,"enemies":"Awakened One","floor":50,"turns":11}],"seed_played":"5484082598563692335","potions_obtained":[{"floor":1,"key":"Block Potion"},{"floor":6,"key":"Ancient Potion"},{"floor":10,"key":"SpeedPotion"},{"floor":10,"key":"EssenceOfSteel"},{"floor":16,"key":"Fire Potion"},{"floor":24,"key":"AttackPotion"},{"floor":28,"key":"Poison Potion"},{"floor":29,"key":"PowerPotion"},{"floor":35,"key":"Regen Potion"},{"floor":40,"key":"Block Potion"},{"floor":48,"key":"BloodPotion"}],"is_trial":false,"path_per_floor":["M","M","?","M","?","E","M","R","T","?","?","R","M","M","R","B",null,"M","?","?","?","$","R","E","R","T","R","M","M","$","M","R","B",null,"M","M","?","T","M","E","R","$","T","M","M","E","?","M","R","B"],"character_chosen":"IRONCLAD","items_purchased":["Happy Flower","Enlightenment","Shrug It Off","Orichalcum"],"campfire_rested":3,"item_purchase_floors":[22,30,42,42],"current_hp_per_floor":[76,80,80,80,73,32,36,36,36,15,8,32,38,28,52,26,67,68,68,68,80,80,80,79,79,79,79,83,80,80,77,77,38,80,82,89,89,89,98,88,88,88,88,98,89,89,89,88,104,57],"gold":122,"neow_bonus":"","is_prod":false,"is_daily":false,"chose_seed":false,"campfire_upgraded":6,"win_rate":0,"timestamp":1538219014,"path_taken":["M","M","?","M","?","E","?","R","T","?","?","R","M","M","R","BOSS","M","?","?","?","$","R","E","R","T","R","M","M","$","?","R","BOSS","M","M","?","?","M","E","R","$","T","M","M","E","?","M","R","BOSS"],"build_version":"2018-09-27","purchased_purges":3,"victory":true,"max_hp_per_floor":[80,80,80,80,80,80,80,80,80,80,80,80,80,80,80,80,80,80,80,80,80,80,80,90,90,90,90,90,90,90,90,90,94,94,94,97,97,97,100,100,100,100,100,104,104,104,104,104,104,104],"card_choices":[{"not_picked":["Dual Wield","Flex"],"picked":"Carnage","floor":1},{"not_picked":["Iron Wave","Rupture"],"picked":"Disarm","floor":2},{"not_picked":["Pommel Strike","Dual Wield"],"picked":"Perfected Strike","floor":4},{"not_picked":["Warcry","Rupture","Flex"],"picked":"SKIP","floor":6},{"not_picked":["True Grit","Clash","Fire Breathing"],"picked":"SKIP","floor":7},{"not_picked":["Anger","Headbutt"],"picked":"Pommel Strike","floor":10},{"not_picked":["Iron Wave","Corruption","Barricade"],"picked":"SKIP","floor":13},{"not_picked":["Clothesline","Headbutt"],"picked":"Perfected Strike","floor":14},{"not_picked":["Bludgeon","Dark Embrace"],"picked":"Feed","floor":16},{"not_picked":["Rage","True Grit"],"picked":"Shrug It Off","floor":18},{"not_picked":["Shrug It Off","Clothesline"],"picked":"Dual Wield","floor":24},{"not_picked":["Heavy Blade+1","Clash+1"],"picked":"Pommel Strike","floor":28},{"not_picked":["Corruption","Carnage","True Grit"],"picked":"SKIP","floor":29},{"not_picked":["Body Slam","Whirlwind","Sword Boomerang"],"picked":"SKIP","floor":31},{"not_picked":["Clothesline","Feel No Pain+1"],"picked":"Shrug It Off","floor":35},{"not_picked":["Twin Strike","Wild Strike"],"picked":"Pommel Strike","floor":36},{"not_picked":["Corruption","Headbutt"],"picked":"Pommel Strike","floor":39},{"not_picked":["Body Slam","True Grit","Reckless Charge"],"picked":"SKIP","floor":40},{"not_picked":["Spot Weakness","Intimidate+1"],"picked":"Pommel Strike","floor":44},{"not_picked":["Spot Weakness","Searing Blow+1","Anger"],"picked":"SKIP","floor":45},{"not_picked":["Shockwave","Clothesline+1"],"picked":"Shrug It Off","floor":46},{"not_picked":["True Grit","Feel No Pain"],"picked":"Pommel Strike+1","floor":48}],"player_experience":459409,"relics_obtained":[{"floor":6,"key":"Nunchaku"},{"floor":9,"key":"Boot"},{"floor":10,"key":"Art of War"},{"floor":24,"key":"Strawberry"},{"floor":26,"key":"War Paint"},{"floor":38,"key":"Gremlin Horn"},{"floor":40,"key":"Whetstone"},{"floor":43,"key":"Anchor"},{"floor":46,"key":"Dream Catcher"}],"event_choices":[{"event_name":"Big Fish","player_choice":"Box","floor":3,"damage_taken":0},{"event_name":"Scrap Ooze","player_choice":"success","floor":5,"damage_taken":7},{"event_name":"Dead Adventurer","player_choice":"Searched \u00271\u0027 times","floor":10,"damage_taken":0},{"event_name":"Golden Wing","player_choice":"Card Removal","floor":11,"damage_taken":0},{"event_name":"Accursed Blacksmith","player_choice":"Rummage","floor":19,"damage_taken":0},{"event_name":"The Library","player_choice":"Read","floor":20,"damage_taken":0},{"event_name":"Bonfire Elementals","player_choice":"UNCOMMON","floor":21,"damage_taken":0},{"event_name":"Purifier","player_choice":"One Purge","floor":37,"damage_taken":0},{"event_name":"Falling","player_choice":"Removed Attack","floor":47,"damage_taken":0}],"is_beta":false,"boss_relics":[{"not_picked":["Tiny House","Runic Cube"],"picked":"Velvet Choker"},{"not_picked":["Black Star","Empty Cage"],"picked":"Runic Dome"}],"items_purged_floors":[22,30,42],"is_endless":false,"potions_floor_spawned":[1,6,7,10,10,13,16,24,28,29,35,40,48],"ascension_level":13}