{"gold_per_floor":[111,61,61,76,92,92,92,107,107,107,130,130,9,44,56,68],"floor_reached":16,"playtime":556,"items_purged":[],"score":133,"play_id":"4e069d47-9df5-4132-84e6-c0cdd612c53b","local_time":"20180826125402","is_ascension_mode":true,"campfire_choices":[{"data":"Defend_R","floor":6,"key":"SMITH"},{"floor":10,"key":"REST"},{"data":"Armaments","floor":12,"key":"SMITH"},{"floor":15,"key":"REST"}],"neow_cost":"NONE","seed_source_timestamp":7710533799624,"circlet_count":0,"master_deck":["Strike_R+1","Strike_R","Strike_R","Strike_R+1","Defend_R","Defend_R","Defend_R","Defend_R+1","Bash","Armaments+1","Juggernaut"],"relics":["Runic Dome","Golden Idol","The Courier","MawBank"],"potions_floor_usage":[8],"damage_taken":[{"damage":5,"enemies":"Small Slimes","floor":1,"turns":4},{"damage":7,"enemies":"Jaw Worm","floor":4,"turns":3},{"damage":0,"enemies":"2 Louse","floor":5,"turns":3},{"damage":2,"enemies":"Exordium Wildlife","floor":8,"turns":3},{"damage":14,"enemies":"Large Slime","floor":11,"turns":4},{"damage":2,"enemies":"2 Fungi Beasts","floor":14,"turns":4},{"damage":54,"enemies":"Slime Boss","floor":16,"turns":8}],"seed_played":"-6985733360903922414","potions_obtained":[{"floor":1,"key":"Fire Potion"},{"floor":8,"key":"Poison Potion"},{"floor":14,"key":"Ancient Potion"}],"is_trial":false,"path_per_floor":["M","?","?","M","M","R","?","M","T","R","M","R","$","M","R"],"character_chosen":"IRONCLAD","items_purchased":["MawBank"],"campfire_rested":2,"item_purchase_floors":[13],"current_hp_per_floor":[67,67,51,44,44,44,24,22,22,46,32,32,32,30,54,0],"gold":68,"neow_bonus":"BOSS_RELIC","is_prod":false,"is_daily":false,"chose_seed":false,"campfire_upgraded":2,"win_rate":0,"timestamp":1535280842,"path_taken":["M","?","?","M","M","R","?","M","T","R","M","R","?","?","R","BOSS"],"build_version":"2018-08-23v2","purchased_purges":0,"victory":false,"max_hp_per_floor":[80,80,80,80,80,80,80,80,80,80,80,80,80,80,80,80],"card_choices":[{"not_picked":["Infernal Blade","Twin Strike","Flex"],"picked":"SKIP","floor":1},{"not_picked":["Perfected Strike","Bloodletting","Wild Strike"],"picked":"SKIP","floor":4},{"not_picked":["Sword Boomerang","Warcry","Second Wind"],"picked":"SKIP","floor":5},{"not_picked":["True Grit","Warcry","Heavy Blade"],"picked":"SKIP","floor":8},{"not_picked":["Warcry","Shockwave"],"picked":"Armaments","floor":11},{"not_picked":["Anger","Heavy Blade"],"picked":"Juggernaut","floor":14}],"player_experience":346012,"relics_obtained":[{"floor":9,"key":"The Courier"}],"event_choices":[{"event_name":"The Cleric","player_choice":"Card Removal","floor":2,"damage_taken":0},{"event_name":"Shining Light","player_choice":"Entered Light","floor":3,"damage_taken":0},{"event_name":"Golden Idol","player_choice":"Take Damage","floor":7,"damage_taken":0}],"is_beta":false,"boss_relics":[],"items_purged_floors":[],"is_endless":false,"potions_floor_spawned":[1,8,14],"killed_by":"Slime Boss","ascension_level":9}