{"gold_per_floor":[117,392,34,54,54,54,89,106,178,188,222,222,238,252,252,323,323,336,336,336,13,31,31,59,59,86,100,100,110,130,39,39,117,117,127,143,161,161,261,261],"floor_reached":40,"playtime":1340,"items_purged":["Regret","Strike_B","Strike_B"],"score":886,"play_id":"2071d30d-1e32-4fc5-8558-7d3c3e18f3fb","local_time":"20190223142220","is_ascension_mode":true,"campfire_choices":[{"data":"Go for the Eyes","floor":6,"key":"SMITH"},{"floor":12,"key":"REST"},{"data":"Self Repair","floor":15,"key":"SMITH"},{"floor":23,"key":"REST"},{"floor":25,"key":"REST"},{"floor":28,"key":"REST"},{"data":"Defragment","floor":32,"key":"SMITH"}],"neow_cost":"NONE","seed_source_timestamp":1830261461300,"circlet_count":0,"master_deck":["AscendersBane","Strike_B","Defend_B","Defend_B","Zap","Dualcast","Apotheosis+1","Capacitor","Go for the Eyes+1","Ball Lightning","Conserve Battery","Self Repair+1","Static Discharge","Ball Lightning","Biased Cognition","Turbo","Reinforced Body","Core Surge","Defragment+1","Capacitor","Consume"],"relics":["Cracked Core","NeowsBlessing","Smiling Mask","Meat on the Bone","Symbiotic Virus","Philosopher\u0027s Stone","Cables","Mercury Hourglass","Bag of Marbles","Lizard Tail","Turnip"],"potions_floor_usage":[11,16,22,33,36],"damage_taken":[{"damage":0,"enemies":"Jaw Worm","floor":1,"turns":1},{"damage":0,"enemies":"Cultist","floor":4,"turns":1},{"damage":0,"enemies":"Gremlin Nob","floor":7,"turns":1},{"damage":8,"enemies":"Small Slimes","floor":8,"turns":3},{"damage":30,"enemies":"Exordium Thugs","floor":10,"turns":6},{"damage":34,"enemies":"3 Sentries","floor":11,"turns":8},{"damage":19,"enemies":"Large Slime","floor":13,"turns":4},{"damage":22,"enemies":"Exordium Wildlife","floor":14,"turns":5},{"damage":24,"enemies":"The Guardian","floor":16,"turns":11},{"damage":25,"enemies":"Spheric Guardian","floor":18,"turns":4},{"damage":5,"enemies":"3 Byrds","floor":22,"turns":1},{"damage":25,"enemies":"Book of Stabbing","floor":24,"turns":4},{"damage":52,"enemies":"Shelled Parasite and Fungi","floor":27,"turns":5},{"damage":10,"enemies":"Centurion and Healer","floor":29,"turns":5},{"damage":22,"enemies":"Chosen and Byrds","floor":30,"turns":4},{"damage":40,"enemies":"Champ","floor":33,"turns":8},{"damage":30,"enemies":"3 Darklings","floor":35,"turns":4},{"damage":24,"enemies":"Orb Walker","floor":36,"turns":4},{"damage":44,"enemies":"3 Darklings","floor":37,"turns":4},{"damage":38,"enemies":"Mind Bloom Boss Battle","floor":39,"turns":5},{"damage":80,"enemies":"Giant Head","floor":40,"turns":5}],"seed_played":"-7932847319236581317","potions_obtained":[{"floor":7,"key":"Energy Potion"},{"floor":10,"key":"SpeedPotion"},{"floor":13,"key":"EssenceOfSteel"},{"floor":16,"key":"Fire Potion"},{"floor":22,"key":"Explosive Potion"},{"floor":24,"key":"Dexterity Potion"},{"floor":35,"key":"SkillPotion"},{"floor":39,"key":"FocusPotion"}],"is_trial":false,"path_per_floor":["M","?","$","M","?","R","E","M","T","M","E","R","M","M","R","B",null,"M","?","?","$","M","R","E","R","T","M","R","M","M","$","R","B",null,"M","M","M","?","?","E"],"character_chosen":"DEFECT","items_purchased":["Apotheosis","Capacitor","Go for the Eyes","Cables","Capacitor"],"campfire_rested":4,"item_purchase_floors":[3,3,3,21,31],"current_hp_per_floor":[64,64,64,64,64,64,64,56,56,48,36,57,45,35,35,33,62,47,47,27,27,34,56,43,65,65,35,57,57,57,57,57,39,67,59,57,35,35,60,0],"gold":261,"neow_bonus":"THREE_ENEMY_KILL","is_prod":false,"is_daily":false,"chose_seed":false,"campfire_upgraded":3,"win_rate":0,"timestamp":1550924540,"path_taken":["M","?","$","?","?","R","E","M","T","M","E","R","M","M","R","BOSS","M","?","?","?","M","R","E","R","T","M","R","M","?","$","R","BOSS","M","?","M","?","?","E"],"build_version":"2019-01-23","purchased_purges":3,"victory":false,"max_hp_per_floor":[71,71,71,71,71,71,71,71,71,71,71,71,71,71,71,71,71,71,71,76,76,76,76,76,76,76,76,76,76,76,76,76,76,76,76,76,76,76,76,76],"card_choices":[{"not_picked":["Gash","Chill","Rebound"],"picked":"SKIP","floor":1},{"not_picked":["Sunder","Compile Driver"],"picked":"Ball Lightning","floor":4},{"not_picked":["Redo","Reinforced Body"],"picked":"Conserve Battery","floor":7},{"not_picked":["Streamline","Go for the Eyes"],"picked":"Self Repair","floor":8},{"not_picked":["Barrage","Gash","Darkness"],"picked":"SKIP","floor":10},{"not_picked":["Conserve Battery","Machine Learning"],"picked":"Static Discharge","floor":11},{"not_picked":["Hello World","Blizzard","Scrape"],"picked":"SKIP","floor":13},{"not_picked":["Chill","Turbo"],"picked":"Ball Lightning","floor":14},{"not_picked":["Multi-Cast","Hyperbeam"],"picked":"Biased Cognition","floor":16},{"not_picked":["Barrage","Doom and Gloom+1","Beam Cell"],"picked":"SKIP","floor":18},{"not_picked":["Streamline","Hello World","Go for the Eyes"],"picked":"SKIP","floor":22},{"not_picked":["Leap+1","Coolheaded"],"picked":"Core Surge","floor":24},{"not_picked":["Genetic Algorithm","Stack+1"],"picked":"Defragment","floor":27},{"not_picked":["Stack","Ball Lightning","Steam"],"picked":"SKIP","floor":29},{"not_picked":["Hologram","Go for the Eyes","Chill+1"],"picked":"SKIP","floor":30},{"not_picked":["Beam Cell","Skim","Heatsinks"],"picked":"SKIP","floor":35},{"not_picked":["Beam Cell","Recycle","Go for the Eyes"],"picked":"SKIP","floor":36},{"not_picked":["BootSequence","Rebound+1","Sunder"],"picked":"SKIP","floor":37},{"not_picked":["Turbo","Glacier"],"picked":"Consume","floor":39}],"player_experience":907511,"relics_obtained":[{"floor":7,"key":"Smiling Mask"},{"floor":9,"key":"Meat on the Bone"},{"floor":11,"key":"Symbiotic Virus"},{"floor":24,"key":"Mercury Hourglass"},{"floor":26,"key":"Bag of Marbles"},{"floor":39,"key":"Turnip"}],"event_choices":[{"damage_healed":0,"gold_gain":275,"player_choice":"Desecrate","damage_taken":0,"max_hp_gain":0,"max_hp_loss":0,"event_name":"Golden Shrine","floor":2,"gold_loss":0,"cards_obtained":["Regret"]},{"damage_healed":0,"gold_gain":0,"player_choice":"Upgraded","damage_taken":0,"max_hp_gain":0,"max_hp_loss":0,"event_name":"Upgrade Shrine","floor":5,"gold_loss":0,"cards_upgraded":["Apotheosis"]},{"damage_healed":0,"gold_gain":0,"cards_transformed":["Strike_B","Defend_B"],"player_choice":"Became Test Subject","damage_taken":0,"max_hp_gain":0,"max_hp_loss":0,"event_name":"Drug Dealer","floor":19,"gold_loss":0,"cards_obtained":["Turbo","Reinforced Body"]},{"damage_healed":0,"gold_gain":0,"player_choice":"Shed Blood","damage_taken":25,"max_hp_gain":5,"max_hp_loss":0,"event_name":"Forgotten Altar","floor":20,"gold_loss":0},{"cards_removed":["Defend_B"],"damage_healed":0,"gold_gain":0,"player_choice":"Removed Skill","damage_taken":0,"max_hp_gain":0,"max_hp_loss":0,"event_name":"Falling","floor":38,"gold_loss":0},{"damage_healed":0,"gold_gain":0,"player_choice":"Fight","damage_taken":0,"max_hp_gain":0,"max_hp_loss":0,"event_name":"MindBloom","floor":39,"gold_loss":0}],"is_beta":false,"boss_relics":[{"not_picked":["FrozenCore","Nuclear Battery"],"picked":"Philosopher\u0027s Stone"},{"not_picked":["Orrery","Velvet Choker"],"picked":"Lizard Tail"}],"items_purged_floors":[3,21,31],"is_endless":false,"potions_floor_spawned":[7,10,13,16,22,24,35,39],"killed_by":"Giant Head","ascension_level":20}