{"gold_per_floor":[114,67,67,67,86,118,118,144,144,175,185,185,200,375,375,475,475,494,494,25,43,43,43],"floor_reached":23,"playtime":1425,"items_purged":["Writhe"],"score":255,"play_id":"0b2688d3-c565-4b2c-aa90-a9dc33443879","local_time":"20190108232535","is_ascension_mode":true,"campfire_choices":[{"data":"Infinite Blades","floor":12,"key":"SMITH"},{"data":"Neutralize","floor":15,"key":"SMITH"}],"neow_cost":"NONE","seed_source_timestamp":4702574183289,"circlet_count":0,"master_deck":["Defend_G","Defend_G","Defend_G","Defend_G","Defend_G","Strike_G","Strike_G","Survivor","Neutralize+1","Cloak And Dagger","Backflip","Dash","Dagger Throw","Underhanded Strike","Infinite Blades+1","Dagger Throw","Blade Dance","Phantasmal Killer","A Thousand Cuts+1","Skewer+1","Escape Plan","Leg Sweep","Footwork","Finesse+1","Outmaneuver+1"],"relics":["Ring of the Snake","NeowsBlessing","Pocketwatch","Shuriken","Calipers","Question Card","Astrolabe","Toxic Egg 2"],"potions_floor_usage":[23],"damage_taken":[{"damage":0,"enemies":"Small Slimes","floor":1,"turns":1},{"damage":0,"enemies":"Cultist","floor":5,"turns":1},{"damage":0,"enemies":"Lagavulin","floor":6,"turns":1},{"damage":17,"enemies":"3 Sentries","floor":8,"turns":9},{"damage":17,"enemies":"Lagavulin","floor":10,"turns":6},{"damage":0,"enemies":"2 Louse","floor":11,"turns":2},{"damage":0,"enemies":"Exordium Thugs","floor":13,"turns":4},{"damage":17,"enemies":"Slime Boss","floor":16,"turns":8},{"damage":33,"enemies":"Spheric Guardian","floor":18,"turns":4},{"damage":19,"enemies":"3 Byrds","floor":21,"turns":3},{"damage":20,"enemies":"Slavers","floor":23,"turns":3}],"seed_played":"4459472011884224997","potions_obtained":[{"floor":3,"key":"Ancient Potion"},{"floor":3,"key":"Ancient Potion"},{"floor":3,"key":"Poison Potion"},{"floor":5,"key":"SpeedPotion"},{"floor":16,"key":"Strength Potion"},{"floor":21,"key":"SteroidPotion"}],"is_trial":false,"path_per_floor":["M","$","?","$","M","E","?","E","T","E","M","R","M","?","R","B",null,"M","?","$","M","?","E"],"character_chosen":"THE_SILENT","items_purchased":["Backflip","Toxic Egg 2","Footwork","Finesse+1"],"campfire_rested":0,"item_purchase_floors":[2,20,20,20],"current_hp_per_floor":[70,70,70,70,70,70,70,53,53,36,36,36,36,36,36,19,70,37,37,37,18,18,0],"gold":43,"neow_bonus":"THREE_ENEMY_KILL","is_prod":false,"is_daily":false,"chose_seed":false,"campfire_upgraded":2,"win_rate":0,"timestamp":1547011535,"path_taken":["M","$","?","?","M","E","?","E","T","E","M","R","?","?","R","BOSS","M","?","$","M","?","E"],"build_version":"2019-01-03v4","purchased_purges":1,"victory":false,"max_hp_per_floor":[70,70,70,70,70,70,70,70,70,70,70,70,70,70,70,70,70,70,70,70,70,70,70],"card_choices":[{"not_picked":["Dagger Throw","Dodge and Roll"],"picked":"Cloak And Dagger","floor":1},{"not_picked":["Dagger Spray","Underhanded Strike"],"picked":"Dash","floor":5},{"not_picked":["Choke","Outmaneuver"],"picked":"Dagger Throw","floor":6},{"not_picked":["Wraith Form v2","Deflect"],"picked":"Underhanded Strike","floor":8},{"not_picked":["Deflect","Crippling Poison"],"picked":"Infinite Blades","floor":10},{"not_picked":["Flying Knee","Caltrops","Riddle With Holes"],"picked":"Dagger Throw","floor":11},{"not_picked":["Outmaneuver","Bane","Backflip"],"picked":"Blade Dance","floor":13},{"not_picked":["Glass Knife","Bullet Time","Night Terror"],"picked":"Phantasmal Killer","floor":16},{"not_picked":["Prepared","Sucker Punch","Skewer"],"picked":"Escape Plan","floor":18},{"not_picked":["Footwork","Dagger Spray+1","Calculated Gamble+1"],"picked":"Outmaneuver+1","floor":21}],"player_experience":71469,"relics_obtained":[{"floor":6,"key":"Pocketwatch"},{"floor":8,"key":"Shuriken"},{"floor":9,"key":"Calipers"},{"floor":10,"key":"Question Card"}],"event_choices":[{"damage_healed":0,"gold_gain":0,"player_choice":"Got Potions","damage_taken":0,"max_hp_gain":0,"max_hp_loss":0,"event_name":"Lab","floor":3,"gold_loss":0},{"damage_healed":0,"gold_gain":0,"cards_transformed":["Strike_G"],"player_choice":"Transformed","damage_taken":0,"max_hp_gain":0,"max_hp_loss":0,"event_name":"Transmorgrifier","floor":7,"gold_loss":0,"cards_obtained":["Endless Agony"]},{"damage_healed":0,"gold_gain":175,"player_choice":"AGREE","damage_taken":0,"max_hp_gain":0,"max_hp_loss":0,"event_name":"Liars Game","floor":14,"gold_loss":0,"cards_obtained":["Doubt"]},{"damage_healed":0,"gold_gain":0,"player_choice":"Read","damage_taken":0,"max_hp_gain":0,"max_hp_loss":0,"event_name":"The Library","floor":19,"gold_loss":0,"cards_obtained":["Leg Sweep"]},{"cards_removed":["Strike_G"],"damage_healed":0,"gold_gain":0,"player_choice":"Purged","damage_taken":0,"max_hp_gain":0,"max_hp_loss":0,"event_name":"Purifier","floor":22,"gold_loss":0}],"is_beta":false,"boss_relics":[{"not_picked":["Tiny House","Lizard Tail"],"picked":"Astrolabe"}],"items_purged_floors":[20],"is_endless":false,"potions_floor_spawned":[5,10,11,16,21],"killed_by":"Slavers","ascension_level":2}