{"gold_per_floor":[369,386,46,56,56,56,73,86,86,119,137,171,171,190,190,265,265,284,299,199,114,133,167,180,180,180,180,208,228,63,63,63,136,136,154,165,180,198,209,238,238,268,294,311,311,62,87,97,97,97],"floor_reached":51,"playtime":4287,"items_purged":["Strike_R","Strike_R","Strike_R"],"score":1331,"play_id":"325e84df-9398-493f-95c9-735e76d9f021","local_time":"20190222211140","is_ascension_mode":true,"campfire_choices":[{"data":"Whirlwind","floor":6,"key":"SMITH"},{"data":"Bash","floor":13,"key":"SMITH"},{"data":"True Grit","floor":15,"key":"SMITH"},{"data":"Flame Barrier","floor":25,"key":"SMITH"},{"data":"1","floor":27,"key":"LIFT"},{"data":"2","floor":32,"key":"LIFT"},{"data":"3","floor":41,"key":"LIFT"},{"floor":49,"key":"REST"}],"neow_cost":"PERCENT_DAMAGE","seed_source_timestamp":842045265058073,"circlet_count":0,"master_deck":["AscendersBane","Strike_R","Defend_R","Defend_R","Defend_R","Defend_R","Bash+1","Armaments","True Grit+1","Whirlwind+1","Rampage","Feed","Clothesline","Intimidate","Entrench","Dual Wield","True Grit","Impervious","Feel No Pain","Evolve","Flame Barrier+1","Ghostly Armor","Spot Weakness","Entrench","Blood for Blood","Metallicize","Offering","Sever Soul+1","Parasite","Reaper","Heavy Blade+1","Heavy Blade"],"relics":["Burning Blood","Chemical X","Paper Frog","Bag of Marbles","Gambling Chip","Snecko Eye","Oddly Smooth Stone","Sundial","Girya","Ornamental Fan","Philosopher\u0027s Stone","Juzu Bracelet","Kunai","Blood Vial","Shuriken","The Courier"],"potions_floor_usage":[8,12,16,23,28,28,33,33,40,47,50,50],"damage_taken":[{"damage":1,"enemies":"Cultist","floor":1,"turns":3},{"damage":4,"enemies":"Small Slimes","floor":2,"turns":4},{"damage":4,"enemies":"Jaw Worm","floor":4,"turns":3},{"damage":0,"enemies":"Gremlin Gang","floor":7,"turns":3},{"damage":7,"enemies":"Large Slime","floor":8,"turns":8},{"damage":10,"enemies":"3 Sentries","floor":10,"turns":3},{"damage":14,"enemies":"Blue Slaver","floor":11,"turns":5},{"damage":0,"enemies":"Gremlin Nob","floor":12,"turns":2},{"damage":0,"enemies":"Exordium Wildlife","floor":14,"turns":1},{"damage":44,"enemies":"Slime Boss","floor":16,"turns":12},{"damage":46,"enemies":"Spheric Guardian","floor":18,"turns":8},{"damage":0,"enemies":"2 Thieves","floor":19,"turns":1},{"damage":5,"enemies":"Snecko","floor":22,"turns":5},{"damage":9,"enemies":"Gremlin Leader","floor":23,"turns":5},{"damage":1,"enemies":"Cultist and Chosen","floor":24,"turns":5},{"damage":7,"enemies":"Slavers","floor":28,"turns":5},{"damage":0,"enemies":"3 Cultists","floor":29,"turns":2},{"damage":49,"enemies":"Automaton","floor":33,"turns":8},{"damage":0,"enemies":"3 Shapes","floor":35,"turns":1},{"damage":0,"enemies":"3 Darklings","floor":36,"turns":3},{"damage":0,"enemies":"Sphere and 2 Shapes","floor":37,"turns":1},{"damage":16,"enemies":"Maw","floor":38,"turns":6},{"damage":42,"enemies":"Writhing Mass","floor":39,"turns":6},{"damage":3,"enemies":"Nemesis","floor":40,"turns":9},{"damage":43,"enemies":"Reptomancer","floor":42,"turns":8},{"damage":0,"enemies":"Spire Growth","floor":44,"turns":3},{"damage":47,"enemies":"Giant Head","floor":47,"turns":7},{"damage":0,"enemies":"Jaw Worm Horde","floor":48,"turns":1},{"damage":54,"enemies":"Awakened One","floor":50,"turns":13}],"seed_played":"-3864222788109644810","potions_obtained":[{"floor":2,"key":"Regen Potion"},{"floor":4,"key":"GamblersBrew"},{"floor":8,"key":"Dexterity Potion"},{"floor":10,"key":"PowerPotion"},{"floor":12,"key":"Explosive Potion"},{"floor":22,"key":"PowerPotion"},{"floor":24,"key":"Explosive Potion"},{"floor":28,"key":"Poison Potion"},{"floor":29,"key":"Explosive Potion"},{"floor":33,"key":"Ancient Potion"},{"floor":38,"key":"SteroidPotion"},{"floor":39,"key":"Block Potion"},{"floor":44,"key":"Regen Potion"},{"floor":47,"key":"BloodPotion"}],"is_trial":false,"path_per_floor":["M","M","$","M","$","R","M","M","T","E","M","E","R","M","R","B",null,"M","M","$","?","M","E","M","R","T","R","E","M","$","?","R","B",null,"M","M","M","M","M","E","R","E","T","M","?","$","E","M","R","B",null],"character_chosen":"IRONCLAD","items_purchased":["Whirlwind","Chemical X","Blood for Blood","Shuriken"],"campfire_rested":1,"item_purchase_floors":[3,3,30,46],"current_hp_per_floor":[55,57,57,59,59,59,65,78,78,74,70,76,76,82,82,53,82,45,51,51,51,52,49,54,54,54,54,56,62,62,62,62,22,81,87,93,99,89,53,56,56,19,19,37,37,37,27,35,65,46],"gold":97,"neow_bonus":"TWO_FIFTY_GOLD","is_prod":false,"is_daily":false,"chose_seed":false,"campfire_upgraded":4,"win_rate":0,"timestamp":1550898700,"path_taken":["M","M","$","M","$","R","M","?","T","E","M","E","R","M","R","BOSS","M","M","$","?","M","E","M","R","T","R","E","M","$","?","R","BOSS","M","M","M","M","?","E","R","E","T","M","?","$","E","M","R","BOSS"],"build_version":"2019-01-23","purchased_purges":3,"victory":true,"max_hp_per_floor":[75,75,75,75,75,75,75,78,78,78,82,82,82,82,82,91,91,94,94,94,94,94,94,94,94,94,94,97,97,97,97,97,100,100,100,100,100,100,100,100,100,100,100,103,103,103,103,103,103,103],"card_choices":[{"not_picked":["Perfected Strike","Clash"],"picked":"Armaments","floor":1},{"not_picked":["Twin Strike","Combust"],"picked":"True Grit","floor":2},{"not_picked":["Anger","Ghostly Armor"],"picked":"Rampage","floor":4},{"not_picked":["Sword Boomerang","Clothesline"],"picked":"Feed","floor":7},{"not_picked":["Power Through","Headbutt"],"picked":"Clothesline","floor":8},{"not_picked":["Infernal Blade","Perfected Strike"],"picked":"Intimidate","floor":10},{"not_picked":["Body Slam","Headbutt"],"picked":"Entrench","floor":11},{"not_picked":["Sever Soul","Armaments"],"picked":"Dual Wield","floor":12},{"not_picked":["Twin Strike","Clash"],"picked":"True Grit","floor":14},{"not_picked":["Juggernaut","Double Tap"],"picked":"Impervious","floor":16},{"not_picked":["Havoc+1","Metallicize"],"picked":"Feel No Pain","floor":18},{"not_picked":["Second Wind","Intimidate"],"picked":"Evolve","floor":19},{"not_picked":["Feel No Pain","Whirlwind"],"picked":"Flame Barrier","floor":22},{"not_picked":["Feel No Pain","Havoc"],"picked":"Ghostly Armor","floor":23},{"not_picked":["Anger","True Grit+1"],"picked":"Spot Weakness","floor":24},{"not_picked":["Armaments","Thunderclap","Perfected Strike"],"picked":"SKIP","floor":28},{"not_picked":["Anger","Wild Strike"],"picked":"Entrench","floor":29},{"not_picked":["Dark Embrace","Exhume"],"picked":"Offering","floor":33},{"not_picked":["Heavy Blade","Iron Wave","Sever Soul"],"picked":"SKIP","floor":35},{"not_picked":["Headbutt+1","Armaments+1","Feel No Pain"],"picked":"SKIP","floor":36},{"not_picked":["Battle Trance","Sever Soul","Hemokinesis"],"picked":"SKIP","floor":37},{"not_picked":["Evolve","Clothesline"],"picked":"Sever Soul+1","floor":38},{"not_picked":["Pummel","Infernal Blade+1","Shrug It Off"],"picked":"SKIP","floor":39},{"not_picked":["Combust","Anger+1","Wild Strike"],"picked":"SKIP","floor":40},{"not_picked":["Shrug It Off","Feed"],"picked":"Reaper","floor":42},{"not_picked":["Iron Wave","Cleave"],"picked":"Heavy Blade+1","floor":44},{"not_picked":["Headbutt","Sever Soul"],"picked":"Heavy Blade","floor":47},{"not_picked":["True Grit","Intimidate+1","Pommel Strike"],"picked":"SKIP","floor":48}],"player_experience":676855,"relics_obtained":[{"floor":9,"key":"Paper Frog"},{"floor":10,"key":"Bag of Marbles"},{"floor":12,"key":"Gambling Chip"},{"floor":23,"key":"Sundial"},{"floor":26,"key":"Girya"},{"floor":28,"key":"Ornamental Fan"},{"floor":40,"key":"Juzu Bracelet"},{"floor":42,"key":"Kunai"},{"floor":43,"key":"Blood Vial"},{"floor":47,"key":"The Courier"}],"event_choices":[{"damage_healed":0,"gold_gain":0,"player_choice":"Obtained Relic","damage_taken":0,"relics_obtained":["Oddly Smooth Stone"],"max_hp_gain":0,"max_hp_loss":0,"event_name":"Addict","floor":21,"gold_loss":85},{"damage_healed":0,"gold_gain":0,"cards_transformed":["Strike_R"],"player_choice":"Transformed","damage_taken":0,"max_hp_gain":0,"max_hp_loss":0,"event_name":"Transmorgrifier","floor":31,"gold_loss":0,"cards_obtained":["Metallicize"]},{"damage_healed":0,"gold_gain":0,"player_choice":"Memory 1","damage_taken":0,"max_hp_gain":0,"max_hp_loss":0,"event_name":"SensoryStone","floor":45,"gold_loss":0}],"is_beta":false,"boss_relics":[{"not_picked":["Astrolabe","Eternal Feather"],"picked":"Snecko Eye"},{"not_picked":["Black Blood","Lizard Tail"],"picked":"Philosopher\u0027s Stone"}],"items_purged_floors":[3,20,30],"is_endless":false,"potions_floor_spawned":[2,4,8,10,12,22,24,28,29,33,38,39,44,47,48],"ascension_level":14}