{"gold_per_floor":[112,132,53,53,53,81,81,41,41,41,55,7,25,45,45,142,142,162,177,177,191,37,137,155,155,155,175,175,175,186,200,200,300,300,310,325,123,141,241,255,255],"floor_reached":41,"playtime":1772,"items_purged":[],"score":561,"play_id":"36a711f7-51e9-44bc-8a6a-d08ef9c792fc","local_time":"20190130023405","is_ascension_mode":true,"campfire_choices":[{"floor":7,"key":"REST"},{"data":"Defragment","floor":10,"key":"SMITH"},{"floor":15,"key":"REST"},{"floor":25,"key":"REST"},{"floor":29,"key":"REST"},{"floor":32,"key":"REST"}],"neow_cost":"NONE","seed_source_timestamp":1144062687895090,"circlet_count":0,"master_deck":["Strike_B+1","Strike_B+1","Strike_B+1","Defend_B+1","Defend_B+1","Defend_B+1","Defend_B+1","Zap+1","Dualcast","Dramatic Entrance","Ball Lightning+1","Sweeping Beam","Defragment+1","FTL","White Noise","Loop","Chill","Coolheaded","Sunder","Hello World","All For One","Self Repair","Go for the Eyes","Conserve Battery","Defragment","Blizzard","Barrage","Zap","Buffer","Cold Snap","Thunder Strike","Go for the Eyes","Gash","Tempest+1","Coolheaded","Consume"],"relics":["Cracked Core","Bottled Tornado","Kunai","Inserter","Gremlin Horn","Eternal Feather","ClockworkSouvenir","Thread and Needle"],"potions_floor_usage":[6,16,33,33,33],"damage_taken":[{"damage":1,"enemies":"Cultist","floor":1,"turns":3},{"damage":7,"enemies":"Jaw Worm","floor":2,"turns":2},{"damage":10,"enemies":"Gremlin Nob","floor":6,"turns":3},{"damage":0,"enemies":"Small Slimes","floor":11,"turns":2},{"damage":14,"enemies":"Red Slaver","floor":13,"turns":3},{"damage":3,"enemies":"Large Slime","floor":14,"turns":5},{"damage":0,"enemies":"Slime Boss","floor":16,"turns":7},{"damage":12,"enemies":"Chosen","floor":18,"turns":4},{"damage":7,"enemies":"Spheric Guardian","floor":19,"turns":4},{"damage":12,"enemies":"Centurion and Healer","floor":21,"turns":8},{"damage":28,"enemies":"Chosen and Byrds","floor":24,"turns":6},{"damage":29,"enemies":"Snecko","floor":27,"turns":5},{"damage":19,"enemies":"Snake Plant","floor":30,"turns":4},{"damage":33,"enemies":"Sentry and Sphere","floor":31,"turns":5},{"damage":8,"enemies":"Automaton","floor":33,"turns":10},{"damage":0,"enemies":"3 Shapes","floor":35,"turns":3},{"damage":13,"enemies":"Orb Walker","floor":36,"turns":6},{"damage":15,"enemies":"4 Shapes","floor":38,"turns":7},{"damage":15,"enemies":"Mind Bloom Boss Battle","floor":39,"turns":8},{"damage":20,"enemies":"Sphere and 2 Shapes","floor":40,"turns":4},{"damage":40,"enemies":"3 Darklings","floor":41,"turns":2}],"seed_played":"8252442927552238788","potions_obtained":[{"floor":2,"key":"Poison Potion"},{"floor":6,"key":"Ancient Potion"},{"floor":13,"key":"Explosive Potion"},{"floor":21,"key":"Explosive Potion"},{"floor":24,"key":"Poison Potion"},{"floor":39,"key":"SteroidPotion"},{"floor":40,"key":"Ancient Potion"}],"is_trial":false,"path_per_floor":["M","M","$","?","?","E","R","$","T","R","M","$","M","M","R","B",null,"M","M","?","M","$","?","M","R","T","M","?","R","M","M","R","B",null,"M","M","$","M","?","M","M"],"character_chosen":"DEFECT","items_purchased":["Defragment","Loop","Coolheaded","Defragment","Blizzard","ClockworkSouvenir"],"campfire_rested":5,"item_purchase_floors":[3,8,12,22,22,37],"current_hp_per_floor":[74,67,67,52,52,42,64,64,64,64,64,64,50,47,69,69,75,63,56,56,51,51,51,30,52,52,30,30,52,40,14,36,28,75,75,69,69,54,46,33,0],"gold":255,"neow_bonus":"RANDOM_COLORLESS","is_prod":false,"is_daily":false,"chose_seed":false,"campfire_upgraded":1,"win_rate":0,"timestamp":1548833645,"path_taken":["M","M","$","?","?","E","R","$","T","R","M","?","M","M","R","BOSS","M","M","?","M","$","?","?","R","T","M","?","R","M","M","R","BOSS","M","M","$","?","?","M","M"],"build_version":"2019-01-23","purchased_purges":0,"victory":false,"max_hp_per_floor":[75,75,75,75,75,75,75,75,75,75,75,75,75,75,75,75,75,75,75,75,75,75,75,75,75,75,75,75,75,75,75,75,75,75,75,75,75,75,75,75,75],"card_choices":[{"not_picked":["Aggregate","Beam Cell"],"picked":"Ball Lightning","floor":1},{"not_picked":["Storm","Redo"],"picked":"Sweeping Beam","floor":2},{"not_picked":["Sweeping Beam","Biased Cognition"],"picked":"White Noise","floor":6},{"not_picked":["Barrage","Redo"],"picked":"Chill","floor":11},{"not_picked":["Ball Lightning","Leap"],"picked":"Sunder","floor":13},{"not_picked":["Turbo","Ball Lightning"],"picked":"Hello World","floor":14},{"not_picked":["Meteor Strike","Reboot"],"picked":"All For One","floor":16},{"not_picked":["FTL","Turbo"],"picked":"Self Repair","floor":18},{"not_picked":["Hello World","Genetic Algorithm"],"picked":"Go for the Eyes","floor":19},{"not_picked":["Genetic Algorithm","Hologram"],"picked":"Conserve Battery","floor":21},{"not_picked":["Streamline","Coolheaded"],"picked":"Barrage","floor":24},{"not_picked":["Barrage","Sweeping Beam","Auto Shields"],"picked":"SKIP","floor":27},{"not_picked":["Gash","Stack"],"picked":"Buffer","floor":30},{"not_picked":["Compile Driver","Stack"],"picked":"Cold Snap","floor":31},{"not_picked":["Buffer","Seek"],"picked":"Thunder Strike","floor":33},{"not_picked":["Rebound+1","Turbo"],"picked":"Go for the Eyes","floor":35},{"not_picked":["Compile Driver+1","Rip and Tear"],"picked":"Gash","floor":36},{"not_picked":["Storm","Stack+1"],"picked":"Tempest+1","floor":38},{"not_picked":["Rip and Tear","Recycle"],"picked":"Coolheaded","floor":39},{"not_picked":["Skim+1","Compile Driver+1"],"picked":"Consume","floor":40}],"player_experience":270972,"relics_obtained":[{"floor":6,"key":"Bottled Tornado"},{"floor":9,"key":"Kunai"},{"floor":26,"key":"Gremlin Horn"},{"floor":39,"key":"Thread and Needle"}],"event_choices":[{"damage_healed":0,"gold_gain":0,"player_choice":"Entered Light","damage_taken":15,"max_hp_gain":0,"max_hp_loss":0,"event_name":"Shining Light","floor":4,"gold_loss":0,"cards_upgraded":["Ball Lightning","Zap"]},{"damage_healed":0,"gold_gain":0,"cards_transformed":["Strike_B"],"player_choice":"Change","damage_taken":0,"max_hp_gain":0,"max_hp_loss":0,"event_name":"Living Wall","floor":5,"gold_loss":0,"cards_obtained":["FTL"]},{"damage_healed":0,"gold_gain":0,"player_choice":"Simplicity","damage_taken":0,"max_hp_gain":0,"max_hp_loss":0,"event_name":"Back to Basics","floor":20,"gold_loss":0,"cards_upgraded":["Strike_B","Strike_B","Strike_B","Defend_B","Defend_B","Defend_B","Defend_B"]},{"damage_healed":0,"gold_gain":100,"player_choice":"Pray","damage_taken":0,"max_hp_gain":0,"max_hp_loss":0,"event_name":"Golden Shrine","floor":23,"gold_loss":0},{"damage_healed":0,"gold_gain":0,"player_choice":"1 cards matched","damage_taken":0,"max_hp_gain":0,"max_hp_loss":0,"event_name":"Match and Keep!","floor":28,"gold_loss":0,"cards_obtained":["Zap"]},{"damage_healed":0,"gold_gain":0,"player_choice":"Fight","damage_taken":0,"max_hp_gain":0,"max_hp_loss":0,"event_name":"MindBloom","floor":39,"gold_loss":0}],"is_beta":false,"boss_relics":[{"not_picked":["Lizard Tail","Runic Pyramid"],"picked":"Inserter"},{"not_picked":["FrozenCore","Fusion Hammer"],"picked":"Eternal Feather"}],"items_purged_floors":[],"is_endless":false,"potions_floor_spawned":[2,6,13,21,24,30,39,40],"killed_by":"3 Darklings","ascension_level":4}