{"gold_per_floor":[118,138,138,63,79,106,122,147,147,147,147,183,183,206,206,329,329,353,96,110,560,560,560,594,594,594,607,198,198,234,252,252,382,382,401,501,514,529,529,529,572,572,572,412,435,153,153,192,192,192],"floor_reached":51,"playtime":4097,"items_purged":["Strike_R","Strike_R","Strike_R","Strike_R"],"score":850,"play_id":"972053af-7944-40d9-a856-8effa69eba59","local_time":"20180714233228","is_ascension_mode":true,"campfire_choices":[{"data":"Carnage","floor":11,"key":"SMITH"},{"data":"Juggernaut","floor":15,"key":"SMITH"},{"data":"Flame Barrier","floor":23,"key":"SMITH"},{"data":"Bash","floor":25,"key":"SMITH"},{"data":"Demon Form","floor":32,"key":"SMITH"},{"data":"Ghostly Armor","floor":40,"key":"SMITH"},{"data":"Ghostly Armor","floor":42,"key":"SMITH"},{"data":"Flame Barrier","floor":47,"key":"SMITH"},{"data":"Heavy Blade","floor":49,"key":"SMITH"}],"neow_cost":"NONE","seed_source_timestamp":6043669316630,"circlet_count":0,"master_deck":["Defend_R","Defend_R","Defend_R","Defend_R","Bash+1","Clash","Spot Weakness","Battle Trance","Juggernaut+1","Heavy Blade+1","Carnage+1","Flame Barrier+1","Seeing Red","Body Slam+1","Bludgeon+1","Headbutt+1","Reaper+1","Ghostly Armor+1","Demon Form+1","Sever Soul+1","Shrug It Off+1","Ghostly Armor+1","Bludgeon+1","Heavy Blade+1","Madness","Iron Wave+1","Flame Barrier+1","Reaper+1"],"relics":["Velvet Choker","Darkstone Periapt","Shuriken","Kunai","Golden Idol","Molten Egg 2","Coffee Dripper","Paper Frog","Meat on the Bone","Question Card","Membership Card","Oddly Smooth Stone","Runic Dome","Bottled Tornado","Boot","DollysMirror","Pantograph"],"potions_floor_usage":[12,14,18,24,24,24,30,30,33,33,50,50],"damage_taken":[{"damage":0,"enemies":"Cultist","floor":1,"turns":3},{"damage":6,"enemies":"Jaw Worm","floor":2,"turns":2},{"damage":0,"enemies":"2 Louse","floor":5,"turns":2},{"damage":11,"enemies":"Lagavulin","floor":6,"turns":5},{"damage":1,"enemies":"Exordium Wildlife","floor":7,"turns":2},{"damage":0,"enemies":"Gremlin Nob","floor":8,"turns":2},{"damage":1,"enemies":"Lagavulin","floor":12,"turns":5},{"damage":6,"enemies":"Exordium Thugs","floor":14,"turns":3},{"damage":33,"enemies":"The Guardian","floor":16,"turns":8},{"damage":0,"enemies":"2 Thieves","floor":18,"turns":3},{"damage":0,"enemies":"Spheric Guardian","floor":20,"turns":2},{"damage":2,"enemies":"Book of Stabbing","floor":24,"turns":3},{"damage":3,"enemies":"Centurion and Healer","floor":27,"turns":4},{"damage":18,"enemies":"Gremlin Leader","floor":30,"turns":5},{"damage":9,"enemies":"Snake Plant","floor":31,"turns":3},{"damage":29,"enemies":"Collector","floor":33,"turns":7},{"damage":0,"enemies":"3 Shapes","floor":35,"turns":4},{"damage":0,"enemies":"Flame Bruiser 1 Orb","floor":37,"turns":3},{"damage":9,"enemies":"Maw","floor":38,"turns":5},{"damage":63,"enemies":"2 Orb Walkers","floor":41,"turns":5},{"damage":25,"enemies":"Flame Bruiser 2 Orb","floor":45,"turns":4},{"damage":0,"enemies":"Giant Head","floor":48,"turns":6},{"damage":15,"enemies":"Time Eater","floor":50,"turns":6}],"seed_played":"-5390313596846576508","potions_obtained":[{"floor":2,"key":"FearPotion"},{"floor":7,"key":"EssenceOfSteel"},{"floor":8,"key":"Block Potion"},{"floor":12,"key":"Block Potion"},{"floor":13,"key":"EntropicBrew"},{"floor":14,"key":"Regen Potion"},{"floor":24,"key":"Dexterity Potion"},{"floor":27,"key":"LiquidBronze"},{"floor":30,"key":"Energy Potion"},{"floor":31,"key":"Weak Potion"},{"floor":37,"key":"AttackPotion"},{"floor":41,"key":"Weak Potion"},{"floor":45,"key":"Dexterity Potion"}],"is_trial":false,"path_per_floor":["M","M","?","$","M","E","M","E","T","?","R","E","?","M","R","B",null,"M","$","M","?","?","R","E","R","T","M","$","?","E","M","R","B",null,"M","?","M","M","?","R","E","R","T","$","M","$","R","E","R","B"],"character_chosen":"IRONCLAD","items_purchased":["Paper Frog","Membership Card","Demon Form","Flame Barrier","DollysMirror"],"campfire_rested":0,"item_purchase_floors":[19,28,28,44,46],"current_hp_per_floor":[80,74,74,74,74,63,62,62,62,68,68,67,67,61,61,28,86,86,86,86,38,38,38,45,45,45,58,58,58,55,46,46,49,86,86,86,86,77,77,77,55,55,55,55,52,52,52,65,65,82],"gold":192,"neow_bonus":"BOSS_RELIC","is_prod":false,"is_daily":false,"chose_seed":false,"campfire_upgraded":9,"win_rate":0,"timestamp":1531603948,"path_taken":["M","?","?","?","M","E","M","E","T","?","R","E","?","?","R","BOSS","M","$","M","?","?","R","E","R","T","M","$","?","E","M","R","BOSS","M","?","M","M","?","R","E","R","T","$","?","$","R","E","R","BOSS"],"build_version":"2018-07-12","purchased_purges":4,"victory":true,"max_hp_per_floor":[80,80,80,80,80,80,80,80,80,86,86,86,86,86,86,86,86,86,86,86,86,86,86,86,86,86,86,86,86,86,86,86,86,86,86,86,86,86,86,86,86,86,86,86,86,86,86,86,86,86],"card_choices":[{"not_picked":["Intimidate","True Grit"],"picked":"Clash","floor":1},{"not_picked":["True Grit","Pommel Strike"],"picked":"Spot Weakness","floor":2},{"not_picked":["Clothesline","Twin Strike"],"picked":"Juggernaut","floor":5},{"not_picked":["Clothesline","Rampage"],"picked":"Heavy Blade","floor":6},{"not_picked":["True Grit","Cleave"],"picked":"Carnage","floor":7},{"not_picked":["Cleave","Rampage"],"picked":"Flame Barrier","floor":8},{"not_picked":["Combust","Thunderclap"],"picked":"Seeing Red","floor":12},{"not_picked":["Anger+1","Pommel Strike+1"],"picked":"Body Slam+1","floor":14},{"not_picked":["Feed+1","Impervious"],"picked":"Bludgeon+1","floor":16},{"not_picked":["True Grit","Clash+1"],"picked":"Headbutt+1","floor":18},{"not_picked":["Headbutt+1","Dual Wield","Twin Strike+1"],"picked":"SKIP","floor":20},{"not_picked":["Flex","Thunderclap+1"],"picked":"Reaper+1","floor":24},{"not_picked":["Thunderclap+1","Body Slam+1","Power Through+1"],"picked":"Ghostly Armor","floor":27},{"not_picked":["Twin Strike+1","True Grit","Searing Blow+1"],"picked":"Shrug It Off+1","floor":30},{"not_picked":["Iron Wave+1","Body Slam+1","Twin Strike+1"],"picked":"Ghostly Armor","floor":31},{"not_picked":["Immolate+1","Limit Break","Fiend Fire+1"],"picked":"Bludgeon+1","floor":33},{"not_picked":["Wild Strike+1","Disarm","Clash+1"],"picked":"Heavy Blade+1","floor":35},{"not_picked":["Clash+1","Shrug It Off","Perfected Strike+1","Iron Wave+1"],"picked":"SKIP","floor":37},{"not_picked":["Rampage+1","Thunderclap+1","Cleave+1","Bloodletting+1"],"picked":"SKIP","floor":38},{"not_picked":["Apotheosis","Good Instincts","Purity"],"picked":"Madness","floor":39},{"not_picked":["Rage","Feel No Pain","True Grit+1"],"picked":"Iron Wave+1","floor":41},{"not_picked":["Thunderclap+1","Spot Weakness","Blood for Blood+1","Battle Trance+1"],"picked":"SKIP","floor":45},{"not_picked":["Spot Weakness","Warcry+1","Bloodletting+1","Disarm"],"picked":"SKIP","floor":48}],"player_experience":99256,"relics_obtained":[{"floor":6,"key":"Darkstone Periapt"},{"floor":8,"key":"Shuriken"},{"floor":9,"key":"Kunai"},{"floor":12,"key":"Molten Egg 2"},{"floor":24,"key":"Meat on the Bone"},{"floor":26,"key":"Question Card"},{"floor":30,"key":"Oddly Smooth Stone"},{"floor":41,"key":"Bottled Tornado"},{"floor":43,"key":"Boot"},{"floor":48,"key":"Pantograph"}],"event_choices":[{"event_name":"Transmorgrifier","player_choice":"Transform","floor":3,"damage_taken":0},{"event_name":"Golden Idol","player_choice":"Take Wound","floor":10,"damage_taken":0},{"event_name":"The Lab","player_choice":"Got Potions","floor":13,"damage_taken":0},{"event_name":"Knowing Skull","player_choice":"GOLD GOLD GOLD GOLD GOLD ","floor":21,"damage_taken":0},{"event_name":"Purifier","player_choice":"One Purge","floor":22,"damage_taken":0},{"event_name":"The Library","player_choice":"Read","floor":29,"damage_taken":0},{"event_name":"Golden Shrine","player_choice":"Pray","floor":36,"damage_taken":0},{"event_name":"SensoryStone","player_choice":"Memory 1","floor":39,"damage_taken":0}],"boss_relics":[{"not_picked":["Empty Cage","Eternal Feather"],"picked":"Coffee Dripper"},{"not_picked":["Black Star","Runic Pyramid"],"picked":"Runic Dome"}],"items_purged_floors":[4,28,44,46],"is_endless":false,"potions_floor_spawned":[2,7,8,12,14,24,27,30,31,37,41,45],"ascension_level":1}