{"gold_per_floor":[115,140,157,176,176,204,204,204,204,204,222,234,48,79,79,183,183,150,168,183,183,197,224,323,423,423,423,456,456,468,496,496,600,600,618,628,150,150,160,186,186,211,211,49,49,74,86,126,138,150],"floor_reached":51,"playtime":4619,"items_purged":["Strike_G","Strike_G","Strike_G"],"score":1366,"play_id":"2f2950a3-524f-4464-9348-0f6a04185db2","local_time":"20180807224140","is_ascension_mode":true,"campfire_choices":[{"data":"Outmaneuver","floor":7.0,"key":"SMITH"},{"data":"Catalyst","floor":15.0,"key":"SMITH"},{"data":"Burst","floor":27.0,"key":"SMITH"},{"data":"Backflip","floor":29.0,"key":"SMITH"},{"floor":32.0,"key":"REST"},{"data":"Footwork","floor":41,"key":"SMITH"},{"data":"Dodge and Roll","floor":47,"key":"SMITH"},{"floor":49,"key":"REST"}],"neow_cost":"NONE","seed_source_timestamp":0,"circlet_count":0,"master_deck":["Defend_G","Defend_G","Defend_G","Defend_G","Defend_G","Survivor","Neutralize+1","Backflip+1","Escape Plan","Outmaneuver+1","Dash","Masterful Stab+1","Deadly Poison","Deadly Poison","Caltrops","Blur","Catalyst+1","Burst+1","Deadly Poison","Crippling Poison+1","Catalyst+1","Leg Sweep","Deflect+1","Blur+1","Adrenaline","Well Laid Plans+1","Footwork+1","Dodge and Roll+1","Expertise","PiercingWail+1","Backflip+1","Caltrops"],"special_seed":0,"relics":["Ring of the Snake","Oddly Smooth Stone","Bronze Scales","Snake Skull","Meat on the Bone","Dodecahedron","Black Star","Blood Vial","Strawberry","Regal Pillow","Sundial","Prayer Wheel","Pen Nib","Potion Belt","Busted Crown","ClockworkSouvenir","Toxic Egg 2","Bottled Tornado","Whetstone","Happy Flower","Shuriken","Vajra","MawBank","The Specimen","Torii"],"potions_floor_usage":[50],"damage_taken":[{"damage":0.0,"enemies":"Cultist","floor":1.0,"turns":5.0},{"damage":0.0,"enemies":"Small Slimes","floor":3.0,"turns":3.0},{"damage":0.0,"enemies":"2 Louse","floor":4.0,"turns":3.0},{"damage":18.0,"enemies":"Lagavulin","floor":6.0,"turns":10.0},{"damage":0.0,"enemies":"Blue Slaver","floor":11.0,"turns":2.0},{"damage":0.0,"enemies":"Red Slaver","floor":12.0,"turns":4.0},{"damage":0.0,"enemies":"3 Sentries","floor":14.0,"turns":7.0},{"damage":2.0,"enemies":"Hexaghost","floor":16.0,"turns":8.0},{"damage":2.0,"enemies":"2 Thieves","floor":18.0,"turns":5.0},{"damage":18.0,"enemies":"Chosen","floor":19.0,"turns":5.0},{"damage":0.0,"enemies":"Centurion and Healer","floor":20.0,"turns":7.0},{"damage":6.0,"enemies":"Snake Plant","floor":22.0,"turns":3.0},{"damage":9.0,"enemies":"Gremlin Leader","floor":23.0,"turns":3.0},{"damage":4.0,"enemies":"Book of Stabbing","floor":28.0,"turns":3.0},{"damage":0.0,"enemies":"Snecko","floor":30.0,"turns":2.0},{"damage":24.0,"enemies":"Slavers","floor":31.0,"turns":5.0},{"damage":45.0,"enemies":"Automaton","floor":33.0,"turns":10.0},{"damage":15.0,"enemies":"3 Shapes","floor":35.0,"turns":7.0},{"damage":7.0,"enemies":"Orb Walker","floor":36.0,"turns":2.0},{"damage":0.0,"enemies":"Spire Growth","floor":39.0,"turns":6.0},{"damage":5.0,"enemies":"Nemesis","floor":40.0,"turns":5.0},{"damage":0,"enemies":"Giant Head","floor":42,"turns":6},{"damage":0,"enemies":"Nemesis","floor":46,"turns":5},{"damage":0,"enemies":"Giant Head","floor":48,"turns":5},{"damage":0,"enemies":"Awakened One","floor":50,"turns":13}],"seed_played":"-479436264505396449","potions_obtained":[{"floor":1.0,"key":"Fire Potion"},{"floor":4.0,"key":"SteroidPotion"},{"floor":10.0,"key":"SteroidPotion"},{"floor":10.0,"key":"SmokeBomb"},{"floor":10.0,"key":"Energy Potion"},{"floor":12.0,"key":"LiquidBronze"},{"floor":16.0,"key":"Block Potion"},{"floor":18.0,"key":"Fire Potion"},{"floor":19.0,"key":"PowerPotion"},{"floor":23.0,"key":"Block Potion"},{"floor":35.0,"key":"Energy Potion"},{"floor":40,"key":"AttackPotion"},{"floor":46,"key":"Regen Potion"}],"is_trial":false,"path_per_floor":["M","T","M","M","?","E","R","?","T","?","M","M","$","E","R","B",null,"M","M","M","?","M","E","?","?","T","R","E","R","M","E","R","B",null,"M","M","$","?","M","E","R","E","T","$","$","E","R","E","R","B"],"character_chosen":"THE_SILENT","items_purchased":["Caltrops","Blur","Footwork","Dodge and Roll","ClockworkSouvenir","Expertise","Caltrops"],"campfire_rested":2,"item_purchase_floors":[13,13,37,37,37,37,44],"current_hp_per_floor":[63,63,63,63,68,50,50,50,50,50,50,50,50,50,50,48,68,66,48,48,48,42,52,52,52,52,52,50,50,52,42,81,49,74,61,56,56,56,58,55,55,57,57,57,57,59,59,61,82,82],"gold":162,"neow_bonus":"RANDOM_COMMON_RELIC","is_prod":false,"is_daily":false,"chose_seed":false,"campfire_upgraded":6,"win_rate":0,"timestamp":1533674500,"path_taken":["M","?","M","M","?","E","R","?","T","?","?","M","?","E","R","BOSS","M","?","M","?","?","E","?","?","T","R","E","R","M","E","R","BOSS","M","?","?","?","M","E","R","E","T","?","$","E","R","E","R","BOSS"],"build_version":"2018-08-02","purchased_purges":3,"victory":true,"max_hp_per_floor":[70,70,70,70,75,75,75,75,75,75,75,75,75,75,75,75,75,75,75,75,75,75,82,82,82,82,82,82,82,82,82,82,82,82,82,82,82,82,82,82,82,82,82,82,82,82,82,82,82,82],"card_choices":[{"not_picked":["Terror","Underhanded Strike"],"picked":"Backflip","floor":1.0},{"not_picked":["Acrobatics","PiercingWail"],"picked":"Escape Plan","floor":3.0},{"not_picked":["Dagger Spray","Poisoned Stab"],"picked":"Outmaneuver","floor":4.0},{"not_picked":["Outmaneuver","Dagger Throw"],"picked":"Dash","floor":6.0},{"not_picked":["Glass Knife","Deflect"],"picked":"Deadly Poison","floor":11.0},{"not_picked":["Reflex","Outmaneuver"],"picked":"Deadly Poison","floor":12.0},{"not_picked":["Noxious Fumes","Deflect"],"picked":"Catalyst","floor":14.0},{"not_picked":["Night Terror","Storm of Steel"],"picked":"Burst","floor":16.0},{"not_picked":["Predator","Sucker Punch"],"picked":"Deadly Poison","floor":18.0},{"not_picked":["Masterful Stab","Backstab+1","Flechettes+1"],"picked":"SKIP","floor":19.0},{"not_picked":["All Out Attack+1","Bane"],"picked":"Crippling Poison+1","floor":20.0},{"not_picked":["Blade Dance","Finisher+1","Underhanded Strike"],"picked":"SKIP","floor":22.0},{"not_picked":["Flying Knee","Storm of Steel","Terror+1"],"picked":"SKIP","floor":23.0},{"not_picked":["Concentrate","Cloak And Dagger+1"],"picked":"Leg Sweep","floor":28.0},{"not_picked":["Bane","Outmaneuver"],"picked":"Deflect+1","floor":30.0},{"not_picked":["Deadly Poison","Bane"],"picked":"Blur+1","floor":30.0},{"not_picked":["Accuracy","Concentrate+1","Reflex"],"picked":"SKIP","floor":31.0},{"not_picked":["Doppelganger","Malaise"],"picked":"Adrenaline","floor":33.0},{"not_picked":[],"picked":"Well Laid Plans+1","floor":35.0},{"not_picked":["Slice+1"],"picked":"SKIP","floor":35.0},{"not_picked":["Dagger Throw"],"picked":"SKIP","floor":36.0},{"not_picked":["Dagger Spray+1"],"picked":"SKIP","floor":36.0},{"not_picked":[],"picked":"PiercingWail+1","floor":39.0},{"not_picked":[],"picked":"Backflip+1","floor":39.0},{"not_picked":["Quick Slash+1"],"picked":"SKIP","floor":40},{"not_picked":["Tactician+1"],"picked":"SKIP","floor":42},{"not_picked":["Finisher"],"picked":"SKIP","floor":46},{"not_picked":["Quick Slash"],"picked":"SKIP","floor":48}],"player_experience":278388,"relics_obtained":[{"floor":2.0,"key":"Bronze Scales"},{"floor":6.0,"key":"Snake Skull"},{"floor":9.0,"key":"Meat on the Bone"},{"floor":14.0,"key":"Dodecahedron"},{"floor":23.0,"key":"Blood Vial"},{"floor":23.0,"key":"Strawberry"},{"floor":26.0,"key":"Regal Pillow"},{"floor":28.0,"key":"Sundial"},{"floor":28.0,"key":"Prayer Wheel"},{"floor":31.0,"key":"Pen Nib"},{"floor":31.0,"key":"Potion Belt"},{"floor":40,"key":"Toxic Egg 2"},{"floor":40,"key":"Bottled Tornado"},{"floor":42,"key":"Whetstone"},{"floor":42,"key":"Happy Flower"},{"floor":43,"key":"Shuriken"},{"floor":46,"key":"Vajra"},{"floor":46,"key":"MawBank"},{"floor":48,"key":"The Specimen"},{"floor":48,"key":"Torii"}],"event_choices":[{"event_name":"Big Fish","player_choice":"Donut","floor":5.0,"damage_taken":0.0},{"event_name":"Transmorgrifier","player_choice":"Transform","floor":8.0,"damage_taken":0.0},{"event_name":"The Lab","player_choice":"Got Potions","floor":10.0,"damage_taken":0.0},{"event_name":"Duplicator","player_choice":"One dupe","floor":21.0,"damage_taken":0.0},{"event_name":"Nest","player_choice":"Stole From Cult","floor":24.0,"damage_taken":0.0},{"event_name":"Golden Shrine","player_choice":"Pray","floor":25.0,"damage_taken":0.0},{"event_name":"Falling","player_choice":"Removed Attack","floor":38.0,"damage_taken":0.0}],"is_beta":false,"boss_relics":[{"not_picked":["White Beast Statue","Ring of the Serpent"],"picked":"Black Star"},{"not_picked":["Eternal Feather","Velvet Choker"],"picked":"Busted Crown"}],"items_purged_floors":[13,37,44],"is_endless":false,"potions_floor_spawned":[1,4,12,16,18,19,23,35,40,46],"ascension_level":7}