{"gold_per_floor":[111,122,134,209,222,222,222,222,271,271,290,326,110,144,144,268,268,236,251,251,128,227,265,265,265,342,342,366,385,401,439,439,567,567,581,595,470,495,519,554,578,611,666,66,86,86,211,211,211,211,211,211,25,60,60],"floor_reached":56,"playtime":5070,"items_purged":["Strike_G","Strike_G","Sucker Punch","Parasite","Neutralize"],"score":1287,"play_id":"8b415ea5-b424-4594-8db5-124b035bf034","local_time":"20181219214413","is_ascension_mode":false,"campfire_choices":[{"data":"Deflect","floor":6.0,"key":"SMITH"},{"data":"Survivor","floor":8.0,"key":"SMITH"},{"data":"Noxious Fumes","floor":15.0,"key":"SMITH"},{"data":"Dodge and Roll","floor":24.0,"key":"SMITH"},{"data":"Noxious Fumes","floor":27.0,"key":"SMITH"},{"data":"Catalyst","floor":32.0,"key":"SMITH"},{"floor":46.0,"key":"RECALL"},{"floor":49.0,"key":"REST"},{"data":"Catalyst","floor":52.0,"key":"SMITH"}],"neow_cost":"NONE","seed_source_timestamp":5686289722442,"circlet_count":0,"master_deck":["Defend_G","Defend_G","Defend_G+1","Defend_G","Defend_G+1","Survivor+1","Deflect+1","Noxious Fumes+1","Deadly Poison","PiercingWail","Malaise","Noxious Fumes+1","PiercingWail","Dodge and Roll+1","Calculated Gamble","Backflip","Catalyst+1","Venomology","PiercingWail+1","Dodge and Roll+1","Outmaneuver+1","Backflip+1","Catalyst+1","Footwork","Dodge and Roll+1","Expertise+1","Leg Sweep","Blind"],"special_seed":0,"relics":["Ring of the Serpent","War Paint","Golden Idol","MawBank","Snake Skull","Bag of Preparation","Dodecahedron","Art of War","Nunchaku","Empty Cage","Bronze Scales","Smiling Mask","Strawberry","Calipers","Girya","Mercury Hourglass"],"potions_floor_usage":[55,55,55],"damage_taken":[{"damage":0.0,"enemies":"Cultist","floor":1.0,"turns":3.0},{"damage":2.0,"enemies":"2 Louse","floor":2.0,"turns":3.0},{"damage":2.0,"enemies":"Small Slimes","floor":3.0,"turns":4.0},{"damage":0.0,"enemies":"3 Louse","floor":5.0,"turns":2.0},{"damage":0.0,"enemies":"Exordium Wildlife","floor":11.0,"turns":3.0},{"damage":8.0,"enemies":"Lagavulin","floor":12.0,"turns":8.0},{"damage":10.0,"enemies":"Gremlin Nob","floor":14.0,"turns":5.0},{"damage":14.0,"enemies":"Slime Boss","floor":16.0,"turns":10.0},{"damage":3.0,"enemies":"2 Thieves","floor":18.0,"turns":5.0},{"damage":12.0,"enemies":"Spheric Guardian","floor":19.0,"turns":8.0},{"damage":4.0,"enemies":"Book of Stabbing","floor":23.0,"turns":8.0},{"damage":0.0,"enemies":"Chosen and Byrds","floor":28.0,"turns":6.0},{"damage":0.0,"enemies":"Sentry and Sphere","floor":29.0,"turns":4.0},{"damage":0.0,"enemies":"Centurion and Healer","floor":30.0,"turns":7.0},{"damage":17.0,"enemies":"Slavers","floor":31.0,"turns":6.0},{"damage":9.0,"enemies":"Automaton","floor":33.0,"turns":9.0},{"damage":0.0,"enemies":"3 Darklings","floor":35.0,"turns":5.0},{"damage":1.0,"enemies":"Orb Walker","floor":36.0,"turns":5.0},{"damage":6.0,"enemies":"Jaw Worm Horde","floor":38.0,"turns":7.0},{"damage":2.0,"enemies":"Writhing Mass","floor":39.0,"turns":6.0},{"damage":26.0,"enemies":"Nemesis","floor":40.0,"turns":9.0},{"damage":3.0,"enemies":"Sphere and 2 Shapes","floor":41.0,"turns":4.0},{"damage":0.0,"enemies":"Giant Head","floor":42.0,"turns":9.0},{"damage":16.0,"enemies":"Spire Growth","floor":45.0,"turns":7.0},{"damage":0.0,"enemies":"Mind Bloom Boss Battle","floor":47.0,"turns":3.0},{"damage":9.0,"enemies":"Awakened One","floor":50.0,"turns":16.0},{"damage":2.0,"enemies":"Shield and Spear","floor":54.0,"turns":7.0},{"damage":25,"enemies":"The Heart","floor":55,"turns":7}],"seed_played":"3276453138607283397","potions_obtained":[{"floor":1.0,"key":"GhostInAJar"},{"floor":2.0,"key":"Explosive Potion"},{"floor":5.0,"key":"Explosive Potion"},{"floor":14.0,"key":"FearPotion"},{"floor":19.0,"key":"Weak Potion"},{"floor":23.0,"key":"FearPotion"},{"floor":30.0,"key":"FearPotion"},{"floor":33.0,"key":"FearPotion"},{"floor":38.0,"key":"Ancient Potion"},{"floor":45.0,"key":"Dexterity Potion"},{"floor":54.0,"key":"Explosive Potion"}],"is_trial":false,"path_per_floor":["M","M","M","?","M","R","?","R","T","?","M","E","$","E","R","B",null,"M","M","?","$","?","E","R","T","T","R","M","M","M","E","R","B",null,"M","M","$","M","M","E","M","E","T","$","M","R","?","?","R","B",null,"R","$","E","B",null],"character_chosen":"THE_SILENT","items_purchased":["Snake Skull","PiercingWail","Catalyst","Footwork","Calipers","SkillPotion","Swift Potion","Leg Sweep","Blind"],"campfire_rested":1,"item_purchase_floors":[13,21,44,44,44,44,44,53,53],"current_hp_per_floor":[77,75,73,62,62,62,62,62,62,43,43,35,35,25,25,11,77,74,62,62,62,62,58,58,58,58,58,58,58,58,41,41,32,77,77,76,76,70,68,42,39,54,61,61,45,45,45,45,69,60,81,81,81,79,54],"gold":60,"neow_bonus":"TEN_PERCENT_HP_BONUS","is_prod":false,"is_daily":false,"chose_seed":false,"campfire_upgraded":7,"win_rate":0,"timestamp":1545252253,"path_taken":["M","M","?","?","M","R","?","R","T","?","M","E","$","E","R","BOSS","M","M","?","$","?","E","R","?","T","R","M","M","M","E","R","BOSS","M","M","$","M","M","E","M","E","T","$","M","R","?","?","R","BOSS","R","$","E","BOSS"],"build_version":"2018-12-13","purchased_purges":5,"victory":true,"max_hp_per_floor":[77,77,77,77,77,77,77,77,77,77,77,77,77,77,77,77,77,77,77,77,77,77,77,77,77,77,77,77,77,77,77,77,77,77,77,77,77,77,77,77,77,77,84,81,81,81,81,81,81,81,81,81,81,81,81],"card_choices":[{"not_picked":["Calculated Gamble","Prepared"],"picked":"Deflect","floor":1.0},{"not_picked":["Skewer","Dagger Spray"],"picked":"Noxious Fumes","floor":2.0},{"not_picked":["Choke","Backstab"],"picked":"Deadly Poison","floor":3.0},{"not_picked":["Prepared","Deadly Poison"],"picked":"PiercingWail","floor":5.0},{"not_picked":["Predator","Dagger Throw","Dagger Spray"],"picked":"SKIP","floor":11.0},{"not_picked":["Wraith Form v2","Flying Knee","All Out Attack"],"picked":"SKIP","floor":12.0},{"not_picked":["Flying Knee","Glass Knife","Acrobatics"],"picked":"SKIP","floor":14.0},{"not_picked":["Adrenaline","Glass Knife"],"picked":"Malaise","floor":16.0},{"not_picked":["Sucker Punch","Slice","Predator"],"picked":"SKIP","floor":18.0},{"not_picked":["Deflect","Flying Knee"],"picked":"Noxious Fumes","floor":19.0},{"not_picked":["Sucker Punch","Tactician"],"picked":"Dodge and Roll","floor":23.0},{"not_picked":["Blade Dance","Wraith Form v2","Infinite Blades+1"],"picked":"SKIP","floor":28.0},{"not_picked":["Riddle With Holes","Deadly Poison+1"],"picked":"Calculated Gamble","floor":29.0},{"not_picked":["Predator","Poisoned Stab"],"picked":"Backflip","floor":30.0},{"not_picked":["Infinite Blades","Slice+1"],"picked":"Catalyst","floor":31.0},{"not_picked":["Unload","Bullet Time"],"picked":"Venomology","floor":33.0},{"not_picked":["Quick Slash+1","Well Laid Plans"],"picked":"PiercingWail+1","floor":35.0},{"not_picked":["Dagger Spray+1","Acrobatics"],"picked":"Dodge and Roll+1","floor":36.0},{"not_picked":["Reflex","Underhanded Strike"],"picked":"Outmaneuver+1","floor":38.0},{"not_picked":["Underhanded Strike","Deflect","Eviscerate+1"],"picked":"SKIP","floor":39.0},{"not_picked":["Cloak And Dagger+1","Underhanded Strike","After Image"],"picked":"SKIP","floor":40.0},{"not_picked":["Prepared+1","Reflex"],"picked":"Backflip+1","floor":41.0},{"not_picked":["Deadly Poison+1","Flying Knee","Dagger Throw"],"picked":"SKIP","floor":42.0},{"not_picked":["Deflect+1","Cloak And Dagger"],"picked":"Dodge and Roll+1","floor":45.0},{"not_picked":["Poisoned Stab+1","Dagger Spray+1"],"picked":"Expertise+1","floor":47.0},{"not_picked":["Choke+1","Die Die Die","Outmaneuver"],"picked":"SKIP","floor":54.0}],"player_experience":641105,"relics_obtained":[{"floor":9.0,"key":"War Paint"},{"floor":12.0,"key":"MawBank"},{"floor":14.0,"key":"Bag of Preparation"},{"floor":23.0,"key":"Dodecahedron"},{"floor":25.0,"key":"Art of War"},{"floor":31.0,"key":"Nunchaku"},{"floor":40.0,"key":"Bronze Scales"},{"floor":42.0,"key":"Smiling Mask"},{"floor":43.0,"key":"Strawberry"},{"floor":47.0,"key":"Girya"},{"floor":54.0,"key":"Mercury Hourglass"}],"event_choices":[{"damage_healed":0.0,"max_hp_gain":0.0,"max_hp_loss":0.0,"gold_gain":75.0,"event_name":"World of Goop","player_choice":"Gather Gold","floor":4.0,"gold_loss":0.0,"damage_taken":11.0},{"damage_healed":0.0,"max_hp_gain":0.0,"max_hp_loss":0.0,"gold_gain":0.0,"event_name":"Scrap Ooze","player_choice":"Fled","floor":7.0,"gold_loss":0.0,"damage_taken":0.0},{"damage_healed":0.0,"max_hp_gain":0.0,"max_hp_loss":0.0,"gold_gain":0.0,"event_name":"Golden Idol","player_choice":"Take Damage","floor":10.0,"gold_loss":0.0,"damage_taken":19.0,"relics_obtained":["Golden Idol"]},{"damage_healed":0.0,"max_hp_gain":0.0,"max_hp_loss":0.0,"gold_gain":0.0,"cards_transformed":["Strike_G","Strike_G"],"event_name":"Drug Dealer","player_choice":"Became Test Subject","floor":20.0,"gold_loss":0.0,"damage_taken":0.0,"cards_obtained":["Sucker Punch","Dagger Spray"]},{"damage_healed":0.0,"max_hp_gain":0.0,"max_hp_loss":0.0,"gold_gain":99.0,"event_name":"Nest","player_choice":"Stole From Cult","floor":22.0,"gold_loss":0.0,"damage_taken":0.0},{"damage_healed":0.0,"max_hp_gain":0.0,"max_hp_loss":0.0,"gold_gain":0.0,"event_name":"MindBloom","player_choice":"Fight","floor":47.0,"gold_loss":0.0,"damage_taken":0.0},{"damage_healed":0.0,"max_hp_gain":0.0,"max_hp_loss":0.0,"gold_gain":0.0,"event_name":"Mysterious Sphere","player_choice":"Ignored","floor":48.0,"gold_loss":0.0,"damage_taken":0.0}],"is_beta":false,"boss_relics":[{"not_picked":["Calling Bell","Runic Pyramid"],"picked":"Ring of the Serpent"},{"not_picked":["Snecko Eye","Philosopher\u0027s Stone"],"picked":"Empty Cage"}],"items_purged_floors":[13,21,37,44,53],"is_endless":false,"potions_floor_spawned":[1,2,5,14,19,23,30,33,36,38,40,45,54],"ascension_level":0}