{"path_per_floor":["M","?","M","$","M","?","?","E","T","M","M","?","R","M","R","B",null,"M","M","?"],"character_chosen":"DEFECT","items_purchased":["Cold Snap"],"gold_per_floor":[117,117,134,110,122,122,142,177,259,279,295,295,295,306,306,407,407,417,385,308,308],"floor_reached":21,"campfire_rested":0,"playtime":905,"current_hp_per_floor":[72,72,75,75,75,60,43,31,31,38,37,37,37,43,43,14,75,75,39,39,0],"items_purged":[],"gold":308,"score":181,"play_id":"2c61f019-017b-44e3-9e0c-4463f5e0c898","local_time":"20180502173137","is_prod":false,"is_daily":false,"chose_seed":false,"is_ascension_mode":false,"campfire_upgraded":2,"timestamp":1525246297,"path_taken":["M","?","M","$","?","?","?","E","T","?","?","?","R","M","R","BOSS","M","M","?","M"],"build_version":"2018-05-01","seed_source_timestamp":250875168246401,"purchased_purges":0,"victory":false,"master_deck":["Strike_B","Strike_B","Strike_B","Strike_B","Defend_B","Defend_B","Defend_B+1","Defend_B","Zap","Dualcast","Prime+1","Self Repair","Chaos+1","Cold Snap","Barrage","Streamline","Axe Kick","Cold Snap","Static Discharge+1","Genetic Algorithm","Rainbow","Self Repair","Stack","Self Repair","Cold Snap","Defragment","Defragment+1","Capacitor","J.A.X."],"max_hp_per_floor":[75,75,75,75,75,75,75,75,75,75,75,75,75,75,75,75,75,75,75,75,75],"relics":["Cracked Core","Odd Mushroom","Oddly Smooth Stone","Question Card","Orrery"],"card_choices":[{"not_picked":["Hologram","Capacitor"],"picked":"Self Repair","floor":1},{"not_picked":["Beam Cell","Skim"],"picked":"Chaos","floor":3},{"not_picked":["Turbo","Stack"],"picked":"Barrage","floor":5},{"not_picked":["Barrage","Auto Shields"],"picked":"Streamline","floor":7},{"not_picked":["Nova","Undo"],"picked":"Axe Kick","floor":8},{"not_picked":["Skim","Reprogram","Hologram"],"picked":"Cold Snap","floor":10},{"not_picked":["Capacitor","Streamline","Coolheaded"],"picked":"Static Discharge","floor":11},{"not_picked":["Capacitor","Aggregate","Blaster"],"picked":"Genetic Algorithm","floor":14},{"not_picked":["Machine Learning","Hyperbeam","Redo"],"picked":"Rainbow","floor":16},{"not_picked":["Impulse","Rebound","Aggregate"],"picked":"Self Repair","floor":17},{"not_picked":["Hologram","Coolheaded","Reprogram"],"picked":"Stack","floor":17},{"not_picked":["Go for the Eyes","Coolheaded","Reboot"],"picked":"Self Repair","floor":17},{"not_picked":["Hello World","Stack","Leap"],"picked":"Cold Snap","floor":17},{"not_picked":["Impulse","Turbo","Go for the Eyes"],"picked":"Defragment","floor":17},{"not_picked":["Capacitor","Gash","Streamline"],"picked":"Defragment","floor":18},{"not_picked":["Tempest","Cold Snap","Glacier"],"picked":"Capacitor","floor":19}],"player_experience":23982,"potions_floor_usage":[],"damage_taken":[{"damage":3,"enemies":"Jaw Worm","floor":1,"turns":4},{"damage":1,"enemies":"2 Louse","floor":3,"turns":2},{"damage":0,"enemies":"Cultist","floor":5,"turns":3},{"damage":24,"enemies":"The Mushroom Lair","floor":7,"turns":5},{"damage":19,"enemies":"3 Sentries","floor":8,"turns":8},{"damage":0,"enemies":"Large Slime","floor":10,"turns":4},{"damage":8,"enemies":"Looter","floor":11,"turns":3},{"damage":1,"enemies":"2 Fungi Beasts","floor":14,"turns":4},{"damage":29,"enemies":"Hexaghost","floor":16,"turns":5},{"damage":18,"enemies":"Shell Parasite","floor":18,"turns":9},{"damage":57,"enemies":"2 Thieves","floor":19,"turns":5},{"damage":45,"enemies":"Centurion and Healer","floor":21,"turns":6}],"event_choices":[{"event_name":"The Cleric","player_choice":"Leave","floor":2,"damage_taken":0},{"event_name":"Shining Light","player_choice":"Entered Light","floor":6,"damage_taken":0},{"event_name":"Mushrooms","player_choice":"Fought Mushrooms","floor":7,"damage_taken":0},{"event_name":"The Woman in Blue","player_choice":"Bought 0 Potions","floor":12,"damage_taken":0},{"event_name":"Drug Dealer","player_choice":"Got JAXXED","floor":20,"damage_taken":0}],"boss_relics":[{"not_picked":["Runic Dome","Eternal Feather"],"picked":"Orrery"}],"potions_floor_spawned":[3,5,10,11,19],"seed_played":"-4137285825452604317","killed_by":"Centurion and Healer","ascension_level":0,"is_trial":false}