{"gold_per_floor":[114,131,145,57,69,69,100,120,120,120,152,176,188,218,230,340,352,381,393,425,454,99,126,36,36,89,115,128,128,144,44,44,149,149,168,187,203,78,78,78,93,93,93,107,107,118,118,136,136,136],"floor_reached":50,"playtime":5826,"items_purged":["Defend_R","Clash","Bite"],"score":540,"play_id":"005c3fbe-47c2-4871-a9f1-7dfa915b9021","local_time":"20190126225051","is_ascension_mode":false,"campfire_choices":[{"data":"Finesse","floor":6,"key":"SMITH"},{"data":"Shockwave","floor":13,"key":"SMITH"},{"data":"Entrench","floor":15,"key":"SMITH"},{"data":"Body Slam","floor":25,"key":"SMITH"},{"data":"Armaments","floor":29,"key":"SMITH"},{"data":"Sword Boomerang","floor":32,"key":"SMITH"},{"data":"Metallicize","floor":40,"key":"SMITH"},{"data":"Secret Technique","floor":42,"key":"SMITH"},{"data":"Bite","floor":45,"key":"SMITH"},{"data":"Bite","floor":49,"key":"SMITH"}],"neow_cost":"NONE","seed_source_timestamp":641669139475032,"circlet_count":0,"master_deck":["Defend_R","Defend_R","Bash","Battle Trance+1","Finesse+1","Metallicize+1","Sword Boomerang+1","Shockwave+1","Entrench+1","Impervious","Pommel Strike+1","Reaper+1","Disarm+1","Bite+1","Bite","Bite+1","Spot Weakness+1","Body Slam+1","Inflame+1","Armaments+1","Juggernaut","Secret Technique+1","Shrug It Off+1"],"relics":["Burning Blood","Sundial","Oddly Smooth Stone","MawBank","Astrolabe","FossilizedHelix","Mummified Hand","Regal Pillow","Molten Egg 2","Strawberry"],"potions_floor_usage":[5,16,21,35,44,48,50,50],"damage_taken":[{"damage":8,"enemies":"Cultist","floor":1,"turns":5},{"damage":0,"enemies":"2 Louse","floor":2,"turns":2},{"damage":9,"enemies":"Small Slimes","floor":3,"turns":3},{"damage":12,"enemies":"Gremlin Gang","floor":5,"turns":4},{"damage":30,"enemies":"Lagavulin","floor":7,"turns":8},{"damage":0,"enemies":"Blue Slaver","floor":8,"turns":5},{"damage":1,"enemies":"2 Fungi Beasts","floor":11,"turns":4},{"damage":0,"enemies":"Large Slime","floor":12,"turns":5},{"damage":0,"enemies":"3 Louse","floor":14,"turns":3},{"damage":23,"enemies":"Hexaghost","floor":16,"turns":15},{"damage":6,"enemies":"Chosen","floor":18,"turns":7},{"damage":16,"enemies":"3 Byrds","floor":20,"turns":9},{"damage":28,"enemies":"Centurion and Healer","floor":21,"turns":7},{"damage":9,"enemies":"Gremlin Leader","floor":23,"turns":11},{"damage":18,"enemies":"Book of Stabbing","floor":27,"turns":5},{"damage":6,"enemies":"Snecko","floor":28,"turns":7},{"damage":14,"enemies":"Snake Plant","floor":30,"turns":3},{"damage":0,"enemies":"Champ","floor":33,"turns":9},{"damage":0,"enemies":"3 Shapes","floor":35,"turns":5},{"damage":27,"enemies":"3 Darklings","floor":36,"turns":5},{"damage":18,"enemies":"Jaw Worm Horde","floor":37,"turns":6},{"damage":0,"enemies":"Maw","floor":41,"turns":8},{"damage":0,"enemies":"4 Shapes","floor":44,"turns":8},{"damage":0,"enemies":"Spire Growth","floor":46,"turns":6},{"damage":12,"enemies":"Jaw Worm Horde","floor":48,"turns":5},{"damage":135,"enemies":"Donu and Deca","floor":50,"turns":10}],"seed_played":"8127206114984434642","potions_obtained":[{"floor":1,"key":"Dexterity Potion"},{"floor":3,"key":"PowerPotion"},{"floor":5,"key":"Swift Potion"},{"floor":8,"key":"Fire Potion"},{"floor":20,"key":"Ancient Potion"},{"floor":21,"key":"SpeedPotion"},{"floor":33,"key":"Fruit Juice"},{"floor":35,"key":"Swift Potion"},{"floor":41,"key":"Energy Potion"},{"floor":46,"key":"Poison Potion"}],"is_trial":false,"path_per_floor":["M","M","M","$","M","R","E","M","T","?","M","M","R","M","R","B",null,"M","?","M","M","$","E","?","R","T","E","M","R","M","$","R","B",null,"M","M","M","$","?","R","M","R","T","M","R","M","?","M","R","B"],"character_chosen":"IRONCLAD","items_purchased":["Finesse","FossilizedHelix"],"campfire_rested":0,"item_purchase_floors":[4,22],"current_hp_per_floor":[86,88,85,85,79,79,55,61,61,61,66,72,72,78,78,61,88,88,61,61,61,61,61,61,61,61,51,61,61,53,53,53,61,61,66,61,66,66,66,66,66,66,73,73,73,73,73,67,67,0],"gold":136,"neow_bonus":"TEN_PERCENT_HP_BONUS","is_prod":false,"is_daily":false,"chose_seed":false,"campfire_upgraded":10,"win_rate":0.0,"timestamp":1548539451,"path_taken":["M","M","M","$","M","R","E","?","T","?","M","M","R","M","R","BOSS","M","?","M","M","$","E","?","R","T","E","M","R","M","$","R","BOSS","M","?","M","$","?","R","M","R","T","M","R","M","?","M","R","BOSS"],"build_version":"2019-01-23","purchased_purges":3,"victory":false,"max_hp_per_floor":[88,88,88,88,88,88,88,88,88,88,88,88,88,88,88,88,88,88,61,61,61,61,61,61,61,61,61,61,61,61,61,61,61,61,66,66,66,66,66,66,66,66,73,73,73,73,73,73,73,73],"card_choices":[{"not_picked":["Flame Barrier","Seeing Red"],"picked":"Clash","floor":1},{"not_picked":["Anger","Flex"],"picked":"Battle Trance","floor":2},{"not_picked":["Twin Strike","Flex","Iron Wave"],"picked":"SKIP","floor":3},{"not_picked":["Burning Pact","Iron Wave"],"picked":"Disarm","floor":5},{"not_picked":["True Grit","Burning Pact"],"picked":"Metallicize","floor":7},{"not_picked":["Intimidate","Twin Strike","Warcry"],"picked":"SKIP","floor":8},{"not_picked":["Cleave","Pommel Strike"],"picked":"Sword Boomerang","floor":11},{"not_picked":["Perfected Strike","Twin Strike"],"picked":"Shockwave","floor":12},{"not_picked":["Disarm","Intimidate"],"picked":"Entrench","floor":14},{"not_picked":["Fiend Fire","Bludgeon"],"picked":"Impervious","floor":16},{"not_picked":["Clothesline","Searing Blow","Flex"],"picked":"SKIP","floor":18},{"not_picked":["Sword Boomerang","Power Through"],"picked":"Spot Weakness+1","floor":20},{"not_picked":["Headbutt","True Grit"],"picked":"Body Slam","floor":21},{"not_picked":["True Grit","Flex"],"picked":"Inflame+1","floor":23},{"not_picked":["Seeing Red+1","Anger+1","Battle Trance+1"],"picked":"SKIP","floor":27},{"not_picked":["Thunderclap+1","Iron Wave+1"],"picked":"Armaments","floor":28},{"not_picked":["Clash+1","Ghostly Armor","Battle Trance+1"],"picked":"SKIP","floor":30},{"not_picked":["Fiend Fire+1","Offering"],"picked":"Juggernaut","floor":33},{"not_picked":["Flex","Searing Blow+1","Clothesline+1"],"picked":"SKIP","floor":35},{"not_picked":["Cleave+1","Intimidate","Corruption"],"picked":"SKIP","floor":36},{"not_picked":["Armaments","Heavy Blade+1","Anger+1"],"picked":"SKIP","floor":37},{"not_picked":["Trip","Deep Breath"],"picked":"Secret Technique","floor":39},{"not_picked":["Pommel Strike+1","Iron Wave+1"],"picked":"Shrug It Off+1","floor":41},{"not_picked":["Spot Weakness+1","Perfected Strike+1","Clothesline+1"],"picked":"SKIP","floor":44},{"not_picked":["Cleave+1","Flex+1","Sever Soul+1"],"picked":"SKIP","floor":46},{"not_picked":["Thunderclap+1","Cleave+1","Flex"],"picked":"SKIP","floor":48}],"player_experience":109208,"relics_obtained":[{"floor":7,"key":"Sundial"},{"floor":9,"key":"Oddly Smooth Stone"},{"floor":23,"key":"Mummified Hand"},{"floor":26,"key":"Regal Pillow"},{"floor":27,"key":"Molten Egg 2"},{"floor":43,"key":"Strawberry"}],"event_choices":[{"damage_healed":0,"gold_gain":0,"player_choice":"Searched \u00272\u0027 times","damage_taken":0,"relics_obtained":["MawBank"],"max_hp_gain":0,"max_hp_loss":0,"event_name":"Dead Adventurer","floor":10,"gold_loss":0},{"damage_healed":0,"gold_gain":0,"player_choice":"Became a vampire","damage_taken":0,"max_hp_gain":0,"max_hp_loss":27,"event_name":"Vampires","floor":19,"gold_loss":0,"cards_obtained":["Bite","Bite","Bite","Bite","Bite"]},{"cards_removed":["Disarm"],"damage_healed":0,"gold_gain":0,"player_choice":"Upgrade and Remove","damage_taken":0,"max_hp_gain":0,"max_hp_loss":0,"event_name":"Designer","floor":24,"gold_loss":90,"cards_upgraded":["Battle Trance"]},{"damage_healed":0,"gold_gain":0,"player_choice":"Memory 1","damage_taken":0,"max_hp_gain":0,"max_hp_loss":0,"event_name":"SensoryStone","floor":39,"gold_loss":0},{"cards_removed":["Bite"],"damage_healed":0,"gold_gain":0,"player_choice":"Removed Attack","damage_taken":0,"max_hp_gain":0,"max_hp_loss":0,"event_name":"Falling","floor":47,"gold_loss":0}],"is_beta":false,"boss_relics":[{"not_picked":["Black Blood","Runic Pyramid"],"picked":"Astrolabe"},{"not_picked":["Snecko Eye","Runic Dome","Philosopher\u0027s Stone"]}],"items_purged_floors":[22,31,38],"is_endless":false,"potions_floor_spawned":[1,3,5,8,14,20,21,23,33,35,41,46],"killed_by":"Donu and Deca","ascension_level":0}