{"gold_per_floor":[361,361,373,259,259,259,275,0,0,0,29,43,63,81,81,179,179,190,17,17,36,53,53,19,19,19,19,54,54,7,19,19,19],"floor_reached":33,"playtime":1120,"items_purged":["Regret","Strike_R"],"score":355,"play_id":"b01b16d7-b5d2-4287-b633-59783f95dd28","local_time":"20190218010152","is_ascension_mode":true,"campfire_choices":[{"data":"Inflame","floor":6.0,"key":"SMITH"},{"data":"Entrench","floor":10.0,"key":"SMITH"},{"data":"Searing Blow+1","floor":15.0,"key":"SMITH"},{"data":"Shrug It Off","floor":23.0,"key":"SMITH"},{"data":"Shrug It Off","floor":25.0,"key":"SMITH"},{"floor":27.0,"key":"REST"},{"data":"Metallicize","floor":29.0,"key":"SMITH"},{"data":"Searing Blow+2","floor":32.0,"key":"SMITH"}],"neow_cost":"TEN_PERCENT_HP_LOSS","seed_source_timestamp":0,"circlet_count":0,"master_deck":["Strike_R","Strike_R","Strike_R","Strike_R","Defend_R","Defend_R","Defend_R","Defend_R","Bash","Shrug It Off+1","Twin Strike","Inflame+1","Wild Strike","Entrench+1","Searing Blow+3","Pummel+1","Cleave+1","Ghostly Armor","Impervious","Iron Wave+1","Shrug It Off+1","Heavy Blade+1","Sword Boomerang+1","Clothesline+1","Uppercut+1","Metallicize+1","Shrug It Off","Heavy Blade+1"],"special_seed":0,"relics":["Black Blood","Mummified Hand","Juzu Bracelet","Molten Egg 2","Gremlin Horn","Odd Mushroom","Nilry\u0027s Codex","Blue Candle","Darkstone Periapt"],"potions_floor_usage":[33,33],"damage_taken":[{"damage":1.0,"enemies":"2 Louse","floor":1.0,"turns":2.0},{"damage":5.0,"enemies":"Small Slimes","floor":3.0,"turns":4.0},{"damage":11.0,"enemies":"Cultist","floor":7.0,"turns":4.0},{"damage":16.0,"enemies":"Gremlin Nob","floor":11.0,"turns":3.0},{"damage":0.0,"enemies":"Exordium Wildlife","floor":12.0,"turns":1.0},{"damage":17.0,"enemies":"The Mushroom Lair","floor":13.0,"turns":3.0},{"damage":4.0,"enemies":"3 Louse","floor":14.0,"turns":2.0},{"damage":33.0,"enemies":"The Guardian","floor":16.0,"turns":12.0},{"damage":22.0,"enemies":"Spheric Guardian","floor":18.0,"turns":5.0},{"damage":5.0,"enemies":"Chosen","floor":21.0,"turns":2.0},{"damage":24.0,"enemies":"Shelled Parasite and Fungi","floor":22.0,"turns":6.0},{"damage":11.0,"enemies":"Gremlin Leader","floor":28.0,"turns":8.0},{"damage":12.0,"enemies":"Snake Plant","floor":31.0,"turns":4.0},{"damage":63,"enemies":"Champ","floor":33,"turns":13}],"seed_played":"-718818486323056698","potions_obtained":[{"floor":3.0,"key":"SteroidPotion"},{"floor":13.0,"key":"LiquidBronze"},{"floor":18.0,"key":"Swift Potion"},{"floor":22.0,"key":"SteroidPotion"},{"floor":31.0,"key":"Poison Potion"}],"is_trial":false,"path_per_floor":["M","?","M","$","?","R","M","$","T","R","E","M","?","M","R","B",null,"M","$","?","M","M","R","$","R","T","R","E","R","$","M","R","B"],"character_chosen":"IRONCLAD","items_purchased":["Inflame","Molten Egg 2","Entrench","Shrug It Off","Heavy Blade+1","Uppercut+1","Shrug It Off"],"campfire_rested":1,"item_purchase_floors":[4,8,8,19,19,24,30],"current_hp_per_floor":[72,72,72,72,72,72,67,67,67,67,57,63,52,54,54,27,61,49,49,33,38,24,24,24,24,24,45,44,44,44,42,42,0],"gold":19,"neow_bonus":"TWO_FIFTY_GOLD","is_prod":false,"is_daily":false,"chose_seed":false,"campfire_upgraded":7,"win_rate":0,"timestamp":1550473312,"path_taken":["M","?","M","$","?","R","M","$","T","R","E","M","?","M","R","BOSS","M","$","?","M","M","R","$","R","T","R","E","R","$","M","R","BOSS"],"build_version":"2019-01-23","purchased_purges":2,"victory":false,"max_hp_per_floor":[72,72,72,72,72,72,72,72,72,72,72,72,72,72,72,72,72,72,72,72,72,72,72,72,72,72,72,72,72,72,72,72,72],"card_choices":[{"not_picked":["True Grit","Clothesline"],"picked":"Shrug It Off","floor":1.0},{"not_picked":["Flex","Havoc"],"picked":"Twin Strike","floor":3.0},{"not_picked":["Evolve","Rupture"],"picked":"Wild Strike","floor":7.0},{"not_picked":["Sentinel","Armaments"],"picked":"Searing Blow+1","floor":11.0},{"not_picked":["Cleave+1","Shrug It Off"],"picked":"Pummel+1","floor":12.0},{"not_picked":["Havoc","Rampage+1"],"picked":"Cleave+1","floor":13.0},{"not_picked":["Rupture","Havoc"],"picked":"Ghostly Armor","floor":14.0},{"not_picked":["Berserk","Brutality"],"picked":"Impervious","floor":16.0},{"not_picked":["Rage","Fire Breathing"],"picked":"Iron Wave+1","floor":18.0},{"not_picked":["Heavy Blade+1","Iron Wave+1"],"picked":"Sword Boomerang+1","floor":21.0},{"not_picked":["Twin Strike+1","Thunderclap+1"],"picked":"Clothesline+1","floor":22.0},{"not_picked":["Warcry","Infernal Blade"],"picked":"Metallicize","floor":28.0},{"not_picked":["Warcry","True Grit"],"picked":"Heavy Blade+1","floor":31.0}],"player_experience":190774,"relics_obtained":[{"floor":11.0,"key":"Gremlin Horn"},{"floor":13.0,"key":"Odd Mushroom"},{"floor":20.0,"key":"Nilry\u0027s Codex"},{"floor":26.0,"key":"Blue Candle"},{"floor":28.0,"key":"Darkstone Periapt"}],"event_choices":[{"damage_healed":0.0,"max_hp_gain":0.0,"max_hp_loss":0.0,"gold_gain":0.0,"event_name":"Big Fish","player_choice":"Box","floor":2.0,"gold_loss":0.0,"damage_taken":0.0,"relics_obtained":["Mummified Hand"],"cards_obtained":["Regret"]},{"damage_healed":0.0,"max_hp_gain":0.0,"max_hp_loss":0.0,"gold_gain":0.0,"event_name":"WeMeetAgain","player_choice":"Gave Potion","floor":5.0,"gold_loss":0.0,"damage_taken":0.0,"relics_obtained":["Juzu Bracelet"]},{"damage_healed":0.0,"max_hp_gain":0.0,"max_hp_loss":0.0,"gold_gain":0.0,"event_name":"Mushrooms","player_choice":"Fought Mushrooms","floor":13.0,"gold_loss":0.0,"damage_taken":0.0},{"damage_healed":0.0,"max_hp_gain":0.0,"max_hp_loss":0.0,"gold_gain":0.0,"event_name":"Cursed Tome","player_choice":"Obtained Book","floor":20.0,"gold_loss":0.0,"damage_taken":16.0}],"is_beta":false,"boss_relics":[{"not_picked":["Fusion Hammer","Runic Pyramid"],"picked":"Black Blood"}],"items_purged_floors":[4,19],"is_endless":false,"potions_floor_spawned":[3,13,18,22,31],"killed_by":"Champ","ascension_level":7}