{"path_per_floor":["M","$","M","?","M","R","$","E","T","E","$","R","?","M","R","B",null,"M","?","M","?"],"character_chosen":"DEFECT","items_purchased":["Storm","Storm","Capacitor"],"gold_per_floor":[112,44,64,64,75,75,75,110,110,143,27,27,277,293,293,389,389,403,403,423,423,423],"floor_reached":22,"campfire_rested":2,"playtime":604,"item_purchase_floors":[],"current_hp_per_floor":[74,74,62,50,43,65,65,45,45,22,22,59,65,46,46,16,81,65,49,34,34,0],"items_purged":[],"gold":423,"score":211,"play_id":"845ea141-6505-4aa7-886d-23e4ff04cd64","local_time":"20180601173105","is_prod":false,"is_daily":false,"chose_seed":false,"is_ascension_mode":true,"campfire_upgraded":1,"win_rate":0,"timestamp":1527838265,"campfire_choices":[{"floor":6.0,"key":"REST"},{"floor":12.0,"key":"REST"},{"data":"Storm","floor":15.0,"key":"SMITH"}],"path_taken":["M","$","?","?","?","R","$","E","T","E","$","R","?","M","R","BOSS","M","?","?","?","M"],"build_version":"2018-05-31","seed_source_timestamp":0,"purchased_purges":0,"victory":false,"master_deck":["Strike_B","Strike_B","Defend_B","Defend_B","Defend_B","Zap","Dualcast","Storm","Storm+1","Ball Lightning","Hologram","Sweeping Beam","Static Discharge","Storm","Capacitor","Regret","Hello World","Amplify","FTL+1","Skim+1","Sunder+1","Leap","Skim+1"],"max_hp_per_floor":[75,75,75,75,75,75,75,75,75,75,75,75,81,81,81,81,81,81,81,81,81,81],"relics":["Cracked Core","Darkstone Periapt","Regal Pillow","The Courier","Molten Egg 2","Astrolabe","Nilry\u0027s Codex"],"card_choices":[{"not_picked":["Barrage","Redo"],"picked":"Storm","floor":1.0},{"not_picked":["Cold Snap","Stack"],"picked":"Ball Lightning","floor":3.0},{"not_picked":["Genetic Algorithm","Barrage"],"picked":"Hologram","floor":5.0},{"not_picked":["Go for the Eyes","Skim"],"picked":"Sweeping Beam","floor":8.0},{"not_picked":["Skim","Coolheaded"],"picked":"Static Discharge","floor":10.0},{"not_picked":["Consume","Fusion"],"picked":"Hello World","floor":14.0},{"not_picked":["Meteor Strike+1","Fission"],"picked":"Amplify","floor":16.0},{"not_picked":["Barrage+1","Compile Driver+1"],"picked":"Leap","floor":18},{"not_picked":["Rebound+1","Blizzard+1"],"picked":"Skim+1","floor":20}],"player_experience":131121,"potions_floor_usage":[20,20],"damage_taken":[{"damage":1.0,"enemies":"Cultist","floor":1.0,"turns":3.0},{"damage":12.0,"enemies":"Small Slimes","floor":3.0,"turns":3.0},{"damage":7.0,"enemies":"Jaw Worm","floor":5.0,"turns":2.0},{"damage":20.0,"enemies":"Gremlin Nob","floor":8.0,"turns":4.0},{"damage":23.0,"enemies":"Lagavulin","floor":10.0,"turns":4.0},{"damage":19.0,"enemies":"3 Louse","floor":14.0,"turns":2.0},{"damage":30.0,"enemies":"Hexaghost","floor":16.0,"turns":7.0},{"damage":16,"enemies":"Chosen","floor":18,"turns":3},{"damage":15,"enemies":"3 Byrds","floor":20,"turns":2},{"damage":43,"enemies":"Cultist and Chosen","floor":22,"turns":4}],"relics_obtained":[{"floor":8.0,"key":"Regal Pillow"},{"floor":9.0,"key":"The Courier"},{"floor":10.0,"key":"Molten Egg 2"},{"floor":19,"key":"Nilry\u0027s Codex"}],"event_choices":[{"event_name":"Scrap Ooze","player_choice":"success","floor":4.0,"damage_taken":12.0},{"event_name":"Golden Shrine","player_choice":"Desecrate","floor":13.0,"damage_taken":0.0},{"event_name":"Cursed Tome","player_choice":"Obtained Book","floor":19,"damage_taken":0},{"event_name":"Beggar","player_choice":"Ignored","floor":21,"damage_taken":0}],"boss_relics":[{"not_picked":["Inserter","Black Star"],"picked":"Astrolabe"}],"items_purged_floors":[],"potions_floor_spawned":[3,5,8,14],"seed_played":"1804490936075305129","killed_by":"Cultist and Chosen","ascension_level":2,"potions_obtained":[{"floor":3.0,"key":"Poison Potion"},{"floor":5.0,"key":"Explosive Potion"},{"floor":8.0,"key":"Energy Potion"},{"floor":14.0,"key":"Explosive Potion"}],"is_trial":false}