{"gold_per_floor":[118,118,118,143,10,50,50,71,71,89,89,109,123,143,143,266,266,286,304,328,32,32,32,66,90,90,90,90,108,108,33,33,154,154,170,190,315,215,215,215],"floor_reached":40,"playtime":2179,"items_purged":["Setup","All Out Attack"],"score":469,"play_id":"050e35c7-b734-437b-944a-1cc53bd24cd1","local_time":"20190109163037","is_ascension_mode":true,"campfire_choices":[{"floor":7,"key":"REST"},{"floor":15,"key":"RECALL"},{"floor":23,"key":"REST"},{"floor":28,"key":"REST"},{"floor":32,"key":"REST"}],"neow_cost":"NONE","seed_source_timestamp":49521496113822,"circlet_count":0,"master_deck":["Survivor","Neutralize+1","Footwork","Cloak And Dagger","Backflip","Bandage Up","Leg Sweep","Crippling Poison","Blade Dance","Burst","Finisher+1","Setup+1","Finisher+1","Bouncing Flask+1","Accuracy+1","Heel Hook","Caltrops","Skewer","Calculated Gamble","Cloak And Dagger","Adrenaline","Finisher","Night Terror","Heel Hook","Deadly Poison","Die Die Die","Prepared","Acrobatics","Acrobatics+1"],"relics":["Fusion Hammer","Blood Vial","Golden Idol","Vajra","Matryoshka","Snake Skull","Bronze Scales","Astrolabe","Regal Pillow","Paper Crane","Darkstone Periapt","Lantern","Pandora\u0027s Box","Ice Cream"],"potions_floor_usage":[10,24,37,40],"damage_taken":[{"damage":0,"enemies":"2 Louse","floor":1,"turns":3},{"damage":1,"enemies":"Small Slimes","floor":4,"turns":5},{"damage":44,"enemies":"Lagavulin","floor":6,"turns":13},{"damage":6,"enemies":"Jaw Worm","floor":8,"turns":4},{"damage":0,"enemies":"Lots of Slimes","floor":10,"turns":2},{"damage":1,"enemies":"3 Louse","floor":12,"turns":4},{"damage":0,"enemies":"Red Slaver","floor":13,"turns":4},{"damage":5,"enemies":"Exordium Thugs","floor":14,"turns":5},{"damage":43,"enemies":"Slime Boss","floor":16,"turns":20},{"damage":22,"enemies":"Spheric Guardian","floor":18,"turns":6},{"damage":23,"enemies":"2 Thieves","floor":19,"turns":4},{"damage":27,"enemies":"Snake Plant","floor":20,"turns":6},{"damage":39,"enemies":"Slavers","floor":24,"turns":6},{"damage":14,"enemies":"Centurion and Healer","floor":25,"turns":7},{"damage":0,"enemies":"Chosen and Byrds","floor":29,"turns":4},{"damage":40,"enemies":"Automaton","floor":33,"turns":10},{"damage":14,"enemies":"3 Shapes","floor":35,"turns":5},{"damage":34,"enemies":"Orb Walker","floor":36,"turns":4},{"damage":5,"enemies":"Mind Bloom Boss Battle","floor":37,"turns":7},{"damage":48,"enemies":"Nemesis","floor":40,"turns":6}],"seed_played":"-7684674553994377604","potions_obtained":[{"floor":8,"key":"Explosive Potion"},{"floor":10,"key":"GhostInAJar"},{"floor":12,"key":"EntropicBrew"},{"floor":13,"key":"Dexterity Potion"},{"floor":14,"key":"SpeedPotion"},{"floor":18,"key":"Energy Potion"},{"floor":24,"key":"SteroidPotion"},{"floor":33,"key":"Poison Potion"},{"floor":37,"key":"LiquidBronze"},{"floor":39,"key":"FairyPotion"}],"is_trial":false,"path_per_floor":["M","?","?","M","$","E","R","M","T","M","T","M","M","M","R","B",null,"M","M","M","$","?","R","E","M","T","?","R","M","?","?","R","B",null,"M","M","?","$","?","E"],"character_chosen":"THE_SILENT","items_purchased":["Backflip","Bandage Up","Heel Hook","Regal Pillow"],"campfire_rested":4,"item_purchase_floors":[5,5,21,21],"current_hp_per_floor":[70,70,53,54,54,16,37,37,37,43,43,48,54,55,55,18,70,52,35,14,14,14,50,21,13,13,13,49,51,51,51,70,34,70,56,28,29,29,29,0],"gold":215,"neow_bonus":"BOSS_RELIC","is_prod":false,"is_daily":false,"chose_seed":false,"campfire_upgraded":0,"win_rate":0,"timestamp":1547073037,"path_taken":["M","?","?","M","$","E","R","M","T","M","?","M","?","M","R","BOSS","M","M","M","$","?","R","E","?","T","?","R","M","?","?","R","BOSS","M","M","?","$","?","E"],"build_version":"2019-01-03v4","purchased_purges":2,"victory":false,"max_hp_per_floor":[70,70,70,70,70,70,70,70,70,70,70,70,70,70,70,70,70,70,70,70,70,70,70,70,70,70,70,70,70,70,70,70,70,70,70,70,70,70,70,70],"card_choices":[{"not_picked":["Deflect","Sucker Punch"],"picked":"Footwork","floor":1},{"not_picked":["Sucker Punch","Caltrops"],"picked":"Cloak And Dagger","floor":4},{"not_picked":["Endless Agony","A Thousand Cuts"],"picked":"Accuracy","floor":6},{"not_picked":["Deflect","Backflip"],"picked":"Leg Sweep","floor":8},{"not_picked":["Prepared","Deadly Poison","Slice"],"picked":"SKIP","floor":10},{"not_picked":["Flying Knee","Endless Agony"],"picked":"Setup","floor":12},{"not_picked":["Flechettes","Poisoned Stab"],"picked":"Crippling Poison","floor":13},{"not_picked":["Outmaneuver","Die Die Die"],"picked":"Blade Dance","floor":14},{"not_picked":["Glass Knife","Storm of Steel"],"picked":"Burst","floor":16},{"not_picked":["Crippling Poison+1","Backflip"],"picked":"Bouncing Flask+1","floor":18},{"not_picked":["Dagger Throw+1","Sucker Punch","Dagger Spray"],"picked":"SKIP","floor":19},{"not_picked":["Acrobatics","Flying Knee"],"picked":"Accuracy+1","floor":20},{"not_picked":["Deadly Poison","Dagger Throw"],"picked":"Caltrops","floor":24},{"not_picked":["Prepared","Wraith Form v2"],"picked":"Skewer","floor":25},{"not_picked":["Dagger Throw","Quick Slash"],"picked":"Calculated Gamble","floor":29},{"not_picked":["Die Die Die","Grand Finale"],"picked":"Adrenaline","floor":33},{"not_picked":["Bane+1","Cloak And Dagger"],"picked":"Acrobatics+1","floor":35},{"not_picked":["Dagger Throw+1","Reflex","Prepared"],"picked":"SKIP","floor":36}],"player_experience":78368,"relics_obtained":[{"floor":6,"key":"Vajra"},{"floor":9,"key":"Matryoshka"},{"floor":11,"key":"Snake Skull"},{"floor":11,"key":"Bronze Scales"},{"floor":24,"key":"Paper Crane"},{"floor":26,"key":"Darkstone Periapt"},{"floor":26,"key":"Lantern"},{"floor":37,"key":"Ice Cream"}],"event_choices":[{"damage_healed":0,"gold_gain":0,"player_choice":"Box","damage_taken":0,"relics_obtained":["Blood Vial"],"max_hp_gain":0,"max_hp_loss":0,"event_name":"Big Fish","floor":2,"gold_loss":0,"cards_obtained":["Regret"]},{"damage_healed":0,"gold_gain":0,"player_choice":"Take Damage","damage_taken":17,"relics_obtained":["Golden Idol"],"max_hp_gain":0,"max_hp_loss":0,"event_name":"Golden Idol","floor":3,"gold_loss":0},{"damage_healed":0,"gold_gain":0,"player_choice":"Forge","damage_taken":0,"max_hp_gain":0,"max_hp_loss":0,"event_name":"Accursed Blacksmith","floor":22,"gold_loss":0,"cards_upgraded":["Neutralize"]},{"damage_healed":0,"gold_gain":0,"player_choice":"Simplicity","damage_taken":0,"max_hp_gain":0,"max_hp_loss":0,"event_name":"Back to Basics","floor":27,"gold_loss":0,"cards_upgraded":["Defend_G","Defend_G","Defend_G","Defend_G","Defend_G","Strike_G","Strike_G","Strike_G"]},{"damage_healed":0,"gold_gain":0,"player_choice":"Read","damage_taken":0,"max_hp_gain":0,"max_hp_loss":0,"event_name":"The Library","floor":30,"gold_loss":0,"cards_obtained":["Cloak And Dagger"]},{"cards_removed":["Regret"],"damage_healed":0,"gold_gain":0,"player_choice":"Gave Gold","damage_taken":0,"max_hp_gain":0,"max_hp_loss":0,"event_name":"Beggar","floor":31,"gold_loss":75},{"damage_healed":0,"gold_gain":0,"player_choice":"Fight","damage_taken":0,"max_hp_gain":0,"max_hp_loss":0,"event_name":"MindBloom","floor":37,"gold_loss":0},{"damage_healed":0,"gold_gain":0,"player_choice":"Got Potions","damage_taken":0,"max_hp_gain":0,"max_hp_loss":0,"event_name":"Lab","floor":39,"gold_loss":0}],"is_beta":false,"boss_relics":[{"not_picked":["Busted Crown","Ectoplasm"],"picked":"Astrolabe"},{"not_picked":["HoveringKite","Cursed Key"],"picked":"Pandora\u0027s Box"}],"items_purged_floors":[21,38],"is_endless":false,"potions_floor_spawned":[8,10,12,13,14,18,24,29,33,37],"killed_by":"Nemesis","ascension_level":3}