{"gold_per_floor":[112,112,124,74,89,89,100,111,111,136,148,158,185,241,241,342,342,357,212,212,212,112,112,147,147,147,147,147,97,172,186,186,288,288,300,250,261,276,288,313,313,313,336,350,403,403,353,373,373,373],"floor_reached":51,"playtime":2030,"items_purged":["Strike_R","Strike_R","Defend_R","Uppercut+1","Bash+1"],"score":730,"play_id":"18d5411d-d116-46c9-aee4-f115a94e5703","local_time":"20190125144331","is_ascension_mode":false,"campfire_choices":[{"data":"Bash","floor":6,"key":"SMITH"},{"data":"Iron Wave","floor":15,"key":"SMITH"},{"data":"Dropkick","floor":23,"key":"SMITH"},{"data":"Dropkick","floor":27,"key":"SMITH"},{"data":"Inflame","floor":32,"key":"SMITH"},{"floor":41,"key":"REST"},{"floor":49,"key":"REST"}],"neow_cost":"NONE","seed_source_timestamp":412587047906486,"circlet_count":0,"master_deck":["Defend_R","Defend_R","Thunderclap+1","Iron Wave+1","Inflame+1","Shrug It Off","Reaper","Sever Soul+1","Shrug It Off+1","Dropkick+1","Dropkick+1"],"relics":["Burning Blood","Gambling Chip","Mercury Hourglass","Pocketwatch","Dodecahedron","Astrolabe","Pear","Thread and Needle","Question Card","Smiling Mask","Busted Crown","Meat on the Bone","Anchor","Bronze Scales"],"potions_floor_usage":[13,14,50,50,50],"damage_taken":[{"damage":6,"enemies":"Cultist","floor":1,"turns":3},{"damage":6,"enemies":"2 Louse","floor":3,"turns":2},{"damage":5,"enemies":"Jaw Worm","floor":5,"turns":4},{"damage":9,"enemies":"Blue Slaver","floor":7,"turns":3},{"damage":7,"enemies":"3 Louse","floor":8,"turns":3},{"damage":29,"enemies":"3 Sentries","floor":10,"turns":8},{"damage":1,"enemies":"2 Fungi Beasts","floor":11,"turns":2},{"damage":16,"enemies":"Large Slime","floor":12,"turns":4},{"damage":19,"enemies":"Lagavulin","floor":13,"turns":5},{"damage":18,"enemies":"Lagavulin Event","floor":14,"turns":3},{"damage":1,"enemies":"Slime Boss","floor":16,"turns":7},{"damage":6,"enemies":"Shell Parasite","floor":18,"turns":3},{"damage":31,"enemies":"Gremlin Leader","floor":24,"turns":5},{"damage":16,"enemies":"2 Thieves","floor":31,"turns":3},{"damage":50,"enemies":"Automaton","floor":33,"turns":10},{"damage":2,"enemies":"Orb Walker","floor":35,"turns":2},{"damage":12,"enemies":"3 Shapes","floor":37,"turns":3},{"damage":43,"enemies":"Spire Growth","floor":38,"turns":4},{"damage":24,"enemies":"4 Shapes","floor":39,"turns":4},{"damage":40,"enemies":"Nemesis","floor":40,"turns":5},{"damage":0,"enemies":"Transient","floor":44,"turns":4},{"damage":8,"enemies":"3 Darklings","floor":48,"turns":4},{"damage":58,"enemies":"Awakened One","floor":50,"turns":8}],"seed_played":"-8290424463393318900","potions_obtained":[{"floor":3,"key":"Block Potion"},{"floor":10,"key":"AttackPotion"},{"floor":14,"key":"LiquidBronze"},{"floor":18,"key":"Swift Potion"},{"floor":33,"key":"Weak Potion"},{"floor":35,"key":"EssenceOfSteel"}],"is_trial":false,"path_per_floor":["M","?","M","?","M","R","M","M","T","E","M","M","E","?","R","B",null,"M","$","?","?","$","R","E","T","T","R","?","$","?","M","R","B",null,"M","$","M","M","M","E","R","?","T","M","T","?","$","M","R","B",null],"character_chosen":"IRONCLAD","items_purchased":["Dropkick"],"campfire_rested":2,"item_purchase_floors":[19],"current_hp_per_floor":[88,88,88,88,88,88,85,84,84,61,66,56,43,31,31,36,88,88,88,72,82,82,82,67,67,67,67,67,67,58,60,60,37,98,98,98,98,61,64,30,59,59,59,65,65,65,65,77,93,53],"gold":373,"neow_bonus":"TEN_PERCENT_HP_BONUS","is_prod":false,"is_daily":false,"chose_seed":false,"campfire_upgraded":5,"win_rate":0,"timestamp":1548449011,"path_taken":["M","?","?","?","M","R","M","M","T","E","M","M","E","?","R","BOSS","M","$","?","?","$","R","E","?","T","R","?","$","?","M","R","BOSS","M","$","M","?","M","E","R","?","T","M","?","?","$","?","R","BOSS"],"build_version":"2019-01-23","purchased_purges":5,"victory":true,"max_hp_per_floor":[88,88,88,88,88,88,88,88,88,88,88,88,88,88,88,88,88,88,88,88,98,98,98,98,98,98,98,98,98,98,98,98,98,98,98,98,98,98,98,98,98,98,98,98,98,93,93,93,93,93],"card_choices":[{"not_picked":["Clothesline","Twin Strike"],"picked":"Thunderclap","floor":1},{"not_picked":["Warcry","Twin Strike"],"picked":"Iron Wave","floor":3},{"not_picked":["Perfected Strike","Pommel Strike","Armaments"],"picked":"SKIP","floor":5},{"not_picked":["Clothesline","Cleave","Shockwave"],"picked":"SKIP","floor":7},{"not_picked":["Rage","Heavy Blade"],"picked":"Inflame","floor":8},{"not_picked":["Havoc","Sentinel","Exhume"],"picked":"SKIP","floor":10},{"not_picked":["Dual Wield","Intimidate","Uppercut"],"picked":"SKIP","floor":11},{"not_picked":["Hemokinesis","Bloodletting","Body Slam"],"picked":"SKIP","floor":12},{"not_picked":["Berserk","Corruption","Wild Strike"],"picked":"SKIP","floor":13},{"not_picked":["Sword Boomerang","Sentinel"],"picked":"Shrug It Off","floor":14},{"not_picked":["Impervious","Offering"],"picked":"Reaper","floor":16},{"not_picked":["Power Through","Armaments"],"picked":"Dropkick","floor":18},{"not_picked":["Uppercut","Rage+1","Ghostly Armor"],"picked":"SKIP","floor":24},{"not_picked":["Blood for Blood","Shrug It Off","Body Slam+1","Wild Strike"],"picked":"SKIP","floor":31},{"not_picked":["Rampage","Armaments+1"],"picked":"SKIP","floor":35},{"not_picked":["Clothesline+1","Dual Wield+1"],"picked":"SKIP","floor":37},{"not_picked":["Shockwave","Body Slam+1"],"picked":"SKIP","floor":38},{"not_picked":["Seeing Red+1","Carnage"],"picked":"SKIP","floor":39},{"not_picked":["Sever Soul","Dropkick"],"picked":"SKIP","floor":40},{"not_picked":["Twin Strike+1","Headbutt"],"picked":"SKIP","floor":44},{"not_picked":["Clothesline","Armaments+1"],"picked":"SKIP","floor":48}],"player_experience":127537,"relics_obtained":[{"floor":9,"key":"Gambling Chip"},{"floor":10,"key":"Mercury Hourglass"},{"floor":13,"key":"Pocketwatch"},{"floor":24,"key":"Thread and Needle"},{"floor":25,"key":"Question Card"},{"floor":26,"key":"Smiling Mask"},{"floor":40,"key":"Meat on the Bone"},{"floor":43,"key":"Anchor"},{"floor":45,"key":"Bronze Scales"}],"event_choices":[{"damage_healed":0,"gold_gain":0,"player_choice":"Forge","damage_taken":0,"max_hp_gain":0,"max_hp_loss":0,"event_name":"Accursed Blacksmith","floor":2,"gold_loss":0,"cards_upgraded":["Thunderclap"]},{"cards_removed":["Defend_R"],"damage_healed":0,"gold_gain":0,"player_choice":"Card Removal","damage_taken":0,"max_hp_gain":0,"max_hp_loss":0,"event_name":"The Cleric","floor":4,"gold_loss":50},{"damage_healed":0,"gold_gain":30,"player_choice":"Searched \u00273\u0027 times","damage_taken":0,"relics_obtained":["Dodecahedron"],"max_hp_gain":0,"max_hp_loss":0,"event_name":"Dead Adventurer","floor":14,"gold_loss":0},{"damage_healed":0,"gold_gain":0,"player_choice":"Obtained Book","damage_taken":16,"max_hp_gain":0,"max_hp_loss":0,"event_name":"Cursed Tome","floor":20,"gold_loss":0},{"damage_healed":0,"gold_gain":0,"player_choice":"Opened","damage_taken":0,"relics_obtained":["Pear"],"max_hp_gain":0,"max_hp_loss":0,"event_name":"The Mausoleum","floor":21,"gold_loss":0},{"damage_healed":0,"gold_gain":75,"player_choice":"Touch","damage_taken":9,"max_hp_gain":0,"max_hp_loss":0,"event_name":"FaceTrader","floor":30,"gold_loss":0},{"damage_healed":0,"gold_gain":0,"player_choice":"Memory 1","damage_taken":0,"max_hp_gain":0,"max_hp_loss":0,"event_name":"SensoryStone","floor":42,"gold_loss":0},{"damage_healed":0,"gold_gain":0,"player_choice":"Max HP","damage_taken":0,"max_hp_gain":0,"max_hp_loss":5,"event_name":"Winding Halls","floor":46,"gold_loss":0}],"is_beta":false,"boss_relics":[{"not_picked":["Lizard Tail","Eternal Feather"],"picked":"Astrolabe"},{"not_picked":["Black Star","Cursed Key"],"picked":"Busted Crown"}],"items_purged_floors":[19,22,29,36,47],"is_endless":false,"potions_floor_spawned":[3,10,14,18,33,35,40,48],"ascension_level":0}