{"gold_per_floor":[116,116,2,16,28,56,70,46,73,73,87,99,154,172,172,270,270,282,37,48,63,63,93,93,120,166,176,176,176,176,209,209,209],"floor_reached":33,"playtime":3651,"items_purged":[],"score":312,"play_id":"4861c9d0-8399-4147-8ba8-d2b1108bcaf8","local_time":"20190114203842","is_ascension_mode":false,"campfire_choices":[{"floor":10,"key":"REST"},{"floor":15,"key":"REST"},{"floor":24,"key":"REST"},{"floor":28,"key":"REST"},{"floor":32,"key":"REST"}],"neow_cost":"PERCENT_DAMAGE","seed_source_timestamp":1725248577643930,"circlet_count":0,"master_deck":["Defend_G+1","Defend_G+1","Defend_G+1","Defend_G+1","Defend_G+1","Strike_G+1","Strike_G+1","Strike_G+1","Strike_G+1","Strike_G+1","Survivor","Neutralize","Dramatic Entrance","Flash of Steel","Flying Knee","Tactician","Infinite Blades","Sucker Punch","Dagger Throw","Backflip","Heel Hook","Outmaneuver","Acrobatics","Backstab","Deflect+1","Adrenaline","Caltrops+1","Flechettes","Poisoned Stab","Noxious Fumes","Dagger Throw","RitualDagger","Backflip+1","Dagger Spray","Dodge and Roll","Slice"],"relics":["Ring of the Snake","Oddly Smooth Stone","Pen Nib","WristBlade","War Paint","Centennial Puzzle","Juzu Bracelet","Bag of Preparation","Sundial","Red Mask"],"potions_floor_usage":[6,12,16,16,21,23,25,31,33],"damage_taken":[{"damage":0,"enemies":"Small Slimes","floor":1,"turns":2},{"damage":1,"enemies":"Cultist","floor":4,"turns":4},{"damage":0,"enemies":"Jaw Worm","floor":5,"turns":4},{"damage":21,"enemies":"Gremlin Nob","floor":6,"turns":5},{"damage":0,"enemies":"3 Louse","floor":7,"turns":2},{"damage":7,"enemies":"Looter","floor":11,"turns":3},{"damage":0,"enemies":"2 Fungi Beasts","floor":12,"turns":2},{"damage":3,"enemies":"Exordium Wildlife","floor":14,"turns":3},{"damage":33,"enemies":"Slime Boss","floor":16,"turns":15},{"damage":5,"enemies":"3 Byrds","floor":18,"turns":6},{"damage":10,"enemies":"2 Thieves","floor":20,"turns":3},{"damage":15,"enemies":"Snake Plant","floor":21,"turns":5},{"damage":14,"enemies":"Slavers","floor":23,"turns":4},{"damage":16,"enemies":"Gremlin Leader","floor":25,"turns":7},{"damage":19,"enemies":"Shelled Parasite and Fungi","floor":27,"turns":4},{"damage":0,"enemies":"Masked Bandits","floor":31,"turns":1},{"damage":57,"enemies":"Champ","floor":33,"turns":9}],"seed_played":"8033205063459626290","potions_obtained":[{"floor":1,"key":"Weak Potion"},{"floor":2,"key":"EssenceOfSteel"},{"floor":2,"key":"Block Potion"},{"floor":2,"key":"SneckoOil"},{"floor":5,"key":"Regen Potion"},{"floor":6,"key":"Poison Potion"},{"floor":16,"key":"AttackPotion"},{"floor":18,"key":"GhostInAJar"},{"floor":23,"key":"Fruit Juice"},{"floor":27,"key":"FearPotion"},{"floor":31,"key":"LiquidBronze"}],"is_trial":false,"path_per_floor":["M","?","$","M","M","E","M","$","T","R","M","M","?","M","R","B",null,"M","$","M","M","?","E","R","E","T","M","R","?","?","?","R","B"],"character_chosen":"THE_SILENT","items_purchased":["Tactician","Infinite Blades","Outmaneuver","War Paint","Flechettes","Poisoned Stab"],"campfire_rested":5,"item_purchase_floors":[3,3,8,19,19,19],"current_hp_per_floor":[49,49,49,48,48,36,36,36,36,57,50,50,50,47,68,35,70,65,65,55,40,34,20,41,30,30,11,33,33,33,33,55,0],"gold":209,"neow_bonus":"RANDOM_COLORLESS_2","is_prod":false,"is_daily":false,"chose_seed":false,"campfire_upgraded":0,"win_rate":0.0,"timestamp":1547516322,"path_taken":["M","?","$","M","M","E","M","$","T","R","?","M","?","M","R","BOSS","M","$","M","M","?","E","R","E","T","M","R","?","?","?","R","BOSS"],"build_version":"2019-01-10","purchased_purges":0,"victory":false,"max_hp_per_floor":[70,70,70,70,70,70,70,70,70,70,70,70,70,70,70,70,70,70,70,70,70,70,70,70,75,75,75,75,75,75,75,75,75],"card_choices":[{"not_picked":["Dodge and Roll","Endless Agony"],"picked":"Flying Knee","floor":1},{"not_picked":["Catalyst","Deflect"],"picked":"Sucker Punch","floor":4},{"not_picked":["Poisoned Stab","Dagger Spray"],"picked":"Dagger Throw","floor":5},{"not_picked":["Burst","Doppelganger"],"picked":"Backflip","floor":6},{"not_picked":["Reflex","Catalyst"],"picked":"Heel Hook","floor":7},{"not_picked":["Dagger Spray","PiercingWail"],"picked":"Acrobatics","floor":11},{"not_picked":["Outmaneuver","Bane"],"picked":"Backstab","floor":12},{"not_picked":["Choke","Flying Knee"],"picked":"Deflect","floor":14},{"not_picked":["Glass Knife","Venomology"],"picked":"Adrenaline","floor":16},{"not_picked":["Crippling Poison","Predator+1"],"picked":"Caltrops+1","floor":18},{"not_picked":["PiercingWail","Backflip"],"picked":"Noxious Fumes","floor":20},{"not_picked":["Deadly Poison","Catalyst"],"picked":"Dagger Throw","floor":21},{"not_picked":["Wraith Form v2","Outmaneuver"],"picked":"Backflip+1","floor":23},{"not_picked":["After Image","Underhanded Strike+1"],"picked":"Dagger Spray","floor":25},{"not_picked":["PiercingWail","Bouncing Flask"],"picked":"Dodge and Roll","floor":27},{"not_picked":["Flechettes","Infinite Blades"],"picked":"Slice","floor":31}],"player_experience":3910,"relics_obtained":[{"floor":6,"key":"Oddly Smooth Stone"},{"floor":9,"key":"Pen Nib"},{"floor":23,"key":"Centennial Puzzle"},{"floor":25,"key":"Juzu Bracelet"},{"floor":26,"key":"Bag of Preparation"},{"floor":31,"key":"Red Mask"}],"event_choices":[{"damage_healed":0,"gold_gain":0,"player_choice":"Got Potions","damage_taken":0,"max_hp_gain":0,"max_hp_loss":0,"event_name":"Lab","floor":2,"gold_loss":0},{"damage_healed":0,"gold_gain":55,"player_choice":"Gained Gold","damage_taken":0,"max_hp_gain":0,"max_hp_loss":0,"event_name":"Golden Wing","floor":13,"gold_loss":0},{"damage_healed":0,"gold_gain":0,"player_choice":"Joined the Cult","damage_taken":6,"max_hp_gain":0,"max_hp_loss":0,"event_name":"Nest","floor":22,"gold_loss":0,"cards_obtained":["RitualDagger"]},{"damage_healed":0,"gold_gain":0,"player_choice":"Simplicity","damage_taken":0,"max_hp_gain":0,"max_hp_loss":0,"event_name":"Back to Basics","floor":29,"gold_loss":0,"cards_upgraded":["Defend_G","Defend_G","Defend_G","Defend_G","Strike_G","Strike_G","Strike_G","Strike_G","Strike_G"]},{"damage_healed":0,"gold_gain":0,"player_choice":"Opened","damage_taken":0,"relics_obtained":["Sundial"],"max_hp_gain":0,"max_hp_loss":0,"event_name":"The Mausoleum","floor":30,"gold_loss":0},{"damage_healed":0,"gold_gain":0,"player_choice":"Fought Bandits","damage_taken":0,"max_hp_gain":0,"max_hp_loss":0,"event_name":"Masked Bandits","floor":31,"gold_loss":0}],"is_beta":false,"boss_relics":[{"not_picked":["Coffee Dripper","Velvet Choker"],"picked":"WristBlade"}],"items_purged_floors":[],"is_endless":false,"potions_floor_spawned":[1,5,6,16,18,23,27,31],"killed_by":"Champ","ascension_level":0}