{"gold_per_floor":[114,114,20,20,35,35,35,50,125,140,190,40,40,55,55,155,155,170,20,20,35,50,50,80,80,105,135,150,150,165,180,180,280,330,345,325,340,66,166,166,16,16,41,56,56,56,71,86,86,86],"floor_reached":51,"playtime":2126,"items_purged":[],"score":727,"play_id":"7837df40-8fc1-4d51-825c-004435446f36","local_time":"20190131001353","daily_mods":["Draft","Diverse","Terminal"],"is_ascension_mode":false,"campfire_choices":[{"data":"Finesse","floor":6,"key":"SMITH"},{"floor":15,"key":"REST"},{"floor":23,"key":"REST"},{"data":"Blur","floor":25,"key":"SMITH"},{"floor":32,"key":"REST"},{"data":"Venomology","floor":40,"key":"SMITH"},{"data":"Defragment","floor":42,"key":"SMITH"},{"data":"Hologram","floor":45,"key":"SMITH"},{"data":"Catalyst","floor":49,"key":"SMITH"}],"neow_cost":"","seed_source_timestamp":1219519580208340,"circlet_count":0,"master_deck":["Disarm","Infinite Blades","Noxious Fumes","PiercingWail","Blade Dance+1","Cloak And Dagger","Cold Snap","Deadly Poison","Sucker Punch","Bane","Cloak And Dagger","Accuracy","Cloak And Dagger+1","Terror","Finesse+1","Poisoned Stab","Catalyst+1","Leap","Immolate+1","Blur+1","Dagger Spray+1","Dodge and Roll+1","Demon Form","Shrug It Off","Cold Snap+1","Distraction+1","Body Slam+1","Hologram+1","Venomology+1","Backstab+1","Malaise","Disarm+1","Defragment+1","Ball Lightning+1","Go for the Eyes+1"],"special_seed":17927,"relics":["Cracked Core","Meat on the Bone","Molten Egg 2","Dream Catcher","Nuclear Battery","Potion Belt","Centennial Puzzle","Pen Nib","DataDisk","Tiny House","Runic Capacitor","Mango","Bronze Scales","Smiling Mask","Bird Faced Urn"],"potions_floor_usage":[14,16,24,24,33,33,33,33,37,39,39,48,50,50,50,50,50,50,50,50,50,50,50],"damage_taken":[{"damage":0,"enemies":"Jaw Worm","floor":1,"turns":3},{"damage":0,"enemies":"Cultist","floor":5,"turns":4},{"damage":1,"enemies":"Small Slimes","floor":8,"turns":2},{"damage":0,"enemies":"Looter","floor":10,"turns":2},{"damage":0,"enemies":"Gremlin Gang","floor":14,"turns":4},{"damage":24,"enemies":"Slime Boss","floor":16,"turns":5},{"damage":15,"enemies":"2 Thieves","floor":18,"turns":4},{"damage":0,"enemies":"Shell Parasite","floor":21,"turns":3},{"damage":0,"enemies":"Centurion and Healer","floor":22,"turns":6},{"damage":0,"enemies":"Book of Stabbing","floor":24,"turns":5},{"damage":20,"enemies":"Slavers","floor":27,"turns":5},{"damage":3,"enemies":"Sentry and Sphere","floor":28,"turns":3},{"damage":0,"enemies":"Cultist and Chosen","floor":30,"turns":3},{"damage":7,"enemies":"Centurion and Healer","floor":31,"turns":5},{"damage":1,"enemies":"Automaton","floor":33,"turns":8},{"damage":0,"enemies":"Orb Walker","floor":35,"turns":3},{"damage":0,"enemies":"3 Darklings","floor":37,"turns":4},{"damage":0,"enemies":"Mind Bloom Boss Battle","floor":39,"turns":6},{"damage":0,"enemies":"Sphere and 2 Shapes","floor":44,"turns":6},{"damage":0,"enemies":"Maw","floor":47,"turns":7},{"damage":0,"enemies":"Writhing Mass","floor":48,"turns":6},{"damage":1,"enemies":"Awakened One","floor":50,"turns":8}],"seed_played":"1719304631374948551","potions_obtained":[{"floor":1,"key":"EssenceOfSteel"},{"floor":10,"key":"Fire Potion"},{"floor":14,"key":"FocusPotion"},{"floor":16,"key":"FocusPotion"},{"floor":18,"key":"AttackPotion"},{"floor":22,"key":"Dexterity Potion"},{"floor":30,"key":"AttackPotion"},{"floor":31,"key":"Weak Potion"},{"floor":33,"key":"Swift Potion"},{"floor":34,"key":"Ancient Potion"},{"floor":36,"key":"EntropicBrew"},{"floor":37,"key":"FearPotion"},{"floor":48,"key":"Swift Potion"}],"is_trial":false,"path_per_floor":["M","?","$","T","M","R","$","M","T","M","T","$","?","M","R","B",null,"M","$","?","M","M","R","E","R","T","E","M","?","M","M","R","B",null,"M","?","M","$","?","R","$","R","T","M","R","T","M","M","R","B",null],"character_chosen":"DEFECT","items_purchased":["Finesse","Immolate+1","Blur","Potion Belt","Defragment","Runic Capacitor","Bronze Scales"],"campfire_rested":3,"item_purchase_floors":[3,12,12,19,38,38,41],"current_hp_per_floor":[73,72,71,70,69,68,67,66,65,64,63,62,50,50,59,35,57,42,42,42,42,42,51,50,49,48,28,25,25,25,30,42,41,45,44,43,42,41,54,53,52,51,50,49,48,47,46,45,44,43],"gold":86,"neow_bonus":"","is_prod":false,"is_daily":true,"chose_seed":false,"campfire_upgraded":6,"win_rate":0,"timestamp":1548911633,"path_taken":["M","?","$","?","?","R","?","M","T","M","?","$","?","M","R","BOSS","M","$","?","M","?","R","E","R","T","E","M","?","M","M","R","BOSS","M","?","?","$","?","R","$","R","T","M","R","?","M","M","R","BOSS"],"build_version":"2019-01-23","purchased_purges":0,"victory":true,"max_hp_per_floor":[73,72,71,70,69,68,67,66,65,64,63,62,61,60,59,58,57,56,55,54,53,52,51,50,49,48,47,46,45,44,43,42,41,45,44,43,42,41,54,53,52,51,50,49,48,47,46,45,44,43],"card_choices":[{"not_picked":["Flying Knee","Acrobatics"],"picked":"Disarm","floor":0},{"not_picked":["Sucker Punch","Predator"],"picked":"Infinite Blades","floor":0},{"not_picked":["Headbutt","Endless Agony"],"picked":"Noxious Fumes","floor":0},{"not_picked":["Corruption","Flex"],"picked":"PiercingWail","floor":0},{"not_picked":["Clothesline","Intimidate"],"picked":"Blade Dance","floor":0},{"not_picked":["Go for the Eyes","Stack"],"picked":"Cloak And Dagger","floor":0},{"not_picked":["Heavy Blade","Darkness"],"picked":"Cold Snap","floor":0},{"not_picked":["Sweeping Beam","Clothesline"],"picked":"Deadly Poison","floor":0},{"not_picked":["Headbutt","Reflex"],"picked":"Scrape","floor":0},{"not_picked":["Armaments","Flex"],"picked":"Dagger Spray","floor":0},{"not_picked":["Steam Power","Havoc"],"picked":"Sucker Punch","floor":0},{"not_picked":["Burning Pact","Steam"],"picked":"Bane","floor":0},{"not_picked":["Rupture","Spot Weakness"],"picked":"Cloak And Dagger","floor":0},{"not_picked":["Dodge and Roll","Power Through"],"picked":"Accuracy","floor":0},{"not_picked":["Sucker Punch","Clash"],"picked":"Cloak And Dagger","floor":0},{"not_picked":["Blade Dance","Prepared"],"picked":"Terror","floor":1},{"not_picked":["Twin Strike","Sucker Punch"],"picked":"Poisoned Stab","floor":5},{"not_picked":["Battle Trance","Slice"],"picked":"Catalyst","floor":8},{"not_picked":["Grand Finale+1","Intimidate"],"picked":"Leap","floor":10},{"not_picked":["Streamline+1","Chaos"],"picked":"Dagger Spray+1","floor":14},{"not_picked":["Tactician","Warcry"],"picked":"Dodge and Roll","floor":15},{"not_picked":["Wraith Form v2","Thunder Strike+1"],"picked":"Demon Form","floor":16},{"not_picked":["Entrench","Armaments"],"picked":"Shrug It Off","floor":18},{"not_picked":["Armaments","Sweeping Beam+1","Heel Hook+1"],"picked":"SKIP","floor":21},{"not_picked":["Steam","Streamline+1"],"picked":"Cold Snap+1","floor":22},{"not_picked":["Flying Knee+1","Stack"],"picked":"Distraction+1","floor":24},{"not_picked":["Lockon+1","Auto Shields"],"picked":"Body Slam+1","floor":27},{"not_picked":["Outmaneuver","Leap+1","Dagger Spray+1"],"picked":"SKIP","floor":28},{"not_picked":["Underhanded Strike+1","Leap+1"],"picked":"Hologram","floor":30},{"not_picked":["Cleave+1","Acrobatics"],"picked":"Venomology","floor":31},{"not_picked":["Dagger Throw+1","Terror"],"picked":"Backstab+1","floor":32},{"not_picked":["Thunder Strike+1","Phantasmal Killer"],"picked":"Malaise","floor":33},{"not_picked":["Caltrops","Predator+1"],"picked":"Disarm+1","floor":34},{"not_picked":["Dual Wield+1","Gash+1","Flex+1"],"picked":"SKIP","floor":35},{"not_picked":["True Grit+1","Cloak And Dagger","Storm+1"],"picked":"SKIP","floor":37},{"not_picked":["Iron Wave+1","Fire Breathing"],"picked":"Ball Lightning+1","floor":39},{"not_picked":["Tempest+1","Thunderclap+1"],"picked":"Go for the Eyes+1","floor":44},{"not_picked":["Rampage+1","Reinforced Body+1","Prepared+1"],"picked":"SKIP","floor":47},{"not_picked":["Masterful Stab+1","Feel No Pain+1","Unload+1"],"picked":"SKIP","floor":48}],"player_experience":283875,"relics_obtained":[{"floor":4,"key":"Meat on the Bone"},{"floor":9,"key":"Molten Egg 2"},{"floor":11,"key":"Dream Catcher"},{"floor":24,"key":"Centennial Puzzle"},{"floor":26,"key":"Pen Nib"},{"floor":27,"key":"DataDisk"},{"floor":39,"key":"Mango"},{"floor":43,"key":"Smiling Mask"},{"floor":46,"key":"Bird Faced Urn"}],"event_choices":[{"cards_removed":["Scrape"],"damage_healed":0,"gold_gain":0,"player_choice":"Purged","damage_taken":0,"max_hp_gain":0,"max_hp_loss":0,"event_name":"Purifier","floor":2,"gold_loss":0},{"damage_healed":0,"gold_gain":0,"player_choice":"Entered Light","damage_taken":12,"max_hp_gain":0,"max_hp_loss":0,"event_name":"Shining Light","floor":13,"gold_loss":0,"cards_upgraded":["Blade Dance","Cloak And Dagger"]},{"damage_healed":0,"gold_gain":0,"cards_transformed":["Dagger Spray"],"player_choice":"Transformed","damage_taken":0,"max_hp_gain":0,"max_hp_loss":0,"event_name":"Transmorgrifier","floor":20,"gold_loss":0,"cards_obtained":["Chaos"]},{"cards_removed":["Chaos"],"damage_healed":0,"gold_gain":0,"player_choice":"Elegance","damage_taken":0,"max_hp_gain":0,"max_hp_loss":0,"event_name":"Back to Basics","floor":29,"gold_loss":0},{"damage_healed":0,"gold_gain":0,"player_choice":"Bought 1 Potion","damage_taken":0,"max_hp_gain":0,"max_hp_loss":0,"event_name":"The Woman in Blue","floor":36,"gold_loss":0},{"damage_healed":0,"gold_gain":0,"player_choice":"Fight","damage_taken":0,"max_hp_gain":0,"max_hp_loss":0,"event_name":"MindBloom","floor":39,"gold_loss":0}],"is_beta":false,"boss_relics":[{"not_picked":["Snecko Eye","Eternal Feather"],"picked":"Nuclear Battery"},{"not_picked":["Fusion Hammer","Astrolabe"],"picked":"Tiny House"}],"items_purged_floors":[],"is_endless":false,"potions_floor_spawned":[1,10,14,16,18,22,30,31,33,37,48],"ascension_level":0}