{"gold_per_floor":[119,200,11,25,100,130,130,147,147,147,161,161,161,161,161,257,257,273,299,312,312],"floor_reached":21,"playtime":558,"items_purged":[],"score":293,"play_id":"f227cb64-9ceb-40bf-a6c8-2c172a0ee2b7","local_time":"20190212102214","is_ascension_mode":true,"campfire_choices":[{"data":"White Noise","floor":7,"key":"SMITH"},{"data":"Zap","floor":10,"key":"SMITH"},{"floor":13,"key":"REST"},{"data":"Hello World","floor":15,"key":"SMITH"}],"neow_cost":"NONE","seed_source_timestamp":200031573746376,"circlet_count":0,"master_deck":["Strike_B","Strike_B","Strike_B","Defend_B","Defend_B","Defend_B","Defend_B","Zap+1","Dualcast","Ball Lightning","Hello World+1","BootSequence","Melter","Sweeping Beam","White Noise+1","Tempest","Go for the Eyes+1","Echo Form","Conserve Battery","Clumsy","Coolheaded"],"relics":["Cracked Core","NeowsBlessing","Tiny Chest","Vajra","Molten Egg 2","Cursed Key","Anchor"],"potions_floor_usage":[16,16,16,18],"damage_taken":[{"damage":0,"enemies":"Cultist","floor":1,"turns":1},{"damage":0,"enemies":"2 Louse","floor":4,"turns":1},{"damage":0,"enemies":"Lagavulin","floor":6,"turns":1},{"damage":2,"enemies":"Jaw Worm","floor":8,"turns":3},{"damage":1,"enemies":"Looter","floor":11,"turns":2},{"damage":18,"enemies":"Hexaghost","floor":16,"turns":10},{"damage":19,"enemies":"3 Byrds","floor":18,"turns":4},{"damage":5,"enemies":"Chosen","floor":20,"turns":4},{"damage":45,"enemies":"Shelled Parasite and Fungi","floor":21,"turns":4}],"seed_played":"2676050019058767587","potions_obtained":[{"floor":6,"key":"FearPotion"},{"floor":8,"key":"Strength Potion"},{"floor":14,"key":"PowerPotion"},{"floor":14,"key":"Dexterity Potion"},{"floor":16,"key":"SneckoOil"}],"is_trial":false,"path_per_floor":["M","T","$","M","?","E","R","M","T","R","M","?","R","?","R","B",null,"M","T","M","M"],"character_chosen":"DEFECT","items_purchased":["Hello World","BootSequence","Melter"],"campfire_rested":1,"item_purchase_floors":[3,3,3],"current_hp_per_floor":[68,68,68,68,57,57,57,55,55,55,54,47,69,69,69,51,69,50,50,45,0],"gold":312,"neow_bonus":"THREE_ENEMY_KILL","is_prod":false,"is_daily":false,"chose_seed":false,"campfire_upgraded":3,"win_rate":0,"timestamp":1549984934,"path_taken":["M","?","$","M","?","E","R","M","T","R","?","?","R","?","R","BOSS","M","?","M","M"],"build_version":"2019-01-23","purchased_purges":0,"victory":false,"max_hp_per_floor":[75,75,75,75,75,75,75,75,75,75,75,75,75,75,75,75,75,75,75,75,75],"card_choices":[{"not_picked":["Sunder","Gash"],"picked":"Ball Lightning","floor":1},{"not_picked":["Steam Power","Scrape"],"picked":"Sweeping Beam","floor":4},{"not_picked":["Undo","Streamline"],"picked":"White Noise","floor":6},{"not_picked":["Hologram","Reprogram"],"picked":"Tempest","floor":8},{"not_picked":["Redo","Beam Cell+1"],"picked":"Go for the Eyes+1","floor":11},{"not_picked":["Hyperbeam+1","Rainbow"],"picked":"Echo Form","floor":16},{"not_picked":["Stack","Beam Cell+1"],"picked":"Conserve Battery","floor":18},{"not_picked":["Conserve Battery","Sweeping Beam+1"],"picked":"Coolheaded","floor":20}],"player_experience":463377,"relics_obtained":[{"floor":2,"key":"Tiny Chest"},{"floor":6,"key":"Vajra"},{"floor":9,"key":"Molten Egg 2"},{"floor":19,"key":"Anchor"}],"event_choices":[{"damage_healed":0,"gold_gain":75,"player_choice":"Gather Gold","damage_taken":11,"max_hp_gain":0,"max_hp_loss":0,"event_name":"World of Goop","floor":5,"gold_loss":0},{"cards_removed":["Strike_B"],"damage_healed":0,"gold_gain":0,"player_choice":"Card Removal","damage_taken":7,"max_hp_gain":0,"max_hp_loss":0,"event_name":"Golden Wing","floor":12,"gold_loss":0},{"damage_healed":0,"gold_gain":0,"player_choice":"Got Potions","damage_taken":0,"max_hp_gain":0,"max_hp_loss":0,"event_name":"Lab","floor":14,"gold_loss":0}],"is_beta":false,"boss_relics":[{"not_picked":["Calling Bell","White Beast Statue"],"picked":"Cursed Key"}],"items_purged_floors":[],"is_endless":false,"potions_floor_spawned":[6,8,16],"killed_by":"Shelled Parasite and Fungi","ascension_level":9}