{"gold_per_floor":[111,111,129,304,304,304,334,353,353,353,387,397,428,442,442,547,547,559,559,559],"floor_reached":20,"playtime":1706,"items_purged":[],"score":239,"play_id":"27ebe450-7580-4356-83a4-f221160ea04c","local_time":"20180727140117","is_ascension_mode":true,"campfire_choices":[{"data":"Armaments","floor":6,"key":"SMITH"},{"floor":10,"key":"REST"},{"data":"Brutality","floor":15,"key":"SMITH"}],"neow_cost":"NONE","seed_source_timestamp":9367024127045,"circlet_count":0,"master_deck":["Strike_R","Strike_R","Strike_R","Strike_R","Strike_R","Defend_R","Defend_R","Defend_R","Defend_R","Bash","Brutality+1","Armaments+1","Doubt","Rage","Berserk","Iron Wave","Berserk","Writhe"],"relics":["Black Blood","Vajra","Spirit Poop","Boot","Letter Opener","Oddly Smooth Stone","Question Card","Regal Pillow"],"potions_floor_usage":[11,13,16,16,20],"damage_taken":[{"damage":2,"enemies":"2 Louse","floor":1,"turns":3},{"damage":15,"enemies":"Jaw Worm","floor":3,"turns":4},{"damage":46,"enemies":"Lagavulin","floor":7,"turns":10},{"damage":0,"enemies":"Cultist","floor":8,"turns":4},{"damage":18,"enemies":"Gremlin Nob","floor":11,"turns":4},{"damage":6,"enemies":"Large Slime","floor":12,"turns":7},{"damage":20,"enemies":"3 Sentries","floor":13,"turns":8},{"damage":8,"enemies":"Blue Slaver","floor":14,"turns":4},{"damage":26,"enemies":"The Guardian","floor":16,"turns":11},{"damage":56,"enemies":"Spheric Guardian","floor":18,"turns":6},{"damage":37,"enemies":"Chosen","floor":20,"turns":6}],"seed_played":"-3346422285321425835","potions_obtained":[{"floor":7,"key":"Weak Potion"},{"floor":8,"key":"Swift Potion"},{"floor":12,"key":"Strength Potion"},{"floor":13,"key":"Explosive Potion"},{"floor":16,"key":"Regen Potion"}],"is_trial":false,"path_per_floor":["M","?","M","?","?","R","E","M","T","R","E","M","E","M","R","B",null,"M","?"],"character_chosen":"IRONCLAD","items_purchased":[],"campfire_rested":1,"item_purchase_floors":[],"current_hp_per_floor":[80,80,71,71,71,71,31,37,37,61,49,49,35,33,33,13,63,17,17,0],"gold":559,"neow_bonus":"ONE_RANDOM_RARE_CARD","is_prod":false,"is_daily":false,"chose_seed":false,"campfire_upgraded":2,"win_rate":0,"timestamp":1532692877,"path_taken":["M","?","M","?","?","R","E","M","T","R","E","M","E","M","R","BOSS","M","?","M"],"build_version":"2018-07-26","purchased_purges":0,"victory":false,"max_hp_per_floor":[80,80,80,80,80,80,80,80,80,80,80,80,80,80,80,80,80,80,80,80],"card_choices":[{"not_picked":["Second Wind","Clash"],"picked":"Armaments","floor":1},{"not_picked":["Armaments","Clothesline","Bloodletting"],"picked":"SKIP","floor":3},{"not_picked":["Disarm","Wild Strike"],"picked":"Rage","floor":7},{"not_picked":["Pommel Strike","Anger"],"picked":"Berserk","floor":8},{"not_picked":["Sever Soul","Armaments","Uppercut"],"picked":"SKIP","floor":11},{"not_picked":["Clash","Sword Boomerang","Armaments"],"picked":"SKIP","floor":12},{"not_picked":["Clash","Thunderclap"],"picked":"Iron Wave","floor":13},{"not_picked":["Entrench","Heavy Blade","Body Slam","Corruption"],"picked":"SKIP","floor":14},{"not_picked":["Immolate","Brutality","Dark Embrace"],"picked":"Berserk","floor":16},{"not_picked":["Feel No Pain","Pommel Strike","Sword Boomerang","Sentinel"],"picked":"SKIP","floor":18}],"player_experience":223243,"relics_obtained":[{"floor":7,"key":"Boot"},{"floor":9,"key":"Letter Opener"},{"floor":11,"key":"Oddly Smooth Stone"},{"floor":13,"key":"Question Card"}],"event_choices":[{"event_name":"Big Fish","player_choice":"Box","floor":2,"damage_taken":0},{"event_name":"Liars Game","player_choice":"agreed","floor":4,"damage_taken":0},{"event_name":"Bonfire Elementals","player_choice":"CURSE","floor":5,"damage_taken":0},{"event_name":"The Mausoleum","player_choice":"Yes","floor":19,"damage_taken":0}],"is_beta":false,"boss_relics":[{"not_picked":["Eternal Feather","Sozu"],"picked":"Black Blood"}],"items_purged_floors":[],"is_endless":false,"potions_floor_spawned":[7,8,12,13,16],"killed_by":"Chosen","ascension_level":5}