{"gold_per_floor":[114,125,138,162,179,206,220,234,310,338,338,366,384,404,404,506,506,516,528,236,236,72,72,92,107,107,140,157,171,198,231,231,332,332,350,28,38,38,38,68,68,93,93,110,140,159,506,525,525,525],"floor_reached":51,"playtime":8947,"items_purged":["Dualcast","Defend_B","Defend_B"],"score":1003,"play_id":"1f008161-4411-4a3f-90fc-c96ca9f43bae","local_time":"20180704230619","is_ascension_mode":false,"campfire_choices":[{"data":"Capacitor","floor":11,"key":"SMITH"},{"data":"Buffer","floor":15,"key":"SMITH"},{"data":"Blizzard","floor":23,"key":"SMITH"},{"data":"Chill","floor":32,"key":"SMITH"},{"data":"Consume","floor":41,"key":"SMITH"},{"data":"Amplify","floor":49,"key":"SMITH"}],"neow_cost":"NONE","seed_source_timestamp":5246981412223,"circlet_count":0,"master_deck":["Strike_B","Strike_B","Strike_B","Strike_B","Defend_B","Zap","Glacier","Self Repair","Cold Snap","Coolheaded","Self Repair","Capacitor+1","Coolheaded","Reboot","Force Field","Barrage","Conserve Battery","Buffer+1","Fission","Redo+1","Double Energy+1","Blizzard+1","Loop","Consume+1","Aggregate+1","Blizzard","Conserve Battery","Chill+1","Amplify+1","Barrage","Blizzard+1","Madness","Madness","BootSequence+1","Loop+1","Skim+1","Heatsinks+1","Redo+1","Hologram+1"],"relics":["Cracked Core","Lantern","Pen Nib","Question Card","Smiling Mask","Letter Opener","Runic Pyramid","Pear","Pantograph","Bag of Preparation","Red Mask","Torii","Nuclear Battery","Mummified Hand","Thread and Needle","Regal Pillow","Bottled Flame","Gremlin Horn","Old Coin"],"potions_floor_usage":[7,10,40],"damage_taken":[{"damage":0,"enemies":"Cultist","floor":1,"turns":4},{"damage":1,"enemies":"2 Louse","floor":2,"turns":2},{"damage":0,"enemies":"Small Slimes","floor":3,"turns":4},{"damage":5,"enemies":"2 Fungi Beasts","floor":5,"turns":4},{"damage":32,"enemies":"Lagavulin","floor":6,"turns":11},{"damage":3,"enemies":"Looter","floor":7,"turns":3},{"damage":6,"enemies":"Exordium Thugs","floor":8,"turns":9},{"damage":17,"enemies":"Gremlin Nob","floor":10,"turns":6},{"damage":0,"enemies":"3 Sentries","floor":12,"turns":13},{"damage":6,"enemies":"Exordium Wildlife","floor":13,"turns":4},{"damage":9,"enemies":"Gremlin Gang","floor":14,"turns":4},{"damage":24,"enemies":"The Guardian","floor":16,"turns":14},{"damage":21,"enemies":"3 Byrds","floor":18,"turns":9},{"damage":0,"enemies":"Chosen","floor":19,"turns":9},{"damage":7,"enemies":"3 Cultists","floor":24,"turns":6},{"damage":0,"enemies":"Cultist and Chosen","floor":25,"turns":8},{"damage":20,"enemies":"Slavers","floor":27,"turns":7},{"damage":10,"enemies":"Snake Plant","floor":28,"turns":7},{"damage":29,"enemies":"3 Cultists","floor":29,"turns":6},{"damage":0,"floor":30,"turns":6},{"damage":1,"enemies":"Book of Stabbing","floor":31,"turns":8},{"damage":0,"enemies":"Champ","floor":33,"turns":14},{"damage":0,"enemies":"3 Shapes","floor":35,"turns":6},{"damage":11,"enemies":"Orb Walker","floor":37,"turns":5},{"damage":0,"enemies":"Nemesis","floor":40,"turns":9},{"damage":0,"enemies":"Giant Head","floor":42,"turns":11},{"damage":0,"enemies":"3 Darklings","floor":44,"turns":5},{"damage":24,"enemies":"2 Orb Walkers","floor":45,"turns":5},{"damage":0,"enemies":"Sphere and 2 Shapes","floor":46,"turns":3},{"damage":0,"floor":47,"turns":5},{"damage":0,"enemies":"4 Shapes","floor":48,"turns":3},{"damage":0,"enemies":"Donu and Deca","floor":50,"turns":8}],"seed_played":"7680532834049494064","potions_obtained":[{"floor":1,"key":"Ancient Potion"},{"floor":6,"key":"Strength Potion"},{"floor":10,"key":"SkillPotion"},{"floor":13,"key":"SteroidPotion"},{"floor":18,"key":"Ancient Potion"},{"floor":19,"key":"Swift Potion"},{"floor":30,"key":"Block Potion"},{"floor":40,"key":"Poison Potion"},{"floor":46,"key":"EssenceOfSteel"}],"is_trial":false,"path_per_floor":["M","M","M","T","M","E","M","M","T","E","R","E","M","M","R","B",null,"M","M","$","?","$","R","M","M","T","E","M","M","?","E","R","B",null,"M","$","M","?","?","E","R","E","T","M","E","M","?","M","R","B"],"character_chosen":"DEFECT","items_purchased":["Pear","Blizzard","Loop","Barrage","Mummified Hand"],"campfire_rested":0,"item_purchase_floors":[20,22,22,36,36],"current_hp_per_floor":[75,74,75,75,70,52,49,57,57,54,54,68,75,73,73,63,75,68,75,85,85,85,85,85,85,85,79,83,68,82,85,85,85,85,85,85,85,85,74,85,85,85,85,85,75,85,85,85,85,85],"gold":525,"neow_bonus":"THREE_CARDS","is_prod":false,"is_daily":false,"chose_seed":false,"campfire_upgraded":6,"win_rate":0.0,"timestamp":1530738379,"path_taken":["M","M","M","?","M","E","M","M","T","E","R","E","M","M","R","BOSS","M","M","$","?","$","R","M","M","T","E","M","M","?","E","R","BOSS","M","$","M","?","?","E","R","E","T","M","E","?","?","?","R","BOSS"],"build_version":"2018-06-28","purchased_purges":3,"victory":true,"max_hp_per_floor":[75,75,75,75,75,75,75,75,75,75,75,75,75,75,75,75,75,75,75,85,85,85,85,85,85,85,85,85,85,85,85,85,85,85,85,85,85,85,85,85,85,85,85,85,85,85,85,85,85,85],"card_choices":[{"not_picked":["Aggregate","Lockon"],"picked":"Glacier","floor":0},{"not_picked":["Stack","Hologram"],"picked":"Self Repair","floor":1},{"not_picked":["Doom and Gloom","Gash"],"picked":"Cold Snap","floor":2},{"not_picked":["Redo","Sweeping Beam"],"picked":"Coolheaded","floor":3},{"not_picked":["Coolheaded","Ball Lightning"],"picked":"Self Repair","floor":5},{"not_picked":["Cold Snap","Beam Cell"],"picked":"Capacitor","floor":6},{"not_picked":["Chaos","Compile Driver"],"picked":"Coolheaded","floor":7},{"not_picked":["Steam","Reinforced Body"],"picked":"Reboot","floor":8},{"not_picked":["Lockon","Ball Lightning","Chaos"],"picked":"Force Field","floor":10},{"not_picked":["Rip and Tear","Skim","Ball Lightning"],"picked":"Barrage","floor":12},{"not_picked":["Streamline","White Noise","Barrage"],"picked":"Conserve Battery","floor":13},{"not_picked":["Cold Snap","Conserve Battery","Melter"],"picked":"Buffer","floor":14},{"not_picked":["Amplify","Machine Learning","Thunder Strike"],"picked":"Fission","floor":16},{"not_picked":["Melter","Ball Lightning","Rip and Tear"],"picked":"Redo+1","floor":18},{"not_picked":["Doom and Gloom","Go for the Eyes+1","Streamline"],"picked":"Double Energy+1","floor":19},{"not_picked":["Coolheaded+1","Hologram+1","Leap"],"picked":"Consume","floor":24},{"not_picked":["Sweeping Beam+1","Redo","Cold Snap","Compile Driver"],"picked":"SKIP","floor":25},{"not_picked":["Coolheaded","FTL","Heatsinks"],"picked":"Aggregate+1","floor":27},{"not_picked":["Rainbow","Rip and Tear+1","Leap"],"picked":"Blizzard","floor":28},{"not_picked":["Scrape","Doom and Gloom","Beam Cell","Storm"],"picked":"SKIP","floor":29},{"not_picked":["Doom and Gloom+1","Stack","Redo"],"picked":"Conserve Battery","floor":30},{"not_picked":["Cold Snap+1","Lockon","Beam Cell"],"picked":"Chill","floor":31},{"not_picked":["Creative AI","Rainbow","Thunder Strike"],"picked":"Amplify","floor":33},{"not_picked":["Lockon","Stack+1","Hologram","Steam"],"picked":"SKIP","floor":35},{"not_picked":["Darkness+1","Sweeping Beam+1","Go for the Eyes+1"],"picked":"Blizzard+1","floor":37},{"not_picked":["Double Energy","All For One","Tempest+1"],"picked":"BootSequence+1","floor":40},{"not_picked":["Force Field","Reprogram","Barrage+1"],"picked":"Loop+1","floor":42},{"not_picked":["Leap","Cold Snap+1","Stack+1","Compile Driver"],"picked":"SKIP","floor":44},{"not_picked":["Stack","Beam Cell+1","Thunder Strike"],"picked":"Skim+1","floor":45},{"not_picked":["Glacier","Stack+1","Go for the Eyes+1"],"picked":"Heatsinks+1","floor":46},{"not_picked":["Auto Shields+1","Steam Power+1","Compile Driver+1"],"picked":"Redo+1","floor":47},{"not_picked":["Beam Cell","Steam","Fission"],"picked":"Hologram+1","floor":48}],"player_experience":49721,"relics_obtained":[{"floor":4,"key":"Lantern"},{"floor":6,"key":"Pen Nib"},{"floor":9,"key":"Question Card"},{"floor":10,"key":"Smiling Mask"},{"floor":12,"key":"Letter Opener"},{"floor":26,"key":"Pantograph"},{"floor":27,"key":"Bag of Preparation"},{"floor":30,"key":"Red Mask"},{"floor":31,"key":"Torii"},{"floor":40,"key":"Thread and Needle"},{"floor":42,"key":"Regal Pillow"},{"floor":43,"key":"Bottled Flame"},{"floor":45,"key":"Gremlin Horn"},{"floor":47,"key":"Old Coin"}],"event_choices":[{"event_name":"Vampires","player_choice":"Ignored","floor":21,"damage_taken":0},{"event_name":"Masked Bandits","player_choice":"Fought over 171 gold","floor":30,"damage_taken":0},{"event_name":"Purifier","player_choice":"One Purge","floor":38,"damage_taken":0},{"event_name":"Winding Halls","player_choice":"Embrace Madness","floor":39,"damage_taken":0},{"event_name":"Mysterious Sphere","player_choice":"Fight","floor":47,"damage_taken":0}],"boss_relics":[{"not_picked":["Philosopher\u0027s Stone","Orrery"],"picked":"Runic Pyramid"},{"not_picked":["Fusion Hammer","Black Star"],"picked":"Nuclear Battery"}],"items_purged_floors":[20,22,36],"is_endless":false,"potions_floor_spawned":[1,6,10,13,18,19,27,30,35,40,44,46,47,48],"ascension_level":0}