{"gold_per_floor":[114,68,23,34,46,46,76,76,76,76,90,90,100,116,116,116],"floor_reached":16,"playtime":626,"items_purged":[],"score":158,"play_id":"16bb2452-8b23-4058-8ff5-0b6456a9a6ac","local_time":"20190213143600","is_ascension_mode":true,"campfire_choices":[{"data":"White Noise","floor":6,"key":"SMITH"},{"floor":8,"key":"REST"},{"floor":12,"key":"REST"},{"data":"Conserve Battery","floor":15,"key":"SMITH"}],"neow_cost":"NONE","seed_source_timestamp":301595057026266,"circlet_count":0,"master_deck":["AscendersBane","Strike_B","Strike_B","Strike_B","Strike_B","Defend_B","Defend_B","Defend_B","Defend_B","Zap","Dualcast","Purity","Cold Snap","Conserve Battery+1","Steam","Cold Snap","White Noise+1","Fusion+1","Undo","BootSequence"],"relics":["Cracked Core","Ornamental Fan","Darkstone Periapt"],"potions_floor_usage":[14,16],"damage_taken":[{"damage":0,"enemies":"Cultist","floor":1,"turns":3},{"damage":0,"enemies":"Jaw Worm","floor":4,"turns":4},{"damage":5,"enemies":"2 Louse","floor":5,"turns":3},{"damage":21,"enemies":"3 Sentries","floor":7,"turns":11},{"damage":17,"enemies":"Exordium Wildlife","floor":11,"turns":7},{"damage":3,"enemies":"Blue Slaver","floor":13,"turns":3},{"damage":0,"enemies":"Gremlin Gang","floor":14,"turns":5},{"damage":66,"enemies":"The Guardian","floor":16,"turns":21}],"seed_played":"-3218632673032863127","potions_obtained":[{"floor":11,"key":"Fire Potion"},{"floor":13,"key":"Swift Potion"}],"is_trial":false,"path_per_floor":["M","$","$","M","M","R","E","R","T","?","M","R","M","M","R","B"],"character_chosen":"DEFECT","items_purchased":["Conserve Battery","Steam"],"campfire_rested":2,"item_purchase_floors":[2,3],"current_hp_per_floor":[68,68,68,68,63,63,42,64,64,64,47,69,66,66,66,0],"gold":116,"neow_bonus":"RANDOM_COLORLESS","is_prod":false,"is_daily":false,"chose_seed":false,"campfire_upgraded":2,"win_rate":0,"timestamp":1550086560,"path_taken":["M","?","$","M","M","R","E","R","T","?","M","R","?","M","R","BOSS"],"build_version":"2019-01-23","purchased_purges":0,"victory":false,"max_hp_per_floor":[75,75,75,75,75,75,75,75,75,75,75,75,75,75,75,75],"card_choices":[{"not_picked":["Streamline","Go for the Eyes"],"picked":"Cold Snap","floor":1},{"not_picked":["Coolheaded","Sweeping Beam"],"picked":"Cold Snap","floor":4},{"not_picked":["Steam","Sweeping Beam"],"picked":"White Noise","floor":5},{"not_picked":["Biased Cognition","Recycle"],"picked":"Fusion","floor":7},{"not_picked":["Sweeping Beam","Redo","Genetic Algorithm"],"picked":"SKIP","floor":11},{"not_picked":["Barrage","Steam"],"picked":"Undo","floor":13},{"not_picked":["Hologram","Ball Lightning"],"picked":"BootSequence","floor":14}],"player_experience":483105,"relics_obtained":[{"floor":7,"key":"Ornamental Fan"},{"floor":9,"key":"Darkstone Periapt"}],"event_choices":[{"damage_healed":0,"gold_gain":0,"player_choice":"Upgraded","damage_taken":0,"max_hp_gain":0,"max_hp_loss":0,"event_name":"Upgrade Shrine","floor":10,"gold_loss":0,"cards_upgraded":["Fusion"]}],"is_beta":false,"boss_relics":[],"items_purged_floors":[],"is_endless":false,"potions_floor_spawned":[11,13],"killed_by":"The Guardian","ascension_level":11}