{"gold_per_floor":[114,114,126,126,139,139,139,139,165,209,209,209,209,245,245,366,366,379,379,393,393,393],"floor_reached":22,"playtime":915,"items_purged":[],"score":304,"play_id":"fa7a62dc-1259-4a2f-a9a5-d8e7c50c4bc9","local_time":"20190218173535","is_ascension_mode":true,"campfire_choices":[{"data":"Bash","floor":6,"key":"SMITH"},{"floor":8,"key":"REST"},{"data":"Blood for Blood","floor":11,"key":"SMITH"},{"floor":15,"key":"REST"}],"neow_cost":"NONE","seed_source_timestamp":338985099672700,"circlet_count":0,"master_deck":["AscendersBane","Strike_R","Strike_R","Strike_R+1","Strike_R","Defend_R","Defend_R+1","Defend_R","Defend_R","Bash+1","Headbutt","Metallicize","Reckless Charge","Blood for Blood+1","Whirlwind","Juggernaut"],"relics":["Burning Blood","Juzu Bracelet","Golden Idol","Dream Catcher","Pantograph","Regal Pillow","Kunai","Fusion Hammer"],"potions_floor_usage":[14,14,22,22],"damage_taken":[{"damage":8,"enemies":"2 Louse","floor":1,"turns":4},{"damage":2,"enemies":"Jaw Worm","floor":3,"turns":4},{"damage":0,"enemies":"Small Slimes","floor":5,"turns":3},{"damage":19,"enemies":"3 Sentries","floor":10,"turns":11},{"damage":6,"enemies":"Lagavulin","floor":14,"turns":5},{"damage":59,"enemies":"Hexaghost","floor":16,"turns":10},{"damage":15,"enemies":"Spheric Guardian","floor":18,"turns":4},{"damage":20,"enemies":"2 Thieves","floor":20,"turns":4},{"damage":52,"enemies":"Centurion and Healer","floor":22,"turns":3}],"seed_played":"-5451979860171846412","potions_obtained":[{"floor":5,"key":"Weak Potion"},{"floor":10,"key":"Strength Potion"},{"floor":16,"key":"Explosive Potion"},{"floor":18,"key":"Fire Potion"}],"is_trial":false,"path_per_floor":["M","?","M","?","M","R","?","R","T","E","R","?","?","E","R","B",null,"M","?","M","?","M"],"character_chosen":"IRONCLAD","items_purchased":[],"campfire_rested":2,"item_purchase_floors":[],"current_hp_per_floor":[70,54,58,51,57,57,37,61,61,48,48,30,30,30,69,27,67,58,58,44,44,0],"gold":393,"neow_bonus":"RANDOM_COMMON_RELIC","is_prod":false,"is_daily":false,"chose_seed":false,"campfire_upgraded":2,"win_rate":0,"timestamp":1550482535,"path_taken":["M","?","M","?","M","R","?","R","T","E","R","?","?","E","R","BOSS","M","?","M","?","M"],"build_version":"2019-01-23","purchased_purges":0,"victory":false,"max_hp_per_floor":[80,80,80,80,80,80,80,80,80,80,80,80,80,80,80,80,80,80,80,80,80,80],"card_choices":[{"not_picked":["Twin Strike","Intimidate"],"picked":"Headbutt","floor":1},{"not_picked":["Clash","Iron Wave"],"picked":"Metallicize","floor":3},{"not_picked":["Anger","Warcry"],"picked":"Reckless Charge","floor":5},{"not_picked":["Hemokinesis","Dropkick"],"picked":"Blood for Blood","floor":10},{"not_picked":["Feed","Feel No Pain"],"picked":"Whirlwind","floor":14},{"not_picked":["Feed","Dark Embrace"],"picked":"Juggernaut","floor":16},{"not_picked":["Whirlwind","Hemokinesis","Anger"],"picked":"SKIP","floor":18},{"not_picked":["Havoc","Feel No Pain+1","Intimidate"],"picked":"SKIP","floor":20}],"player_experience":384355,"relics_obtained":[{"floor":9,"key":"Dream Catcher"},{"floor":10,"key":"Pantograph"},{"floor":14,"key":"Kunai"}],"event_choices":[{"damage_healed":0,"gold_gain":0,"player_choice":"Entered Light","damage_taken":16,"max_hp_gain":0,"max_hp_loss":0,"event_name":"Shining Light","floor":2,"gold_loss":0,"cards_upgraded":["Strike_R","Defend_R"]},{"cards_removed":["Strike_R"],"damage_healed":0,"gold_gain":0,"player_choice":"Card Removal","damage_taken":7,"max_hp_gain":0,"max_hp_loss":0,"event_name":"Golden Wing","floor":4,"gold_loss":0},{"damage_healed":0,"gold_gain":0,"player_choice":"Take Damage","damage_taken":20,"relics_obtained":["Golden Idol"],"max_hp_gain":0,"max_hp_loss":0,"event_name":"Golden Idol","floor":7,"gold_loss":0},{"damage_healed":0,"gold_gain":0,"player_choice":"Success","damage_taken":18,"relics_obtained":["Regal Pillow"],"max_hp_gain":0,"max_hp_loss":0,"event_name":"Scrap Ooze","floor":12,"gold_loss":0},{"damage_healed":0,"gold_gain":0,"player_choice":"Searched \u00270\u0027 times","damage_taken":0,"max_hp_gain":0,"max_hp_loss":0,"event_name":"Dead Adventurer","floor":13,"gold_loss":0},{"damage_healed":0,"gold_gain":0,"player_choice":"Ignored","damage_taken":0,"max_hp_gain":0,"max_hp_loss":0,"event_name":"The Mausoleum","floor":19,"gold_loss":0},{"damage_healed":0,"gold_gain":0,"player_choice":"Leave","damage_taken":0,"max_hp_gain":0,"max_hp_loss":0,"event_name":"FaceTrader","floor":21,"gold_loss":0}],"is_beta":false,"boss_relics":[{"not_picked":["Orrery","Eternal Feather"],"picked":"Fusion Hammer"}],"items_purged_floors":[],"is_endless":false,"potions_floor_spawned":[5,10,16,18],"killed_by":"Centurion and Healer","ascension_level":12}