{"gold_per_floor":[112,132,132,146,166,196,196,221,246,257,268,281,281,281,281,382,382,399,399,399,415,690,96,96,7,7,39,39,56,85,85,85,185,185,201,201,213,213,213,242,242,257,257,267,267,297,308,341,341,341],"floor_reached":51,"playtime":4301,"items_purged":["Regret"],"score":1345,"play_id":"dbc95a1a-f911-4732-b568-77e755ea34e7","local_time":"20180921183550","is_ascension_mode":true,"campfire_choices":[{"data":"1","floor":7,"key":"LIFT"},{"data":"2","floor":13,"key":"LIFT"},{"data":"3","floor":15,"key":"LIFT"},{"data":"Blur","floor":24,"key":"SMITH"},{"data":"Caltrops","floor":28,"key":"SMITH"},{"data":"Caltrops","floor":32,"key":"SMITH"},{"data":"Footwork","floor":41,"key":"SMITH"},{"data":"Footwork","floor":45,"key":"SMITH"},{"data":"Glass Knife","floor":49,"key":"SMITH"}],"neow_cost":"NONE","seed_source_timestamp":3428632732727,"circlet_count":0,"master_deck":["Defend_G","Defend_G","Defend_G","Defend_G","Strike_G","Strike_G","Strike_G","Strike_G+1","Survivor+1","Neutralize","AscendersBane","Predator","Backstab","Caltrops+1","Blur+1","Finisher+1","Endless Agony","Glass Knife","Footwork+1","Acrobatics","RitualDagger","Caltrops+1","Good Instincts+1","Acrobatics+1","Acrobatics+1","Footwork+1","Glass Knife+1","Dodge and Roll","RitualDagger","Tools of the Trade","Deflect","Outmaneuver","Leg Sweep","Caltrops+1","Quick Slash+1"],"special_seed":0,"relics":["Eternal Feather","Girya","Whetstone","Bronze Scales","Potion Belt","Coffee Dripper","Spirit Poop","Shuriken","Lee\u0027s Waffle","Nunchaku","Bird Faced Urn","War Paint","Philosopher\u0027s Stone","Dodecahedron","Frozen Egg 2","Mango","Anchor"],"potions_floor_usage":[6,16,16,27,33,37,37,40,40,50,50,50],"damage_taken":[{"damage":6.0,"enemies":"Small Slimes","floor":1.0,"turns":4.0},{"damage":0,"enemies":"Cultist","floor":2,"turns":4},{"damage":2,"enemies":"2 Louse","floor":4,"turns":3},{"damage":3,"enemies":"Exordium Thugs","floor":5,"turns":4},{"damage":16,"enemies":"Gremlin Nob","floor":6,"turns":5},{"damage":12,"enemies":"3 Sentries","floor":8,"turns":11},{"damage":12,"enemies":"Lots of Slimes","floor":10,"turns":3},{"damage":7,"enemies":"Exordium Wildlife","floor":11,"turns":3},{"damage":0,"enemies":"Blue Slaver","floor":12,"turns":3},{"damage":7,"enemies":"The Guardian","floor":16,"turns":10},{"damage":15,"enemies":"Chosen","floor":18,"turns":3},{"damage":20,"enemies":"3 Byrds","floor":21,"turns":3},{"damage":15,"enemies":"Slavers","floor":27,"turns":5},{"damage":17,"enemies":"Cultist and Chosen","floor":29,"turns":5},{"damage":22,"enemies":"Book of Stabbing","floor":30,"turns":3},{"damage":40,"enemies":"Collector","floor":33,"turns":12},{"damage":34,"enemies":"3 Darklings","floor":35,"turns":4},{"damage":6,"enemies":"3 Shapes","floor":37,"turns":4},{"damage":36,"enemies":"Giant Head","floor":40,"turns":9},{"damage":0,"enemies":"Reptomancer","floor":42,"turns":7},{"damage":0,"enemies":"4 Shapes","floor":44,"turns":4},{"damage":6,"enemies":"Nemesis","floor":46,"turns":7},{"damage":0,"enemies":"Sphere and 2 Shapes","floor":47,"turns":5},{"damage":0,"enemies":"Giant Head","floor":48,"turns":8},{"damage":23,"enemies":"Donu and Deca","floor":50,"turns":11}],"seed_played":"3183480268846131896","potions_obtained":[{"floor":2,"key":"SpeedPotion"},{"floor":5,"key":"Weak Potion"},{"floor":6,"key":"SpeedPotion"},{"floor":10,"key":"Block Potion"},{"floor":18,"key":"SpeedPotion"},{"floor":21,"key":"FearPotion"},{"floor":27,"key":"SneckoOil"},{"floor":30,"key":"EssenceOfSteel"},{"floor":33,"key":"GamblersBrew"},{"floor":35,"key":"FearPotion"},{"floor":37,"key":"Dexterity Potion"},{"floor":42,"key":"Fire Potion"},{"floor":48,"key":"Block Potion"}],"is_trial":false,"path_per_floor":["M","M","?","M","M","E","R","E","T","M","M","M","R","?","R","B",null,"M","?","?","M","?","$","R","$","T","E","R","M","E","?","R","B",null,"M","?","M","?","?","E","R","M","T","M","R","E","M","E","R","B"],"character_chosen":"THE_SILENT","items_purchased":["Shuriken","Lee\u0027s Waffle","Caltrops","Good Instincts"],"campfire_rested":0,"item_purchase_floors":[23,23,23,25],"current_hp_per_floor":[57,57,57,55,52,36,45,33,33,21,14,14,26,26,38,31,60,45,39,39,19,19,77,77,77,77,62,77,60,40,40,55,23,64,36,36,38,38,38,10,28,38,38,46,64,80,87,87,87,74],"gold":341,"neow_bonus":"BOSS_RELIC","is_prod":false,"is_daily":false,"chose_seed":false,"campfire_upgraded":6,"win_rate":0,"timestamp":1537547750,"path_taken":["M","M","?","M","M","E","R","E","T","M","M","M","R","?","R","BOSS","M","?","?","M","?","?","R","$","T","E","R","M","E","?","R","BOSS","M","?","M","?","?","E","R","?","T","?","R","E","M","E","R","BOSS"],"build_version":"2018-09-20","purchased_purges":1,"victory":true,"max_hp_per_floor":[70,70,70,70,70,70,70,70,70,70,70,70,70,70,70,70,70,70,70,70,70,70,77,77,77,77,77,77,77,77,77,77,77,77,77,73,73,73,73,73,73,73,73,73,73,87,87,87,87,87],"card_choices":[{"not_picked":["Outmaneuver","Acrobatics"],"picked":"Predator","floor":1},{"not_picked":["Cloak And Dagger","Flechettes"],"picked":"Backstab","floor":2},{"not_picked":["Dagger Spray","Crippling Poison"],"picked":"Caltrops","floor":4},{"not_picked":["Dagger Spray","Outmaneuver"],"picked":"Blur","floor":5},{"not_picked":["Heel Hook","Reflex"],"picked":"Finisher","floor":6},{"not_picked":["Expertise","Dodge and Roll"],"picked":"Endless Agony","floor":8},{"not_picked":["Skewer","Catalyst"],"picked":"Glass Knife","floor":10},{"not_picked":["Concentrate","Flying Knee","Prepared"],"picked":"SKIP","floor":11},{"not_picked":["Dagger Throw","Sucker Punch"],"picked":"Footwork","floor":12},{"not_picked":["Deadly Poison","Skewer"],"picked":"Acrobatics","floor":18},{"not_picked":["Sucker Punch","Blade Dance","Well Laid Plans"],"picked":"SKIP","floor":21},{"not_picked":["Sucker Punch","Die Die Die"],"picked":"Acrobatics+1","floor":27},{"not_picked":["Outmaneuver","Quick Slash"],"picked":"Acrobatics+1","floor":29},{"not_picked":["Expertise","Backstab"],"picked":"Footwork","floor":30},{"not_picked":["Unload","After Image"],"picked":"Glass Knife","floor":33},{"not_picked":["Cloak And Dagger","Flechettes+1"],"picked":"Dodge and Roll","floor":35},{"not_picked":["Sucker Punch","Poisoned Stab","Blade Dance"],"picked":"SKIP","floor":37},{"not_picked":["Sucker Punch","Catalyst"],"picked":"Tools of the Trade","floor":40},{"not_picked":["Dagger Throw+1","Sucker Punch"],"picked":"Deflect","floor":42},{"not_picked":["Bouncing Flask","PiercingWail"],"picked":"Outmaneuver","floor":44},{"not_picked":["Unload","Masterful Stab"],"picked":"Leg Sweep","floor":46},{"not_picked":["Outmaneuver","Flying Knee"],"picked":"Caltrops+1","floor":47},{"not_picked":["Distraction","Masterful Stab+1"],"picked":"Quick Slash+1","floor":48}],"player_experience":434103,"relics_obtained":[{"floor":6,"key":"Girya"},{"floor":8,"key":"Whetstone"},{"floor":9,"key":"Bronze Scales"},{"floor":26,"key":"Nunchaku"},{"floor":27,"key":"Bird Faced Urn"},{"floor":30,"key":"War Paint"},{"floor":40,"key":"Dodecahedron"},{"floor":43,"key":"Frozen Egg 2"},{"floor":46,"key":"Mango"},{"floor":48,"key":"Anchor"}],"event_choices":[{"event_name":"Purifier","player_choice":"One Purge","floor":3,"damage_taken":0},{"event_name":"Big Fish","player_choice":"Box","floor":14,"damage_taken":0},{"event_name":"Nest","player_choice":"Joined the Cult","floor":19,"damage_taken":0},{"event_name":"Bonfire Elementals","player_choice":"CURSE","floor":20,"damage_taken":0},{"event_name":"Golden Shrine","player_choice":"Desecrate","floor":22,"damage_taken":0},{"event_name":"Ghosts","player_choice":"Ignored","floor":31,"damage_taken":0},{"event_name":"Winding Halls","player_choice":"Max HP","floor":36,"damage_taken":0},{"event_name":"Duplicator","player_choice":"One dupe","floor":38,"damage_taken":0},{"event_name":"Falling","player_choice":"Removed Skill","floor":39,"damage_taken":0}],"is_beta":false,"boss_relics":[{"not_picked":["Astrolabe","Pandora\u0027s Box"],"picked":"Coffee Dripper"},{"not_picked":["Runic Pyramid","Tiny House"],"picked":"Philosopher\u0027s Stone"}],"items_purged_floors":[23],"is_endless":false,"potions_floor_spawned":[2,5,6,10,11,18,21,27,30,33,35,37,42,48],"ascension_level":12}