{"gold_per_floor":[109,123,139,214,227,252,264,289,340,225,242,271,271,303,303,401,401,412,412,191,206,206,206,206,206,229,229,229,229],"floor_reached":29,"playtime":1065,"items_purged":["Defend_R"],"score":339,"play_id":"88cfafd5-446b-4d50-bd10-748907acde76","local_time":"20190131004139","is_ascension_mode":true,"campfire_choices":[{"data":"Feed","floor":13.0,"key":"SMITH"},{"data":"Shrug It Off","floor":15.0,"key":"SMITH"},{"data":"Fiend Fire","floor":23,"key":"SMITH"},{"data":"Inflame","floor":25,"key":"SMITH"}],"neow_cost":"NONE","seed_source_timestamp":881336356772800,"circlet_count":0,"master_deck":["Strike_R+1","Strike_R+1","Strike_R","Strike_R","Strike_R","Defend_R","Defend_R","Defend_R","Bash","Pommel Strike","Fiend Fire+1","Infernal Blade","Metallicize","Immolate","Shrug It Off+1","Burning Pact","Corruption","Burning Pact","Feed+1","Impervious","Exhume","Sever Soul+1","Inflame+1","True Grit+1"],"special_seed":0,"relics":["Burning Blood","Calipers","Bronze Scales","Juzu Bracelet","Self Forming Clay","Centennial Puzzle","Black Star","Whetstone","Oddly Smooth Stone"],"potions_floor_usage":[],"damage_taken":[{"damage":7.0,"enemies":"Small Slimes","floor":1.0,"turns":3.0},{"damage":14.0,"enemies":"2 Louse","floor":2.0,"turns":2.0},{"damage":14.0,"enemies":"Jaw Worm","floor":3.0,"turns":3.0},{"damage":1.0,"enemies":"2 Fungi Beasts","floor":5.0,"turns":3.0},{"damage":11.0,"enemies":"3 Sentries","floor":6.0,"turns":5.0},{"damage":1.0,"enemies":"Exordium Wildlife","floor":7.0,"turns":3.0},{"damage":18.0,"enemies":"Gremlin Nob","floor":8.0,"turns":4.0},{"damage":14.0,"enemies":"Looter","floor":11.0,"turns":2.0},{"damage":9.0,"enemies":"3 Sentries","floor":12.0,"turns":3.0},{"damage":8.0,"enemies":"Gremlin Nob","floor":14.0,"turns":3.0},{"damage":14,"enemies":"Slime Boss","floor":16,"turns":10},{"damage":34,"enemies":"Spheric Guardian","floor":18,"turns":8},{"damage":19,"enemies":"Colosseum Slavers","floor":19,"turns":3},{"damage":10,"enemies":"Shell Parasite","floor":21,"turns":4},{"damage":0,"enemies":"Cultist and Chosen","floor":29,"turns":1}],"seed_played":"4334062958125767167","potions_obtained":[{"floor":2.0,"key":"Regen Potion"},{"floor":6.0,"key":"Strength Potion"},{"floor":7.0,"key":"PowerPotion"},{"floor":8.0,"key":"Fire Potion"},{"floor":18,"key":"Regen Potion"}],"is_trial":false,"path_per_floor":["M","M","M","?","M","E","M","E","T","$","M","E","R","E","R","B",null,"M","?","$","M","$","R","$","R","T","?","?","M"],"character_chosen":"IRONCLAD","items_purchased":["Corruption","Inflame","Whetstone"],"campfire_rested":0,"item_purchase_floors":[10,20,20],"current_hp_per_floor":[79,71,63,52,57,52,57,45,45,45,37,34,34,37,37,29,73,45,36,36,32,32,32,32,32,32,62,62,62],"gold":229,"neow_bonus":"TEN_PERCENT_HP_BONUS","is_prod":false,"is_daily":false,"chose_seed":false,"campfire_upgraded":4,"win_rate":0,"timestamp":1548916899,"path_taken":["M","M","M","?","M","E","M","E","T","$","M","E","R","E","R","BOSS","M","?","$","M","$","R","$","R","T","?","?","M"],"build_version":"2019-01-23","purchased_purges":1,"victory":false,"max_hp_per_floor":[88,88,88,88,88,88,88,88,88,88,88,88,88,88,88,88,88,88,92,92,92,92,92,92,92,92,92,92,92],"card_choices":[{"not_picked":["Warcry","Headbutt"],"picked":"Pommel Strike","floor":1.0},{"not_picked":["True Grit","Rage"],"picked":"Fiend Fire","floor":2.0},{"not_picked":["Clash","Pommel Strike"],"picked":"Infernal Blade","floor":3.0},{"not_picked":["Twin Strike","Armaments"],"picked":"Metallicize","floor":5.0},{"not_picked":["Armaments","Heavy Blade"],"picked":"Immolate","floor":6.0},{"not_picked":["Body Slam","Intimidate"],"picked":"Shrug It Off","floor":7.0},{"not_picked":["Evolve","Body Slam"],"picked":"Burning Pact","floor":8.0},{"not_picked":["Body Slam","Evolve"],"picked":"Burning Pact","floor":11.0},{"not_picked":["Power Through","Iron Wave"],"picked":"Feed","floor":12.0},{"not_picked":["Anger","Iron Wave"],"picked":"Impervious","floor":14.0},{"not_picked":["Fiend Fire","Brutality"],"picked":"Exhume","floor":16},{"not_picked":["Evolve","Ghostly Armor"],"picked":"Sever Soul+1","floor":18},{"not_picked":["Anger","Sword Boomerang"],"picked":"True Grit+1","floor":21}],"player_experience":154707,"relics_obtained":[{"floor":6.0,"key":"Calipers"},{"floor":8.0,"key":"Bronze Scales"},{"floor":9.0,"key":"Juzu Bracelet"},{"floor":12.0,"key":"Self Forming Clay"},{"floor":14.0,"key":"Centennial Puzzle"},{"floor":26,"key":"Oddly Smooth Stone"}],"event_choices":[{"damage_healed":0.0,"max_hp_gain":0.0,"max_hp_loss":0.0,"gold_gain":75.0,"event_name":"World of Goop","player_choice":"Gather Gold","floor":4.0,"gold_loss":0.0,"damage_taken":11.0},{"damage_healed":0,"gold_gain":0,"player_choice":"Fight","damage_taken":0,"max_hp_gain":0,"max_hp_loss":0,"event_name":"Colosseum","floor":19,"gold_loss":0},{"damage_healed":0,"gold_gain":0,"player_choice":"Fled From Nobs","damage_taken":0,"max_hp_gain":0,"max_hp_loss":0,"event_name":"Colosseum","floor":19,"gold_loss":0},{"damage_healed":30,"gold_gain":0,"player_choice":"Heal","damage_taken":0,"max_hp_gain":0,"max_hp_loss":0,"event_name":"The Library","floor":27,"gold_loss":0},{"damage_healed":0,"gold_gain":0,"player_choice":"Ignored","damage_taken":0,"max_hp_gain":0,"max_hp_loss":0,"event_name":"Beggar","floor":28,"gold_loss":0}],"is_beta":false,"boss_relics":[{"not_picked":["Runic Dome","Runic Pyramid"],"picked":"Black Star"}],"items_purged_floors":[10],"is_endless":false,"potions_floor_spawned":[2,6,7,8,11,18],"killed_by":"Cultist and Chosen","ascension_level":7}