{"gold_per_floor":[216,216,216,232,157,157,192,49,49,49,76,89,121,140,140,243,243,243,73,73,73,28,28,28,28,28,28,28,28,28,28,28,28,28,28,28,28,28,28,28,28,28,28,28,28,28,28,28,28,28],"floor_reached":50,"playtime":5545,"items_purged":["Strike_G","Strike_G"],"score":771,"play_id":"f5b01416-4d47-4f40-9254-8ca9141259bd","local_time":"20190207205347","is_ascension_mode":true,"campfire_choices":[{"data":"Neutralize","floor":6.0,"key":"SMITH"},{"data":"Quick Slash","floor":10.0,"key":"SMITH"},{"floor":15.0,"key":"REST"},{"data":"All Out Attack","floor":23.0,"key":"SMITH"},{"data":"Skewer","floor":25.0,"key":"SMITH"},{"data":"Terror","floor":29.0,"key":"SMITH"},{"data":"PiercingWail","floor":32.0,"key":"SMITH"},{"floor":40.0,"key":"REST"},{"floor":49,"key":"REST"}],"neow_cost":"NONE","seed_source_timestamp":718198882545100,"circlet_count":0,"master_deck":["Defend_G","Defend_G","Defend_G","Defend_G","Defend_G","Strike_G","Survivor","Neutralize+1","Quick Slash+1","Sucker Punch+1","Terror+1","Poisoned Stab+1","PiercingWail+1","Malaise+1","Acrobatics+1","Doppelganger+1","Heel Hook","Well Laid Plans","Neutralize","All Out Attack+1","Backflip+1","Skewer+1","Cloak And Dagger+1","Infinite Blades+1","Backflip+1","Well Laid Plans+1","Grand Finale","Phantasmal Killer+1","Leg Sweep+1","Madness+1","Madness+1","Cloak And Dagger+1","Outmaneuver+1","Leg Sweep+1","Wraith Form v2+1","PiercingWail+1","Flechettes+1","PiercingWail+1"],"special_seed":0,"relics":["Ring of the Snake","Ninja Scroll","Oddly Smooth Stone","Darkstone Periapt","Regal Pillow","Toxic Egg 2","Ectoplasm","Frozen Egg 2","Philosopher\u0027s Stone","Old Coin","Whetstone","Juzu Bracelet","Turnip"],"potions_floor_usage":[45,50,50,50],"damage_taken":[{"damage":2.0,"enemies":"Small Slimes","floor":1.0,"turns":8.0},{"damage":0.0,"enemies":"Jaw Worm","floor":4.0,"turns":4.0},{"damage":26.0,"enemies":"Gremlin Nob","floor":7.0,"turns":5.0},{"damage":10.0,"enemies":"3 Sentries","floor":11.0,"turns":9.0},{"damage":0.0,"enemies":"Cultist","floor":12.0,"turns":2.0},{"damage":3.0,"enemies":"Lagavulin","floor":13.0,"turns":5.0},{"damage":0.0,"enemies":"2 Fungi Beasts","floor":14.0,"turns":3.0},{"damage":13.0,"enemies":"Hexaghost","floor":16.0,"turns":10.0},{"damage":0.0,"enemies":"Chosen","floor":18.0,"turns":3.0},{"damage":11.0,"enemies":"2 Thieves","floor":22.0,"turns":4.0},{"damage":0.0,"enemies":"Cultist and Chosen","floor":24.0,"turns":7.0},{"damage":0.0,"enemies":"Shelled Parasite and Fungi","floor":27.0,"turns":6.0},{"damage":1.0,"enemies":"Centurion and Healer","floor":28.0,"turns":3.0},{"damage":7.0,"enemies":"Snecko","floor":30.0,"turns":4.0},{"damage":15.0,"enemies":"Champ","floor":33.0,"turns":13.0},{"damage":0.0,"enemies":"3 Shapes","floor":35.0,"turns":6.0},{"damage":0.0,"enemies":"3 Darklings","floor":36.0,"turns":6.0},{"damage":0.0,"enemies":"Mind Bloom Boss Battle","floor":38.0,"turns":7.0},{"damage":25.0,"enemies":"Spire Growth","floor":39.0,"turns":5.0},{"damage":3.0,"enemies":"Transient","floor":41.0,"turns":5.0},{"damage":19.0,"enemies":"Maw","floor":42.0,"turns":7.0},{"damage":0.0,"enemies":"4 Shapes","floor":44.0,"turns":5.0},{"damage":0,"enemies":"Giant Head","floor":45,"turns":8},{"damage":8,"enemies":"3 Darklings","floor":47,"turns":7},{"damage":26,"enemies":"Nemesis","floor":48,"turns":5},{"damage":51,"enemies":"Donu and Deca","floor":50,"turns":4}],"seed_played":"-814863010413734490","potions_obtained":[{"floor":4.0,"key":"PowerPotion"},{"floor":7.0,"key":"GhostInAJar"},{"floor":14.0,"key":"SkillPotion"},{"floor":18.0,"key":"AttackPotion"},{"floor":30.0,"key":"FearPotion"},{"floor":33.0,"key":"GamblersBrew"},{"floor":36.0,"key":"Ancient Potion"},{"floor":38.0,"key":"PowerPotion"},{"floor":41.0,"key":"Dexterity Potion"},{"floor":47,"key":"Poison Potion"},{"floor":48,"key":"PowerPotion"}],"is_trial":false,"path_per_floor":["M","?","?","M","$","R","E","$","T","R","E","M","E","M","R","B",null,"M","$","?","?","M","R","M","R","T","M","M","R","M","?","R","B",null,"M","M","?","?","M","R","M","M","T","M","E","$","M","E","R","B"],"character_chosen":"THE_SILENT","items_purchased":["Oddly Smooth Stone","Well Laid Plans"],"campfire_rested":3,"item_purchase_floors":[8,19],"current_hp_per_floor":[61,61,61,61,61,61,35,35,35,35,25,25,22,22,58,45,64,64,64,64,64,53,53,53,53,53,53,52,52,45,45,45,30,60,60,60,51,51,26,62,59,40,40,40,40,40,32,6,42,0],"gold":28,"neow_bonus":"HUNDRED_GOLD","is_prod":false,"is_daily":false,"chose_seed":false,"campfire_upgraded":6,"win_rate":0,"timestamp":1549544027,"path_taken":["M","?","?","M","?","R","E","$","T","R","E","M","E","M","R","BOSS","M","$","?","?","M","R","M","R","T","?","M","R","M","?","R","BOSS","M","M","?","?","M","R","M","M","T","M","E","?","M","E","R","BOSS"],"build_version":"2019-01-23","purchased_purges":2,"victory":false,"max_hp_per_floor":[70,70,70,70,70,70,70,70,70,70,70,70,70,70,70,70,70,70,70,70,70,70,70,70,70,70,70,70,70,70,70,70,70,70,70,70,70,70,70,70,70,70,70,70,70,70,70,70,70,70],"card_choices":[{"not_picked":["Choke","Cloak And Dagger"],"picked":"Quick Slash","floor":1.0},{"not_picked":["Flying Knee","Deflect"],"picked":"Sucker Punch","floor":4.0},{"not_picked":["Expertise","Distraction"],"picked":"Terror","floor":7.0},{"not_picked":["A Thousand Cuts","Acrobatics"],"picked":"Poisoned Stab","floor":11.0},{"not_picked":["Backstab","Infinite Blades"],"picked":"PiercingWail","floor":12.0},{"not_picked":["Flying Knee","Glass Knife"],"picked":"Malaise","floor":13.0},{"not_picked":["Slice","Quick Slash"],"picked":"Acrobatics+1","floor":14.0},{"not_picked":["Phantasmal Killer+1","Venomology+1"],"picked":"Doppelganger+1","floor":16.0},{"not_picked":["Endless Agony","Deadly Poison+1"],"picked":"Heel Hook","floor":18.0},{"not_picked":["Calculated Gamble+1","Dagger Spray"],"picked":"Backflip+1","floor":22.0},{"not_picked":["Finisher","Outmaneuver+1"],"picked":"Skewer","floor":24.0},{"not_picked":["Skewer+1","Calculated Gamble+1"],"picked":"Cloak And Dagger+1","floor":27.0},{"not_picked":["Endless Agony","Acrobatics+1"],"picked":"Infinite Blades+1","floor":28.0},{"not_picked":["Sucker Punch","Reflex+1"],"picked":"Backflip+1","floor":30.0},{"not_picked":["Malaise+1","Tools of the Trade+1"],"picked":"Phantasmal Killer+1","floor":33.0},{"not_picked":["Flying Knee+1","Dagger Throw"],"picked":"Leg Sweep+1","floor":35.0},{"not_picked":["Backflip+1","Quick Slash","Blade Dance+1"],"picked":"SKIP","floor":36.0},{"not_picked":["Quick Slash","Riddle With Holes+1"],"picked":"Cloak And Dagger+1","floor":38.0},{"not_picked":["Deadly Poison+1","Bane"],"picked":"Outmaneuver+1","floor":39.0},{"not_picked":["Bane+1","Quick Slash+1","Dagger Spray"],"picked":"SKIP","floor":41.0},{"not_picked":["Slice+1","Blade Dance+1"],"picked":"Leg Sweep+1","floor":42.0},{"not_picked":["Flying Knee","Poisoned Stab+1"],"picked":"Wraith Form v2+1","floor":44.0},{"not_picked":["Dodge and Roll+1","Underhanded Strike"],"picked":"PiercingWail+1","floor":45},{"not_picked":["Prepared+1","Dagger Spray+1"],"picked":"Flechettes+1","floor":47},{"not_picked":["Cloak And Dagger+1","Dagger Throw"],"picked":"PiercingWail+1","floor":48}],"player_experience":349352,"relics_obtained":[{"floor":7.0,"key":"Ninja Scroll"},{"floor":9.0,"key":"Darkstone Periapt"},{"floor":11.0,"key":"Regal Pillow"},{"floor":13.0,"key":"Toxic Egg 2"},{"floor":26.0,"key":"Frozen Egg 2"},{"floor":38.0,"key":"Old Coin"},{"floor":43.0,"key":"Whetstone"},{"floor":45,"key":"Juzu Bracelet"},{"floor":48,"key":"Turnip"}],"event_choices":[{"damage_healed":0.0,"max_hp_gain":0.0,"max_hp_loss":0.0,"gold_gain":0.0,"event_name":"Liars Game","player_choice":"Ignored","floor":2.0,"gold_loss":0.0,"damage_taken":0.0},{"damage_healed":0.0,"max_hp_gain":0.0,"max_hp_loss":0.0,"gold_gain":0.0,"event_name":"Golden Wing","player_choice":"Ignored","floor":3.0,"gold_loss":0.0,"damage_taken":0.0},{"damage_healed":0.0,"max_hp_gain":0.0,"max_hp_loss":0.0,"gold_gain":0.0,"event_name":"Ghosts","player_choice":"Ignored","floor":20.0,"gold_loss":0.0,"damage_taken":0.0},{"damage_healed":0.0,"max_hp_gain":0.0,"max_hp_loss":0.0,"gold_gain":0.0,"event_name":"Match and Keep!","player_choice":"2 cards matched","floor":21.0,"gold_loss":0.0,"damage_taken":0.0,"cards_obtained":["Neutralize","All Out Attack"]},{"damage_healed":0.0,"max_hp_gain":0.0,"max_hp_loss":0.0,"gold_gain":0.0,"cards_transformed":["Strike_G","Strike_G"],"event_name":"Drug Dealer","player_choice":"Became Test Subject","floor":31.0,"gold_loss":0.0,"damage_taken":0.0,"cards_obtained":["Well Laid Plans","Grand Finale"]},{"damage_healed":0.0,"max_hp_gain":0.0,"max_hp_loss":0.0,"gold_gain":0.0,"event_name":"Winding Halls","player_choice":"Embrace Madness","floor":37.0,"gold_loss":0.0,"damage_taken":9.0,"cards_obtained":["Madness","Madness"]},{"damage_healed":0.0,"max_hp_gain":0.0,"max_hp_loss":0.0,"gold_gain":0.0,"event_name":"MindBloom","player_choice":"Fight","floor":38.0,"gold_loss":0.0,"damage_taken":0.0}],"is_beta":false,"boss_relics":[{"not_picked":["Velvet Choker","Orrery"],"picked":"Ectoplasm"},{"not_picked":["Lizard Tail","Runic Dome"],"picked":"Philosopher\u0027s Stone"}],"items_purged_floors":[5,19],"is_endless":false,"potions_floor_spawned":[4,7,14,18,30,33,36,38,41,47,48],"killed_by":"Donu and Deca","ascension_level":6}