{"gold_per_floor":[110,127,50,63,77,77,144,159,185,185,198,198,210,230,230,326,326,337,22,34,48,48,48,81,81,81,81,95,95,108,124,124,223,223,233,243,6,22,36,36,55,55,55,103,103,138,138],"floor_reached":47,"playtime":3901,"items_purged":[],"score":498,"play_id":"f35dba22-bc02-444f-a9c0-4715b1267615","local_time":"20190117091326","is_ascension_mode":false,"campfire_choices":[{"data":"Zap","floor":6,"key":"SMITH"},{"data":"Double Energy","floor":12,"key":"SMITH"},{"data":"Lockon","floor":15,"key":"SMITH"},{"data":"Discovery","floor":23,"key":"SMITH"},{"floor":25,"key":"REST"},{"data":"Defragment","floor":29,"key":"SMITH"},{"floor":32,"key":"REST"},{"data":"Loop","floor":40,"key":"SMITH"}],"neow_cost":"NONE","seed_source_timestamp":42629532772493,"circlet_count":0,"master_deck":["Strike_B","Strike_B","Strike_B","Strike_B","Defend_B","Defend_B","Defend_B","Zap+1","Dualcast","Streamline","Turbo","Double Energy+1","Melter","Self Repair","Coolheaded","Self Repair","BootSequence","Glacier","Lockon+1","Electrodynamics","Lockon","Discovery+1","Sunder","Reinforced Body","Compile Driver","Shame","Buffer","Thunder Strike","Defragment+1","Beam Cell","Undo+1","Reboot","Loop+1","Heatsinks+1","Beam Cell","Parasite","Ball Lightning+1","Redo+1","Chill","Madness","Madness","Leap+1","Darkness"],"relics":["Cracked Core","Pen Nib","FaceOfCleric","Busted Crown","Bag of Preparation","Orichalcum","Ancient Tea Set","Question Card","Eternal Feather","Sling","Dodecahedron","Turnip","PreservedInsect"],"potions_floor_usage":[16,16,16,24,31,38,39,44,47],"damage_taken":[{"damage":0,"enemies":"Cultist","floor":1,"turns":3},{"damage":0,"enemies":"2 Louse","floor":2,"turns":2},{"damage":3,"enemies":"Jaw Worm","floor":4,"turns":3},{"damage":21,"enemies":"Lots of Slimes","floor":5,"turns":4},{"damage":4,"enemies":"2 Fungi Beasts","floor":8,"turns":2},{"damage":12,"enemies":"3 Louse","floor":11,"turns":2},{"damage":12,"enemies":"Lots of Slimes","floor":13,"turns":4},{"damage":0,"enemies":"Large Slime","floor":14,"turns":7},{"damage":16,"enemies":"The Guardian","floor":16,"turns":9},{"damage":9,"enemies":"Chosen","floor":18,"turns":6},{"damage":8,"enemies":"Spheric Guardian","floor":20,"turns":3},{"damage":10,"enemies":"Centurion and Healer","floor":21,"turns":4},{"damage":54,"enemies":"Book of Stabbing","floor":24,"turns":7},{"damage":4,"enemies":"Snecko","floor":28,"turns":3},{"damage":14,"enemies":"3 Cultists","floor":30,"turns":5},{"damage":0,"enemies":"Centurion and Healer","floor":31,"turns":8},{"damage":40,"enemies":"Champ","floor":33,"turns":13},{"damage":17,"enemies":"3 Darklings","floor":35,"turns":3},{"damage":0,"enemies":"3 Shapes","floor":36,"turns":4},{"damage":21,"enemies":"Writhing Mass","floor":38,"turns":7},{"damage":18,"enemies":"Transient","floor":39,"turns":5},{"damage":37,"enemies":"Sphere and 2 Shapes","floor":41,"turns":3},{"damage":33,"enemies":"2 Orb Walkers","floor":44,"turns":3},{"damage":69,"enemies":"Reptomancer","floor":46,"turns":8},{"damage":28,"enemies":"Spire Growth","floor":47,"turns":3}],"seed_played":"-5473091850160407498","potions_obtained":[{"floor":4,"key":"Strength Potion"},{"floor":5,"key":"PowerPotion"},{"floor":11,"key":"Dexterity Potion"},{"floor":13,"key":"SkillPotion"},{"floor":21,"key":"Dexterity Potion"},{"floor":24,"key":"GamblersBrew"},{"floor":31,"key":"Explosive Potion"},{"floor":36,"key":"Energy Potion"},{"floor":39,"key":"Block Potion"},{"floor":46,"key":"PowerPotion"}],"is_trial":false,"path_per_floor":["M","M","$","M","M","R","?","M","T","?","M","R","M","M","R","B",null,"M","$","M","M","?","R","E","R","T","?","M","R","M","M","R","B",null,"M","M","$","M","M","R","M","?","T","?","?","E","M"],"character_chosen":"DEFECT","items_purchased":["Melter","Bag of Preparation","Discovery","Sunder","Sling","Beam Cell"],"campfire_rested":2,"item_purchase_floors":[3,19,19,19,37,37],"current_hp_per_floor":[75,75,75,72,58,58,58,61,61,61,57,57,60,75,75,74,79,80,80,80,82,82,82,29,53,53,53,57,57,51,66,86,61,87,78,79,79,73,70,91,62,50,50,25,81,20,0],"gold":138,"neow_bonus":"THREE_CARDS","is_prod":false,"is_daily":false,"chose_seed":false,"campfire_upgraded":6,"win_rate":0.0,"timestamp":1547734406,"path_taken":["M","?","$","M","M","R","?","M","T","?","?","R","M","M","R","BOSS","M","$","M","M","?","R","E","R","T","?","M","R","M","?","R","BOSS","M","M","$","M","M","R","M","?","T","?","?","E","M"],"build_version":"2019-01-10","purchased_purges":0,"victory":false,"max_hp_per_floor":[75,75,75,75,75,75,75,75,75,75,76,76,77,78,78,79,79,80,80,81,82,82,82,83,83,83,83,84,84,85,86,86,87,87,88,89,89,90,91,91,92,92,92,93,81,82,82],"card_choices":[{"not_picked":["Stack","Barrage"],"picked":"Streamline","floor":0},{"not_picked":["Streamline","Stack"],"picked":"Turbo","floor":1},{"not_picked":["Streamline","Stack"],"picked":"Double Energy","floor":2},{"not_picked":["Redo","Compile Driver"],"picked":"Self Repair","floor":4},{"not_picked":["Steam Power","Barrage"],"picked":"Coolheaded","floor":5},{"not_picked":["Steam Power","Redo"],"picked":"Self Repair","floor":8},{"not_picked":["Sweeping Beam","Stack"],"picked":"BootSequence","floor":11},{"not_picked":["Conserve Battery","Heatsinks"],"picked":"Glacier","floor":13},{"not_picked":["Hologram","Cold Snap"],"picked":"Lockon","floor":14},{"not_picked":["Amplify","Machine Learning"],"picked":"Electrodynamics","floor":16},{"not_picked":[],"picked":"Lockon","floor":18},{"not_picked":[],"picked":"Reinforced Body","floor":20},{"not_picked":[],"picked":"Compile Driver","floor":21},{"not_picked":[],"picked":"Buffer","floor":24},{"not_picked":["Coolheaded"],"picked":"Defragment","floor":28},{"not_picked":["Redo"],"picked":"Beam Cell","floor":30},{"not_picked":["Compile Driver+1"],"picked":"Undo+1","floor":31},{"not_picked":["Multi-Cast"],"picked":"Reboot","floor":33},{"not_picked":["Blizzard"],"picked":"Loop","floor":35},{"not_picked":["Consume+1"],"picked":"Heatsinks+1","floor":36},{"not_picked":["Coolheaded"],"picked":"Ball Lightning+1","floor":38},{"not_picked":["Cold Snap"],"picked":"Redo+1","floor":39},{"not_picked":["Auto Shields"],"picked":"Chill","floor":41},{"not_picked":["Streamline"],"picked":"Leap+1","floor":44},{"not_picked":["Hologram+1"],"picked":"Darkness","floor":46}],"player_experience":78479,"relics_obtained":[{"floor":9,"key":"Pen Nib"},{"floor":24,"key":"Ancient Tea Set"},{"floor":26,"key":"Question Card"},{"floor":43,"key":"Dodecahedron"},{"floor":44,"key":"Turnip"},{"floor":46,"key":"PreservedInsect"}],"event_choices":[{"damage_healed":0,"gold_gain":67,"player_choice":"Gained Gold","damage_taken":0,"max_hp_gain":0,"max_hp_loss":0,"event_name":"Golden Wing","floor":7,"gold_loss":0},{"damage_healed":0,"gold_gain":0,"player_choice":"Trade","damage_taken":0,"relics_obtained":["FaceOfCleric"],"max_hp_gain":0,"max_hp_loss":0,"event_name":"FaceTrader","floor":10,"gold_loss":0},{"damage_healed":0,"gold_gain":0,"player_choice":"Stole Relic","damage_taken":0,"relics_obtained":["Orichalcum"],"max_hp_gain":0,"max_hp_loss":0,"event_name":"Addict","floor":22,"gold_loss":0,"cards_obtained":["Shame"]},{"damage_healed":0,"gold_gain":0,"cards_transformed":["Defend_B"],"player_choice":"Transformed","damage_taken":0,"max_hp_gain":0,"max_hp_loss":0,"event_name":"Transmorgrifier","floor":27,"gold_loss":0,"cards_obtained":["Thunder Strike"]},{"damage_healed":0,"gold_gain":0,"player_choice":"Embrace Madness","damage_taken":12,"max_hp_gain":0,"max_hp_loss":0,"event_name":"Winding Halls","floor":42,"gold_loss":0,"cards_obtained":["Madness","Madness"]},{"damage_healed":0,"gold_gain":0,"player_choice":"Fight","damage_taken":0,"max_hp_gain":0,"max_hp_loss":0,"event_name":"Mysterious Sphere","floor":44,"gold_loss":0},{"damage_healed":81,"gold_gain":0,"player_choice":"Heal","damage_taken":0,"max_hp_gain":0,"max_hp_loss":12,"event_name":"The Moai Head","floor":45,"gold_loss":0}],"is_beta":false,"boss_relics":[{"not_picked":["Calling Bell","Sozu"],"picked":"Busted Crown"},{"not_picked":["FrozenCore","Coffee Dripper"],"picked":"Eternal Feather"}],"items_purged_floors":[],"is_endless":false,"potions_floor_spawned":[4,5,11,13,21,24,31,36,39,46],"killed_by":"Spire Growth","ascension_level":0}