{"gold_per_floor":[110,127,127,202,213,213,225,225,306,306,130,190,190,204,204,306,306,318,335,6,26,26,26,38,51,51,63,77,77,97,113,113,216,216,216],"floor_reached":35,"playtime":1866,"items_purged":["Strike_B"],"score":606,"play_id":"c26ff920-6229-453c-82b4-44067f1493c3","local_time":"20190218051248","is_ascension_mode":true,"campfire_choices":[{"floor":6,"key":"REST"},{"data":"Zap","floor":8,"key":"SMITH"},{"floor":10,"key":"REST"},{"floor":15,"key":"REST"},{"floor":23,"key":"REST"},{"floor":29,"key":"REST"},{"floor":32,"key":"REST"}],"neow_cost":"NONE","seed_source_timestamp":385871903156085,"circlet_count":0,"master_deck":["AscendersBane","Zap+1","Dualcast","Panacea","Fusion","Loop","Cold Snap","Cold Snap","Capacitor","Leap","FTL","Echo Form","Hologram","Fission","FTL","Darkness","Sweeping Beam","Rainbow","Leap","Tempest","Conserve Battery","Glacier","Conserve Battery","Reinforced Body","Static Discharge","Self Repair","Reboot"],"relics":["Cracked Core","Pear","Tiny Chest","Kunai","Pandora\u0027s Box","Calipers","Bag of Preparation","Shuriken","Inserter"],"potions_floor_usage":[12,14,21,25,31,33,33],"damage_taken":[{"damage":1,"enemies":"Cultist","floor":1,"turns":4},{"damage":2,"enemies":"2 Louse","floor":2,"turns":4},{"damage":7,"enemies":"Jaw Worm","floor":5,"turns":2},{"damage":13,"enemies":"Looter","floor":7,"turns":4},{"damage":6,"enemies":"Lagavulin","floor":12,"turns":7},{"damage":14,"enemies":"Gremlin Gang","floor":14,"turns":3},{"damage":69,"enemies":"Hexaghost","floor":16,"turns":16},{"damage":1,"enemies":"Spheric Guardian","floor":18,"turns":5},{"damage":12,"enemies":"Chosen","floor":19,"turns":4},{"damage":18,"enemies":"Snake Plant","floor":21,"turns":5},{"damage":10,"enemies":"Centurion and Healer","floor":24,"turns":9},{"damage":27,"enemies":"Shelled Parasite and Fungi","floor":25,"turns":7},{"damage":13,"enemies":"Snake Plant","floor":27,"turns":5},{"damage":2,"enemies":"Centurion and Healer","floor":28,"turns":14},{"damage":14,"enemies":"Snecko","floor":30,"turns":5},{"damage":24,"enemies":"Snake Plant","floor":31,"turns":7},{"damage":15,"enemies":"Champ","floor":33,"turns":14},{"damage":87,"enemies":"3 Shapes","floor":35,"turns":3}],"seed_played":"-6297660198607039303","potions_obtained":[{"floor":2,"key":"Explosive Potion"},{"floor":7,"key":"Block Potion"},{"floor":19,"key":"Swift Potion"},{"floor":24,"key":"Fruit Juice"},{"floor":28,"key":"Dexterity Potion"},{"floor":30,"key":"AttackPotion"},{"floor":31,"key":"EssenceOfSteel"}],"is_trial":false,"path_per_floor":["M","M","?","?","M","R","M","R","T","R","$","E","T","M","R","B",null,"M","M","$","M","?","R","M","M","T","M","M","R","M","M","R","B",null,"M"],"character_chosen":"DEFECT","items_purchased":["Capacitor","Leap","Calipers","Conserve Battery"],"campfire_rested":6,"item_purchase_floors":[11,11,20,20],"current_hp_per_floor":[67,65,58,47,40,62,49,49,59,84,84,78,78,64,85,16,68,67,55,55,37,37,62,52,30,30,17,15,42,28,4,31,23,73,0],"gold":216,"neow_bonus":"RANDOM_COLORLESS","is_prod":false,"is_daily":false,"chose_seed":false,"campfire_upgraded":1,"win_rate":0,"timestamp":1550484768,"path_taken":["M","?","?","?","M","R","M","R","T","R","$","E","?","M","R","BOSS","M","M","$","M","?","R","M","M","T","M","M","R","M","M","R","BOSS","M"],"build_version":"2019-01-23","purchased_purges":1,"victory":false,"max_hp_per_floor":[75,75,75,75,75,75,75,75,85,85,85,85,85,85,85,85,85,85,85,85,85,85,85,85,90,90,90,90,90,90,90,90,90,90,90],"card_choices":[{"not_picked":["Storm","Steam Power"],"picked":"Fusion","floor":1},{"not_picked":["Skim","Ball Lightning"],"picked":"Loop","floor":2},{"not_picked":["Rip and Tear","Leap"],"picked":"Cold Snap","floor":5},{"not_picked":["Lockon","Rip and Tear"],"picked":"Cold Snap","floor":7},{"not_picked":["Melter","Gash"],"picked":"FTL","floor":12},{"not_picked":["Scrape","Gash"],"picked":"FTL","floor":14},{"not_picked":["Multi-Cast","Amplify"],"picked":"Echo Form","floor":16},{"not_picked":["Rebound","Ball Lightning"],"picked":"Leap","floor":18},{"not_picked":["Cold Snap","Melter+1"],"picked":"Tempest","floor":19},{"not_picked":["Compile Driver+1","Stack"],"picked":"Glacier","floor":21},{"not_picked":["Sweeping Beam","Fission"],"picked":"Conserve Battery","floor":24},{"not_picked":["Stack","Undo","Darkness"],"picked":"SKIP","floor":25},{"not_picked":["Streamline","Storm","Sunder"],"picked":"SKIP","floor":27},{"not_picked":["Steam","Rebound"],"picked":"Reinforced Body","floor":28},{"not_picked":["Gash","Beam Cell"],"picked":"Static Discharge","floor":30},{"not_picked":["Streamline","Turbo"],"picked":"Self Repair","floor":31},{"not_picked":["Thunder Strike","Buffer"],"picked":"Reboot","floor":33}],"player_experience":523776,"relics_obtained":[{"floor":9,"key":"Pear"},{"floor":12,"key":"Tiny Chest"},{"floor":13,"key":"Kunai"},{"floor":26,"key":"Shuriken"}],"event_choices":[{"cards_removed":["Strike_B"],"damage_healed":0,"gold_gain":0,"player_choice":"Card Removal","damage_taken":7,"max_hp_gain":0,"max_hp_loss":0,"event_name":"Golden Wing","floor":3,"gold_loss":0},{"damage_healed":0,"gold_gain":75,"player_choice":"Gather Gold","damage_taken":11,"max_hp_gain":0,"max_hp_loss":0,"event_name":"World of Goop","floor":4,"gold_loss":0},{"cards_removed":["FTL"],"damage_healed":0,"gold_gain":0,"player_choice":"Gave Card","damage_taken":0,"relics_obtained":["Bag of Preparation"],"max_hp_gain":0,"max_hp_loss":0,"event_name":"WeMeetAgain","floor":22,"gold_loss":0}],"is_beta":false,"boss_relics":[{"not_picked":["Sozu","Coffee Dripper"],"picked":"Pandora\u0027s Box"},{"not_picked":["Calling Bell","Snecko Eye"],"picked":"Inserter"}],"items_purged_floors":[11],"is_endless":false,"potions_floor_spawned":[2,7,19,24,28,30,31],"killed_by":"3 Shapes","ascension_level":12}