{"gold_per_floor":[219,26,26,101,13,13,45,75,127,144,144,159,159,214,226,238],"floor_reached":16,"playtime":395,"items_purged":[],"score":123,"play_id":"34cc914a-d083-4e68-a24e-19787fb97ab4","local_time":"20190124065850","is_ascension_mode":false,"campfire_choices":[{"floor":6,"key":"RECALL"},{"floor":15,"key":"REST"}],"neow_cost":"NONE","seed_source_timestamp":642902553113162,"circlet_count":0,"master_deck":["Strike_B","Strike_B","Strike_B","Strike_B","Defend_B","Defend_B","Defend_B","Defend_B","Zap","Dualcast","Defragment","Jack Of All Trades","Hologram","Sunder+1","Enlightenment","Gash","Double Energy","Conserve Battery","Go for the Eyes","Conserve Battery"],"relics":["Cracked Core","Blood Vial","Letter Opener","MawBank"],"potions_floor_usage":[8,14],"damage_taken":[{"damage":1,"enemies":"Jaw Worm","floor":1,"turns":4},{"damage":7,"enemies":"Small Slimes","floor":7,"turns":3},{"damage":0,"enemies":"Gremlin Nob","floor":8,"turns":2},{"damage":0,"enemies":"2 Louse","floor":10,"turns":2},{"damage":3,"enemies":"2 Fungi Beasts","floor":12,"turns":3},{"damage":30,"enemies":"Gremlin Nob","floor":14,"turns":5},{"damage":42,"enemies":"Hexaghost","floor":16,"turns":9}],"seed_played":"-7513910503205529837","potions_obtained":[{"floor":1,"key":"AttackPotion"},{"floor":10,"key":"Strength Potion"}],"is_trial":false,"path_per_floor":["M","$","?","?","$","R","M","E","T","M","?","M","?","?","R","B"],"character_chosen":"DEFECT","items_purchased":["Jack Of All Trades","Hologram","Sunder","Enlightenment"],"campfire_rested":1,"item_purchase_floors":[2,2,2,5],"current_hp_per_floor":[74,74,74,63,63,63,56,56,56,58,63,62,44,16,40,0],"gold":238,"neow_bonus":"HUNDRED_GOLD","is_prod":false,"is_daily":false,"chose_seed":false,"campfire_upgraded":0,"win_rate":0,"timestamp":1548331130,"path_taken":["M","$","?","?","$","R","M","E","T","M","?","?","?","?","R","BOSS"],"build_version":"2019-01-23","purchased_purges":0,"victory":false,"max_hp_per_floor":[75,75,75,75,75,75,75,75,75,75,80,80,80,80,80,80],"card_choices":[{"not_picked":["Turbo","Sunder"],"picked":"Defragment","floor":1},{"not_picked":["BootSequence","Turbo"],"picked":"Gash","floor":7},{"not_picked":["Reprogram","Reinforced Body"],"picked":"Double Energy","floor":8},{"not_picked":["Cold Snap","Redo"],"picked":"Conserve Battery","floor":10},{"not_picked":["Ball Lightning","Barrage"],"picked":"Go for the Eyes","floor":12},{"not_picked":["Darkness","Undo"],"picked":"Conserve Battery","floor":14}],"player_experience":201417,"relics_obtained":[{"floor":8,"key":"Blood Vial"}],"event_choices":[{"damage_healed":0,"gold_gain":0,"player_choice":"Grow","damage_taken":0,"max_hp_gain":0,"max_hp_loss":0,"event_name":"Living Wall","floor":3,"gold_loss":0,"cards_upgraded":["Sunder"]},{"damage_healed":0,"gold_gain":75,"player_choice":"Gather Gold","damage_taken":11,"max_hp_gain":0,"max_hp_loss":0,"event_name":"World of Goop","floor":4,"gold_loss":0},{"damage_healed":0,"gold_gain":0,"player_choice":"Donut","damage_taken":0,"max_hp_gain":5,"max_hp_loss":0,"event_name":"Big Fish","floor":11,"gold_loss":0},{"damage_healed":0,"gold_gain":0,"player_choice":"Success","damage_taken":18,"relics_obtained":["Letter Opener"],"max_hp_gain":0,"max_hp_loss":0,"event_name":"Scrap Ooze","floor":13,"gold_loss":0},{"damage_healed":0,"gold_gain":0,"player_choice":"Searched \u00272\u0027 times","damage_taken":0,"relics_obtained":["MawBank"],"max_hp_gain":0,"max_hp_loss":0,"event_name":"Dead Adventurer","floor":14,"gold_loss":0}],"is_beta":false,"boss_relics":[],"items_purged_floors":[],"is_endless":false,"potions_floor_spawned":[1,10],"killed_by":"Hexaghost","ascension_level":0}