{"gold_per_floor":[117,137,212,49,62,62,83,83,155,155,175,26,26,42,42,162,162,176,192,192,192],"floor_reached":21,"playtime":811,"items_purged":[],"score":169,"play_id":"fdd265b5-54f8-4fae-93f0-d96c29b10155","local_time":"20190120005425","is_ascension_mode":false,"campfire_choices":[{"data":"Creative AI","floor":6,"key":"SMITH"},{"data":"White Noise","floor":10,"key":"SMITH"},{"data":"Rainbow","floor":13,"key":"SMITH"},{"data":"Consume","floor":15,"key":"SMITH"}],"neow_cost":"NONE","seed_source_timestamp":275003502498549,"circlet_count":0,"master_deck":["Strike_B","Strike_B","Strike_B","Strike_B","Defend_B","Defend_B","Defend_B","Defend_B","Zap","Dualcast","Creative AI+1","Reinforced Body","Capacitor","Tempest","Finesse","Loop","White Noise+1","Injury","Rainbow+1","Sunder","Defragment+1","Consume+1","Biased Cognition+1","Steam","Stack"],"relics":["Cracked Core","Odd Mushroom","Golden Idol","Frozen Egg 2","Cursed Key"],"potions_floor_usage":[7,11,16,19,20,20],"damage_taken":[{"damage":1,"enemies":"Jaw Worm","floor":1,"turns":6},{"damage":0,"enemies":"2 Louse","floor":2,"turns":3},{"damage":3,"enemies":"Small Slimes","floor":5,"turns":4},{"damage":0,"enemies":"The Mushroom Lair","floor":7,"turns":1},{"damage":4,"enemies":"Exordium Wildlife","floor":11,"turns":5},{"damage":6,"enemies":"Large Slime","floor":14,"turns":5},{"damage":37,"enemies":"Slime Boss","floor":16,"turns":9},{"damage":21,"enemies":"Shell Parasite","floor":18,"turns":4},{"damage":12,"enemies":"2 Thieves","floor":19,"turns":3},{"damage":35,"enemies":"Colosseum Slavers","floor":20,"turns":5},{"damage":7,"enemies":"Masked Bandits","floor":21,"turns":2}],"seed_played":"2187451298361585783","potions_obtained":[{"floor":1,"key":"AttackPotion"},{"floor":5,"key":"AttackPotion"},{"floor":11,"key":"SkillPotion"},{"floor":16,"key":"Fire Potion"},{"floor":18,"key":"EssenceOfSteel"},{"floor":19,"key":"FearPotion"}],"is_trial":false,"path_per_floor":["M","M","?","$","M","R","?","?","T","R","M","$","R","M","R","B",null,"M","M","?","?"],"character_chosen":"DEFECT","items_purchased":["Tempest","Finesse","Sunder","Defragment+1"],"campfire_rested":0,"item_purchase_floors":[4,4,12,12],"current_hp_per_floor":[74,74,63,63,60,60,60,60,60,60,56,56,56,50,50,13,75,54,42,7,0],"gold":192,"neow_bonus":"ONE_RANDOM_RARE_CARD","is_prod":false,"is_daily":false,"chose_seed":false,"campfire_upgraded":4,"win_rate":0.0,"timestamp":1547963665,"path_taken":["M","M","?","$","M","R","?","?","T","R","M","$","R","M","R","BOSS","M","M","?","?"],"build_version":"2019-01-17v2","purchased_purges":0,"victory":false,"max_hp_per_floor":[75,75,75,75,75,75,75,75,75,75,75,75,75,75,75,75,75,75,75,75,75],"card_choices":[{"not_picked":["Redo","Recycle"],"picked":"Reinforced Body","floor":1},{"not_picked":["Redo","Rebound"],"picked":"Capacitor","floor":2},{"not_picked":["Cold Snap","Redo"],"picked":"Loop","floor":5},{"not_picked":["Loop","Beam Cell"],"picked":"White Noise","floor":7},{"not_picked":["Rebound","Compile Driver"],"picked":"Rainbow","floor":11},{"not_picked":["Rebound","Cold Snap"],"picked":"Consume","floor":14},{"not_picked":["Hyperbeam","Seek"],"picked":"Biased Cognition+1","floor":16},{"not_picked":["Sweeping Beam","Reinforced Body"],"picked":"Steam","floor":18},{"not_picked":["Auto Shields","Coolheaded"],"picked":"Stack","floor":19}],"player_experience":132244,"relics_obtained":[{"floor":7,"key":"Odd Mushroom"},{"floor":9,"key":"Frozen Egg 2"}],"event_choices":[{"damage_healed":0,"gold_gain":75,"player_choice":"Gather Gold","damage_taken":11,"max_hp_gain":0,"max_hp_loss":0,"event_name":"World of Goop","floor":3,"gold_loss":0},{"damage_healed":0,"gold_gain":0,"player_choice":"Fought Mushrooms","damage_taken":0,"max_hp_gain":0,"max_hp_loss":0,"event_name":"Mushrooms","floor":7,"gold_loss":0},{"damage_healed":0,"gold_gain":0,"player_choice":"Take Wound","damage_taken":0,"relics_obtained":["Golden Idol"],"max_hp_gain":0,"max_hp_loss":0,"event_name":"Golden Idol","floor":8,"gold_loss":0,"cards_obtained":["Injury"]},{"damage_healed":0,"gold_gain":0,"player_choice":"Fight","damage_taken":0,"max_hp_gain":0,"max_hp_loss":0,"event_name":"Colosseum","floor":20,"gold_loss":0},{"damage_healed":0,"gold_gain":0,"player_choice":"Fled From Nobs","damage_taken":0,"max_hp_gain":0,"max_hp_loss":0,"event_name":"Colosseum","floor":20,"gold_loss":0},{"damage_healed":0,"gold_gain":0,"player_choice":"Fought Bandits","damage_taken":0,"max_hp_gain":0,"max_hp_loss":0,"event_name":"Masked Bandits","floor":21,"gold_loss":0}],"is_beta":false,"boss_relics":[{"not_picked":["Snecko Eye","Runic Pyramid"],"picked":"Cursed Key"}],"items_purged_floors":[],"is_endless":false,"potions_floor_spawned":[1,5,11,16,18,19],"killed_by":"Masked Bandits","ascension_level":0}