{"gold_per_floor":[109,109,128,32,49,62,62,72,72,72,72,72,372,386,386,486,486,504,11,21,21,41,41,61,81,131,231,231,231,156,183,183,288,288,298,168,181,195,214,214,214,24,24,35,35,45,62,26,26,26],"floor_reached":50,"playtime":4215,"items_purged":["Regret"],"score":506,"play_id":"02322d60-caf8-464f-bd6c-0cfa6cf49dae","local_time":"20190116075441","is_ascension_mode":false,"campfire_choices":[{"data":"Defragment","floor":7,"key":"SMITH"},{"data":"Zap","floor":10,"key":"SMITH"},{"data":"Flash of Steel","floor":12,"key":"SMITH"},{"floor":15,"key":"REST"},{"data":"Deep Breath","floor":23,"key":"SMITH"},{"data":"Go for the Eyes","floor":28,"key":"SMITH"},{"floor":32,"key":"REST"},{"data":"Buffer","floor":40,"key":"SMITH"},{"data":"Go for the Eyes","floor":49,"key":"SMITH"}],"neow_cost":"NONE","seed_source_timestamp":1851643400331815,"circlet_count":0,"master_deck":["Strike_B","Strike_B","Strike_B","Strike_B","Defend_B","Defend_B","Defend_B","Zap+1","Dualcast","Defragment+1","Steam","Flash of Steel+1","Steam Power","Go for the Eyes+1","Streamline","Ball Lightning","Buffer+1","Capacitor+1","Deep Breath+1","Go for the Eyes+1","Ball Lightning","Rebound+1","Ball Lightning","Redo","Melter","Sweeping Beam","Core Surge","Go for the Eyes+1","Ball Lightning+1","Doom and Gloom","Aggregate","Loop+1","Gash+1","Static Discharge+1","Melter"],"relics":["Cracked Core","Vajra","Gambling Chip","Incense Burner","Old Coin","Sozu","Bird Faced Urn","Enchiridion","Pen Nib","FossilizedHelix","Matryoshka","Ornamental Fan","Nuclear Battery","Sundial","ClockworkSouvenir","Boot","Nunchaku"],"potions_floor_usage":[8,8,16],"damage_taken":[{"damage":0,"enemies":"Cultist","floor":1,"turns":4},{"damage":2,"enemies":"Small Slimes","floor":3,"turns":3},{"damage":7,"enemies":"2 Louse","floor":5,"turns":3},{"damage":2,"enemies":"Blue Slaver","floor":6,"turns":4},{"damage":2,"enemies":"Gremlin Gang","floor":8,"turns":4},{"damage":2,"enemies":"2 Fungi Beasts","floor":14,"turns":2},{"damage":13,"enemies":"Hexaghost","floor":16,"turns":8},{"damage":6,"enemies":"Shell Parasite","floor":18,"turns":5},{"damage":0,"enemies":"Spheric Guardian","floor":20,"turns":3},{"damage":16,"enemies":"3 Cultists","floor":22,"turns":5},{"damage":0,"enemies":"Shelled Parasite and Fungi","floor":24,"turns":3},{"damage":6,"enemies":"Chosen and Byrds","floor":25,"turns":3},{"damage":0,"enemies":"Colosseum Slavers","floor":27,"turns":4},{"damage":27,"enemies":"Colosseum Nobs","floor":27,"turns":5},{"damage":22,"enemies":"Gremlin Leader","floor":31,"turns":5},{"damage":48,"enemies":"Champ","floor":33,"turns":9},{"damage":10,"enemies":"3 Darklings","floor":35,"turns":3},{"damage":0,"enemies":"Orb Walker","floor":37,"turns":3},{"damage":0,"enemies":"Writhing Mass","floor":38,"turns":4},{"damage":0,"enemies":"Transient","floor":39,"turns":5},{"damage":6,"enemies":"Sphere and 2 Shapes","floor":44,"turns":2},{"damage":0,"enemies":"Jaw Worm Horde","floor":46,"turns":3},{"damage":0,"enemies":"Maw","floor":47,"turns":6},{"damage":75,"enemies":"Awakened One","floor":50,"turns":7}],"seed_played":"-5495472536274203075","potions_obtained":[{"floor":2,"key":"PowerPotion"},{"floor":2,"key":"Weak Potion"},{"floor":2,"key":"SkillPotion"}],"is_trial":false,"path_per_floor":["M","?","M","$","M","M","R","M","T","R","?","R","?","M","R","B",null,"M","$","M","?","M","R","M","M","T","?","R","?","?","E","R","B",null,"M","?","M","M","M","R","?","$","T","M","?","M","M","$","R","B"],"character_chosen":"DEFECT","items_purchased":["Flash of Steel","Bird Faced Urn","Deep Breath","Go for the Eyes","ClockworkSouvenir","Melter"],"campfire_rested":2,"item_purchase_floors":[4,19,19,19,42,48],"current_hp_per_floor":[75,75,73,73,66,64,64,62,62,62,62,62,37,35,57,44,75,69,69,75,59,49,49,55,57,57,48,48,73,73,57,75,27,75,65,65,73,75,75,75,72,72,72,66,66,72,72,72,72,0],"gold":26,"neow_bonus":"RANDOM_COMMON_RELIC","is_prod":false,"is_daily":false,"chose_seed":false,"campfire_upgraded":7,"win_rate":0.0,"timestamp":1547643281,"path_taken":["M","?","M","?","M","M","R","M","T","R","?","R","?","M","R","BOSS","M","$","M","?","M","R","M","M","T","?","R","?","?","E","R","BOSS","M","?","?","M","M","R","?","$","T","?","?","?","M","$","R","BOSS"],"build_version":"2019-01-10","purchased_purges":1,"victory":false,"max_hp_per_floor":[75,75,75,75,75,75,75,75,75,75,75,75,75,75,75,75,75,75,75,75,75,75,75,75,75,75,75,75,75,75,75,75,75,75,75,75,75,75,75,75,72,72,72,72,72,72,72,72,72,72],"card_choices":[{"not_picked":["Ball Lightning","Redo"],"picked":"Defragment","floor":1},{"not_picked":["Compile Driver","Heatsinks"],"picked":"Steam","floor":3},{"not_picked":["Ball Lightning","Skim"],"picked":"Steam Power","floor":5},{"not_picked":["Rip and Tear","Redo"],"picked":"Go for the Eyes","floor":6},{"not_picked":["Barrage","Redo"],"picked":"Streamline","floor":8},{"not_picked":["Reinforced Body","Steam"],"picked":"Ball Lightning","floor":14},{"not_picked":["Meteor Strike","All For One"],"picked":"Buffer","floor":16},{"not_picked":["Conserve Battery+1","BootSequence"],"picked":"Capacitor","floor":18},{"not_picked":["Darkness","Streamline"],"picked":"Ball Lightning","floor":20},{"not_picked":["Multi-Cast","Steam"],"picked":"Rebound+1","floor":22},{"not_picked":["Scrape","Coolheaded"],"picked":"Ball Lightning","floor":24},{"not_picked":["Steam","Ball Lightning"],"picked":"Redo","floor":25},{"not_picked":["Barrage","Cold Snap"],"picked":"Melter","floor":27},{"not_picked":["Compile Driver","Machine Learning"],"picked":"Sweeping Beam","floor":31},{"not_picked":["Reboot","Thunder Strike"],"picked":"Core Surge","floor":33},{"not_picked":["Turbo","Streamline"],"picked":"Go for the Eyes+1","floor":35},{"not_picked":["Rebound+1","Conserve Battery"],"picked":"Ball Lightning+1","floor":37},{"not_picked":["Darkness","Rip and Tear"],"picked":"Doom and Gloom","floor":38},{"not_picked":["Ball Lightning","Fusion+1"],"picked":"Aggregate","floor":39},{"not_picked":["Stack+1","Scrape"],"picked":"Loop+1","floor":44},{"not_picked":["Ball Lightning+1","Steam Power+1"],"picked":"Gash+1","floor":46},{"not_picked":["Gash","Cold Snap+1"],"picked":"Static Discharge+1","floor":47}],"player_experience":42126,"relics_obtained":[{"floor":9,"key":"Gambling Chip"},{"floor":21,"key":"Enchiridion"},{"floor":26,"key":"Pen Nib"},{"floor":27,"key":"FossilizedHelix"},{"floor":27,"key":"Matryoshka"},{"floor":31,"key":"Ornamental Fan"},{"floor":43,"key":"Boot"},{"floor":43,"key":"Nunchaku"}],"event_choices":[{"damage_healed":0,"gold_gain":0,"player_choice":"Got Potions","damage_taken":0,"max_hp_gain":0,"max_hp_loss":0,"event_name":"Lab","floor":2,"gold_loss":0},{"damage_healed":0,"gold_gain":0,"player_choice":"Box","damage_taken":0,"relics_obtained":["Incense Burner"],"max_hp_gain":0,"max_hp_loss":0,"event_name":"Big Fish","floor":11,"gold_loss":0,"cards_obtained":["Regret"]},{"damage_healed":0,"gold_gain":0,"player_choice":"Success","damage_taken":25,"relics_obtained":["Old Coin"],"max_hp_gain":0,"max_hp_loss":0,"event_name":"Scrap Ooze","floor":13,"gold_loss":0},{"damage_healed":0,"gold_gain":0,"player_choice":"Obtained Book","damage_taken":16,"max_hp_gain":0,"max_hp_loss":0,"event_name":"Cursed Tome","floor":21,"gold_loss":0},{"damage_healed":0,"gold_gain":0,"player_choice":"Fight","damage_taken":0,"max_hp_gain":0,"max_hp_loss":0,"event_name":"Colosseum","floor":27,"gold_loss":0},{"damage_healed":0,"gold_gain":0,"player_choice":"Fought Nobs","damage_taken":0,"max_hp_gain":0,"max_hp_loss":0,"event_name":"Colosseum","floor":27,"gold_loss":0},{"damage_healed":25,"gold_gain":0,"player_choice":"Heal","damage_taken":0,"max_hp_gain":0,"max_hp_loss":0,"event_name":"The Library","floor":29,"gold_loss":0},{"cards_removed":["Defend_B"],"damage_healed":0,"gold_gain":0,"player_choice":"Gave Gold","damage_taken":0,"max_hp_gain":0,"max_hp_loss":0,"event_name":"Beggar","floor":30,"gold_loss":75},{"damage_healed":0,"gold_gain":0,"player_choice":"Paid Gold","damage_taken":0,"relics_obtained":["Sundial"],"max_hp_gain":0,"max_hp_loss":0,"event_name":"WeMeetAgain","floor":36,"gold_loss":130},{"cards_removed":["Parasite"],"damage_healed":0,"gold_gain":0,"player_choice":"Removed Curses","damage_taken":0,"max_hp_gain":0,"max_hp_loss":0,"event_name":"Fountain of Cleansing","floor":41,"gold_loss":0},{"damage_healed":0,"gold_gain":0,"player_choice":"Upgraded","damage_taken":0,"max_hp_gain":0,"max_hp_loss":0,"event_name":"Upgrade Shrine","floor":45,"gold_loss":0,"cards_upgraded":["Capacitor"]}],"is_beta":false,"boss_relics":[{"not_picked":["Runic Dome","Runic Pyramid"],"picked":"Sozu"},{"not_picked":["Velvet Choker","Fusion Hammer"],"picked":"Nuclear Battery"}],"items_purged_floors":[19],"is_endless":false,"potions_floor_spawned":[3,5,18,22,25,27,31,35,39,46,47],"killed_by":"Awakened One","ascension_level":0}