{"path_per_floor":["M","?","M","$","M","R","?","M","T","$","E","?","M","M","R","B",null,"M","?","M","M","?"],"character_chosen":"DEFECT","items_purchased":["Capacitor","Loop"],"gold_per_floor":[113,113,132,61,81,81,81,96,96,16,47,12,29,47,47,147,147,147,147,102,102,102,102],"floor_reached":23,"campfire_rested":0,"playtime":795,"item_purchase_floors":[4,10],"current_hp_per_floor":[73,58,55,55,55,55,55,42,42,42,34,52,52,52,52,52,75,75,61,30,3,3,0],"items_purged":[],"gold":102,"score":292,"play_id":"49869976-52c0-4bd2-af68-e356b8be378d","local_time":"20180601174526","is_prod":false,"is_daily":false,"chose_seed":false,"is_ascension_mode":true,"campfire_upgraded":2,"win_rate":0,"timestamp":1527839126,"campfire_choices":[{"data":"Zap","floor":6,"key":"SMITH"},{"data":"Loop","floor":15,"key":"SMITH"}],"path_taken":["M","?","M","?","?","R","?","M","T","$","E","?","M","M","R","BOSS","M","?","M","M","?","E"],"build_version":"2018-05-31","seed_source_timestamp":104495425077890,"purchased_purges":0,"victory":false,"master_deck":["Strike_B+1","Strike_B","Strike_B","Strike_B","Defend_B","Defend_B","Defend_B","Defend_B+1","Zap+1","Dualcast","Ball Lightning+1","Leap","Ball Lightning","Capacitor","Cold Snap","Ball Lightning","Loop+1","Auto Shields","Multi-Cast","Rebound+1","Echo Form","Rebound+1","Redo","Ball Lightning+1"],"max_hp_per_floor":[75,75,75,75,75,75,75,75,75,75,75,75,75,75,75,75,75,75,80,80,80,80,80],"relics":["Cracked Core","Molten Egg 2","Matryoshka","Ectoplasm"],"card_choices":[{"not_picked":["Turbo","Gash"],"picked":"Ball Lightning","floor":0},{"not_picked":["Rip and Tear","Turbo"],"picked":"Leap","floor":1},{"not_picked":["Compile Driver","Melter"],"picked":"Ball Lightning","floor":3},{"not_picked":["Coolheaded","Steam"],"picked":"Cold Snap","floor":5},{"not_picked":["Streamline","BootSequence"],"picked":"Ball Lightning","floor":8},{"not_picked":["Gash+1","Steam"],"picked":"Auto Shields","floor":11},{"not_picked":["Double Energy","Beam Cell+1"],"picked":"Multi-Cast","floor":13},{"not_picked":["Steam","Chill"],"picked":"Rebound+1","floor":14},{"not_picked":["Meteor Strike+1","Creative AI"],"picked":"Echo Form","floor":16},{"not_picked":["Leap","Compile Driver+1"],"picked":"Rebound+1","floor":18},{"not_picked":["Stack","Compile Driver+1"],"picked":"Redo","floor":20},{"not_picked":["Redo","Cold Snap+1"],"picked":"Ball Lightning+1","floor":21}],"player_experience":131725,"potions_floor_usage":[11,18],"damage_taken":[{"damage":2,"enemies":"Jaw Worm","floor":1,"turns":3},{"damage":3,"enemies":"2 Louse","floor":3,"turns":3},{"damage":0,"enemies":"Cultist","floor":5,"turns":2},{"damage":13,"enemies":"Exordium Thugs","floor":8,"turns":3},{"damage":8,"enemies":"Gremlin Nob","floor":11,"turns":3},{"damage":0,"enemies":"2 Fungi Beasts","floor":13,"turns":2},{"damage":0,"enemies":"Large Slime","floor":14,"turns":4},{"damage":0,"enemies":"Slime Boss","floor":16,"turns":6},{"damage":0,"enemies":"Spheric Guardian","floor":18,"turns":3},{"damage":31,"enemies":"2 Thieves","floor":20,"turns":3},{"damage":27,"enemies":"Cultist and Chosen","floor":21,"turns":7},{"damage":8,"enemies":"Slavers","floor":23,"turns":1}],"relics_obtained":[{"floor":9,"key":"Molten Egg 2"},{"floor":11,"key":"Matryoshka"}],"event_choices":[{"event_name":"Shining Light","player_choice":"Entered Light","floor":2,"damage_taken":0},{"event_name":"Living Wall","player_choice":"Grow","floor":7,"damage_taken":0},{"event_name":"The Cleric","player_choice":"Healed","floor":12,"damage_taken":0},{"event_name":"Forgotten Altar","player_choice":"Shed Blood","floor":19,"damage_taken":0},{"event_name":"Drug Dealer","player_choice":"Ignored","floor":22,"damage_taken":0}],"boss_relics":[{"not_picked":["Runic Pyramid","Black Star"],"picked":"Ectoplasm"}],"items_purged_floors":[],"potions_floor_spawned":[1,13],"seed_played":"-5427872872609449305","killed_by":"Slavers","ascension_level":2,"potions_obtained":[{"floor":1,"key":"FearPotion"},{"floor":13,"key":"Explosive Potion"}],"is_trial":false}