{"gold_per_floor":[116,136,20,39,39,39,58,58,109,127,2,2,2,32,32,134,134,146,177,29,29,29,29,43,43,43,43,43,55,69,79,79,175,175,187,187,204,18,34,34,49,49,49,49,79,99,115,115],"floor_reached":48,"playtime":1991,"items_purged":["Strike_B"],"score":578,"play_id":"c6f0deee-6c0d-4f25-ba21-568875c8422a","local_time":"20190131140851","is_ascension_mode":true,"campfire_choices":[{"data":"Zap","floor":6,"key":"SMITH"},{"floor":12,"key":"REST"},{"floor":15,"key":"REST"},{"floor":23,"key":"REST"},{"floor":32,"key":"REST"},{"floor":40,"key":"REST"},{"floor":44,"key":"REST"}],"neow_cost":"NONE","seed_source_timestamp":1271937967139933,"circlet_count":0,"master_deck":["Strike_B","Defend_B","Defend_B","Zap+1","Dualcast","Stack","Loop","Hologram","Turbo","All For One","Sunder","Go for the Eyes","Reinforced Body","Electrodynamics","Leap+1","Undo","Conserve Battery+1","Gash","Conserve Battery+1","Echo Form+1","Auto Shields+1","Coolheaded+1","FTL","White Noise+1","Melter","Conserve Battery"],"relics":["Cracked Core","PreservedInsect","CultistMask","Vajra","Ancient Tea Set","Fusion Hammer","Red Mask","DataDisk","Dodecahedron","Black Star","Bag of Marbles","Mummified Hand","War Paint","Art of War"],"potions_floor_usage":[16,16,33,33,45],"damage_taken":[{"damage":7,"enemies":"Jaw Worm","floor":1,"turns":3},{"damage":4,"enemies":"2 Louse","floor":2,"turns":3},{"damage":10,"enemies":"Cultist","floor":4,"turns":5},{"damage":10,"enemies":"Red Slaver","floor":7,"turns":3},{"damage":1,"enemies":"Exordium Thugs","floor":10,"turns":4},{"damage":20,"enemies":"3 Sentries","floor":14,"turns":4},{"damage":25,"enemies":"Hexaghost","floor":16,"turns":9},{"damage":23,"enemies":"2 Thieves","floor":18,"turns":3},{"damage":0,"enemies":"Masked Bandits","floor":19,"turns":3},{"damage":8,"enemies":"Chosen","floor":24,"turns":4},{"damage":0,"enemies":"Snecko","floor":29,"turns":3},{"damage":0,"enemies":"Snake Plant","floor":30,"turns":4},{"damage":12,"enemies":"Centurion and Healer","floor":31,"turns":6},{"damage":31,"enemies":"Collector","floor":33,"turns":9},{"damage":17,"enemies":"3 Darklings","floor":35,"turns":6},{"damage":1,"enemies":"Orb Walker","floor":37,"turns":5},{"damage":43,"enemies":"Maw","floor":39,"turns":10},{"damage":0,"enemies":"4 Shapes","floor":41,"turns":2},{"damage":15,"enemies":"Nemesis","floor":45,"turns":7},{"damage":0,"enemies":"Sphere and 2 Shapes","floor":46,"turns":3},{"damage":32,"enemies":"Transient","floor":47,"turns":5},{"damage":14,"enemies":"Writhing Mass","floor":48,"turns":5}],"seed_played":"4580097633959712118","potions_obtained":[{"floor":1,"key":"Swift Potion"},{"floor":2,"key":"PowerPotion"},{"floor":24,"key":"PowerPotion"},{"floor":31,"key":"Block Potion"},{"floor":35,"key":"PowerPotion"},{"floor":39,"key":"LiquidBronze"},{"floor":46,"key":"Poison Potion"},{"floor":47,"key":"SteroidPotion"}],"is_trial":false,"path_per_floor":["M","M","$","M","?","R","M","?","T","M","$","R","$","E","R","B",null,"M","?","$","?","$","R","M","?","T","$","?","M","M","M","R","B",null,"M","?","M","$","M","R","M","?","T","R","E","M","M","M"],"character_chosen":"DEFECT","items_purchased":["Loop","Hologram","Go for the Eyes","DataDisk","FTL","Bag of Marbles"],"campfire_rested":6,"item_purchase_floors":[3,3,11,20,38,38],"current_hp_per_floor":[68,64,64,54,54,54,44,44,44,43,43,65,65,45,67,42,67,44,44,44,30,30,54,46,46,46,46,46,46,46,34,58,27,67,50,50,49,49,6,30,30,30,30,54,39,39,7,0],"gold":115,"neow_bonus":"RANDOM_COMMON_RELIC","is_prod":false,"is_daily":false,"chose_seed":false,"campfire_upgraded":1,"win_rate":0,"timestamp":1548961731,"path_taken":["M","M","$","M","?","R","M","?","T","?","?","R","$","E","R","BOSS","M","?","$","?","$","R","M","?","T","?","?","?","M","M","R","BOSS","M","?","M","$","?","R","M","?","T","R","E","M","M","?"],"build_version":"2019-01-23","purchased_purges":1,"victory":false,"max_hp_per_floor":[75,75,75,75,75,75,75,75,75,75,75,75,75,75,75,75,75,75,75,75,80,80,80,80,80,80,80,80,80,80,80,80,80,80,80,80,80,80,80,80,80,80,80,80,80,80,80,80],"card_choices":[{"not_picked":["Gash","Beam Cell","Scrape"],"picked":"SKIP","floor":1},{"not_picked":["Barrage","Aggregate"],"picked":"Stack","floor":2},{"not_picked":["Barrage","Stack"],"picked":"Turbo","floor":4},{"not_picked":["Force Field","Steam"],"picked":"Sunder","floor":7},{"not_picked":["Compile Driver","Redo","Turbo"],"picked":"SKIP","floor":10},{"not_picked":["Stack","Beam Cell"],"picked":"Reinforced Body","floor":14},{"not_picked":["Core Surge","Hyperbeam"],"picked":"Electrodynamics","floor":16},{"not_picked":["Barrage+1","Go for the Eyes"],"picked":"Leap+1","floor":18},{"not_picked":["Leap","Genetic Algorithm"],"picked":"Undo","floor":19},{"not_picked":["Genetic Algorithm","Machine Learning"],"picked":"Conserve Battery","floor":24},{"not_picked":["Stack","Tempest"],"picked":"Conserve Battery+1","floor":29},{"not_picked":["Sweeping Beam","Genetic Algorithm","Consume"],"picked":"SKIP","floor":30},{"not_picked":["Barrage","Steam","Steam Power"],"picked":"SKIP","floor":31},{"not_picked":["Multi-Cast","Reboot"],"picked":"Echo Form","floor":33},{"not_picked":["Gash+1","Turbo","Ball Lightning"],"picked":"SKIP","floor":35},{"not_picked":["Steam+1","Scrape"],"picked":"Coolheaded+1","floor":37},{"not_picked":["Go for the Eyes+1","Leap+1"],"picked":"White Noise+1","floor":39},{"not_picked":["Genetic Algorithm","Hello World","Steam"],"picked":"SKIP","floor":41},{"not_picked":["Echo Form","Beam Cell+1"],"picked":"Melter","floor":45},{"not_picked":["Turbo+1","Reprogram","Leap"],"picked":"SKIP","floor":46},{"not_picked":["Sunder+1","Barrage"],"picked":"Conserve Battery","floor":47}],"player_experience":290191,"relics_obtained":[{"floor":9,"key":"Vajra"},{"floor":14,"key":"Ancient Tea Set"},{"floor":19,"key":"Red Mask"},{"floor":26,"key":"Dodecahedron"},{"floor":43,"key":"Mummified Hand"},{"floor":45,"key":"War Paint"},{"floor":45,"key":"Art of War"}],"event_choices":[{"damage_healed":0,"gold_gain":0,"cards_transformed":["Strike_B"],"player_choice":"Change","damage_taken":0,"max_hp_gain":0,"max_hp_loss":0,"event_name":"Living Wall","floor":5,"gold_loss":0,"cards_obtained":["All For One"]},{"damage_healed":0,"gold_gain":0,"player_choice":"Trade","damage_taken":0,"relics_obtained":["CultistMask"],"max_hp_gain":0,"max_hp_loss":0,"event_name":"FaceTrader","floor":8,"gold_loss":0},{"damage_healed":0,"gold_gain":0,"player_choice":"Fought Bandits","damage_taken":0,"max_hp_gain":0,"max_hp_loss":0,"event_name":"Masked Bandits","floor":19,"gold_loss":0},{"damage_healed":0,"gold_gain":0,"player_choice":"Shed Blood","damage_taken":19,"max_hp_gain":5,"max_hp_loss":0,"event_name":"Forgotten Altar","floor":21,"gold_loss":0},{"damage_healed":0,"gold_gain":0,"cards_transformed":["Defend_B","Defend_B"],"player_choice":"Became Test Subject","damage_taken":0,"max_hp_gain":0,"max_hp_loss":0,"event_name":"Drug Dealer","floor":25,"gold_loss":0,"cards_obtained":["Reprogram","Gash"]},{"cards_removed":["Reprogram"],"damage_healed":0,"gold_gain":0,"player_choice":"Purged","damage_taken":0,"max_hp_gain":0,"max_hp_loss":0,"event_name":"Purifier","floor":28,"gold_loss":0},{"damage_healed":0,"gold_gain":0,"cards_transformed":["Strike_B"],"player_choice":"Transformed","damage_taken":0,"max_hp_gain":0,"max_hp_loss":0,"event_name":"Transmorgrifier","floor":36,"gold_loss":0,"cards_obtained":["Auto Shields"]},{"damage_healed":0,"gold_gain":0,"player_choice":"Upgraded","damage_taken":0,"max_hp_gain":0,"max_hp_loss":0,"event_name":"Upgrade Shrine","floor":42,"gold_loss":0,"cards_upgraded":["Echo Form"]}],"is_beta":false,"boss_relics":[{"not_picked":["Busted Crown","Lizard Tail"],"picked":"Fusion Hammer"},{"not_picked":["Velvet Choker","Runic Pyramid"],"picked":"Black Star"}],"items_purged_floors":[11],"is_endless":false,"potions_floor_spawned":[1,2,24,31,35,39,46,47],"killed_by":"Writhing Mass","ascension_level":5}