{"gold_per_floor":[109,109,125,125,144,144,179,179,206,219,219,239,164,89,89,167,167,180,70,85,85,104,136,150,184,210,220,240,240,240,251,251,325,325,335,435,435,97,97,132,132],"floor_reached":41,"playtime":3362,"items_purged":["Strike_B","Capacitor"],"score":1223,"play_id":"e1769f0d-b209-4a91-8653-ae52ed714deb","local_time":"20190214221930","is_ascension_mode":true,"campfire_choices":[{"floor":6.0,"key":"REST"},{"data":"Zap","floor":8.0,"key":"SMITH"},{"data":"Undo","floor":11.0,"key":"SMITH"},{"data":"Leap","floor":15.0,"key":"SMITH"},{"floor":30.0,"key":"REST"},{"data":"Defragment","floor":32.0,"key":"SMITH"}],"neow_cost":"TEN_PERCENT_HP_LOSS","seed_source_timestamp":0,"circlet_count":0,"master_deck":["AscendersBane","Defend_B+1","Defend_B+1","Zap+1","Dualcast+1","Leap+1","Tempest","Tempest+1","Tempest","Conserve Battery+1","Undo+1","Turbo","Echo Form","Streamline+1","Defragment+1","Electrodynamics","Reinforced Body"],"special_seed":0,"relics":["Cracked Core","Dream Catcher","War Paint","Velvet Choker","Shuriken","Lantern","Blood Vial","Inserter","Girya","Regal Pillow","Darkstone Periapt"],"potions_floor_usage":[40],"damage_taken":[{"damage":1.0,"enemies":"Cultist","floor":1.0,"turns":4.0},{"damage":7.0,"enemies":"Small Slimes","floor":3.0,"turns":3.0},{"damage":2.0,"enemies":"Jaw Worm","floor":5.0,"turns":3.0},{"damage":20.0,"enemies":"Gremlin Nob","floor":7.0,"turns":3.0},{"damage":1.0,"enemies":"Gremlin Gang","floor":10.0,"turns":5.0},{"damage":0.0,"enemies":"Red Slaver","floor":12.0,"turns":3.0},{"damage":0.0,"enemies":"The Guardian","floor":16.0,"turns":12.0},{"damage":0.0,"enemies":"Spheric Guardian","floor":18.0,"turns":3.0},{"damage":0.0,"enemies":"Chosen","floor":20.0,"turns":3.0},{"damage":7.0,"enemies":"Shelled Parasite and Fungi","floor":22.0,"turns":8.0},{"damage":12.0,"enemies":"Gremlin Leader","floor":23.0,"turns":6.0},{"damage":0.0,"enemies":"Snecko","floor":24.0,"turns":3.0},{"damage":20.0,"enemies":"Slavers","floor":25.0,"turns":4.0},{"damage":0.0,"enemies":"Sentry and Sphere","floor":27.0,"turns":5.0},{"damage":7.0,"enemies":"Centurion and Healer","floor":28.0,"turns":4.0},{"damage":1.0,"enemies":"Snecko","floor":31.0,"turns":6.0},{"damage":23.0,"enemies":"Champ","floor":33.0,"turns":6.0},{"damage":8.0,"enemies":"Orb Walker","floor":35.0,"turns":3.0},{"damage":0.0,"enemies":"Mind Bloom Boss Battle","floor":36.0,"turns":5.0},{"damage":32,"enemies":"Reptomancer","floor":40,"turns":4},{"damage":22,"enemies":"3 Darklings","floor":41,"turns":2}],"seed_played":"3772801291066405029","potions_obtained":[{"floor":1.0,"key":"Poison Potion"},{"floor":7.0,"key":"Ancient Potion"},{"floor":12.0,"key":"Fire Potion"},{"floor":23.0,"key":"Explosive Potion"},{"floor":24.0,"key":"Weak Potion"},{"floor":25.0,"key":"SpeedPotion"},{"floor":31.0,"key":"FocusPotion"},{"floor":33.0,"key":"PowerPotion"},{"floor":36.0,"key":"SpeedPotion"}],"is_trial":false,"path_per_floor":["M","?","M","?","M","R","E","R","T","M","R","M","$","?","R","B",null,"M","?","M","$","M","E","M","E","T","M","M","?","R","M","R","B",null,"M","?","?","$","?","E","M"],"character_chosen":"DEFECT","items_purchased":["Reinforced Body","Regal Pillow"],"campfire_rested":2,"item_purchase_floors":[38,38],"current_hp_per_floor":[63,63,56,37,35,54,34,34,34,33,33,33,33,33,33,33,56,56,56,56,56,49,37,37,17,17,19,14,14,33,34,34,13,51,45,47,47,47,47,17,0],"gold":132,"neow_bonus":"TRANSFORM_TWO_CARDS","is_prod":false,"is_daily":false,"chose_seed":false,"campfire_upgraded":4,"win_rate":0,"timestamp":1550179170,"path_taken":["M","?","M","?","M","R","E","R","T","M","R","M","$","?","R","BOSS","M","?","?","?","M","E","M","E","T","M","M","?","R","M","R","BOSS","M","?","?","$","?","E","M"],"build_version":"2019-01-23","purchased_purges":2,"victory":false,"max_hp_per_floor":[64,64,64,64,64,64,64,64,64,64,64,64,64,64,64,64,64,64,64,64,64,64,64,64,64,64,64,64,64,64,64,64,64,64,64,64,64,64,61,61,61],"card_choices":[{"not_picked":["Beam Cell","Steam"],"picked":"Leap","floor":1.0},{"not_picked":["Sweeping Beam","Defragment"],"picked":"Tempest","floor":3.0},{"not_picked":["Conserve Battery","Beam Cell"],"picked":"Tempest","floor":5.0},{"not_picked":["Rebound","Ball Lightning"],"picked":"Conserve Battery","floor":7.0},{"not_picked":["Skim","Melter"],"picked":"Undo","floor":10.0},{"not_picked":["Streamline","Scrape"],"picked":"Turbo","floor":12.0},{"not_picked":["Seek","Buffer"],"picked":"Echo Form","floor":16.0},{"not_picked":["Heatsinks","Conserve Battery","Hologram"],"picked":"SKIP","floor":18.0},{"not_picked":["Go for the Eyes","Hologram","Doom and Gloom"],"picked":"SKIP","floor":20.0},{"not_picked":["Cold Snap","Skim"],"picked":"Streamline+1","floor":22.0},{"not_picked":["Redo","Scrape"],"picked":"Capacitor","floor":23.0},{"not_picked":["Coolheaded","Meteor Strike","Redo"],"picked":"SKIP","floor":24.0},{"not_picked":["Scrape","Cold Snap","Hologram"],"picked":"SKIP","floor":25.0},{"not_picked":["Redo","Go for the Eyes"],"picked":"Defragment","floor":27.0},{"not_picked":["Steam Power+1","Steam+1","Heatsinks"],"picked":"SKIP","floor":28.0},{"not_picked":["Go for the Eyes","Redo","Undo"],"picked":"SKIP","floor":31.0},{"not_picked":["Reboot","Biased Cognition"],"picked":"Electrodynamics","floor":33.0},{"not_picked":["Beam Cell+1","Double Energy","Doom and Gloom"],"picked":"SKIP","floor":35.0},{"not_picked":["Skim+1","Rebound","Streamline"],"picked":"SKIP","floor":40}],"player_experience":766447,"relics_obtained":[{"floor":7.0,"key":"Dream Catcher"},{"floor":9.0,"key":"War Paint"},{"floor":23.0,"key":"Shuriken"},{"floor":25.0,"key":"Lantern"},{"floor":26.0,"key":"Blood Vial"},{"floor":36.0,"key":"Girya"},{"floor":40,"key":"Darkstone Periapt"}],"event_choices":[{"damage_healed":0.0,"max_hp_gain":0.0,"max_hp_loss":0.0,"gold_gain":0.0,"cards_transformed":["Defend_B"],"event_name":"Living Wall","player_choice":"Change","floor":2.0,"gold_loss":0.0,"damage_taken":0.0,"cards_obtained":["Tempest"]},{"damage_healed":0.0,"max_hp_gain":0.0,"max_hp_loss":0.0,"gold_gain":0.0,"event_name":"Shining Light","player_choice":"Entered Light","floor":4.0,"gold_loss":0.0,"damage_taken":19.0,"cards_upgraded":["Dualcast","Defend_B"]},{"cards_removed":["Strike_B"],"damage_healed":0.0,"max_hp_gain":0.0,"max_hp_loss":0.0,"gold_gain":0.0,"event_name":"The Cleric","player_choice":"Card Removal","floor":14.0,"gold_loss":75.0,"damage_taken":0.0},{"cards_removed":["Defend_B"],"damage_healed":0.0,"max_hp_gain":0.0,"max_hp_loss":0.0,"gold_gain":0.0,"event_name":"Designer","player_choice":"Upgrade and Remove","floor":19.0,"gold_loss":110.0,"damage_taken":0.0,"cards_upgraded":["Tempest"]},{"damage_healed":0.0,"max_hp_gain":0.0,"max_hp_loss":0.0,"gold_gain":0.0,"event_name":"Cursed Tome","player_choice":"Ignored","floor":29.0,"gold_loss":0.0,"damage_taken":0.0},{"damage_healed":0.0,"max_hp_gain":0.0,"max_hp_loss":0.0,"gold_gain":0.0,"event_name":"MindBloom","player_choice":"Fight","floor":36.0,"gold_loss":0.0,"damage_taken":0.0},{"damage_healed":0.0,"max_hp_gain":0.0,"max_hp_loss":0.0,"gold_gain":0.0,"event_name":"SensoryStone","player_choice":"Memory 1","floor":37.0,"gold_loss":0.0,"damage_taken":0.0},{"damage_healed":0,"gold_gain":0,"player_choice":"Max HP","damage_taken":0,"max_hp_gain":0,"max_hp_loss":3,"event_name":"Winding Halls","floor":39,"gold_loss":0}],"is_beta":false,"boss_relics":[{"not_picked":["FrozenCore","Philosopher\u0027s Stone"],"picked":"Velvet Choker"},{"not_picked":["Black Star","Coffee Dripper"],"picked":"Inserter"}],"items_purged_floors":[13,38],"is_endless":false,"potions_floor_spawned":[1,7,12,23,24,25,31,33,36],"killed_by":"3 Darklings","ascension_level":17}