{"gold_per_floor":[113,113,130,140,315,315,315,74,101,101,51,66,94,104,104,199,199,213,230,230,246,261,261,211,211,235,261,261,276,276],"floor_reached":30,"playtime":3095,"items_purged":["Strike_G","Defend_G"],"score":350,"play_id":"5c8916c2-770b-48ab-9033-087d1031c9cf","local_time":"20190119115626","is_ascension_mode":false,"campfire_choices":[{"data":"Deadly Poison","floor":6,"key":"SMITH"},{"data":"Chrysalis","floor":10,"key":"SMITH"},{"floor":15,"key":"REST"},{"data":"Burst","floor":23,"key":"SMITH"},{"data":"Backflip","floor":28,"key":"SMITH"}],"neow_cost":"TEN_PERCENT_HP_LOSS","seed_source_timestamp":0,"circlet_count":0,"master_deck":["Defend_G","Defend_G","Defend_G","Strike_G","Strike_G","Survivor","Neutralize","Deadly Poison+1","Backflip+1","Bane","PiercingWail","Chrysalis+1","Burst+1","Blur+1","Deadly Poison+1","Noxious Fumes+1"],"special_seed":0,"relics":["Ring of the Serpent","Pen Nib","Smiling Mask","Potion Belt","Tough Bandages"],"potions_floor_usage":[27,29,30,30],"damage_taken":[{"damage":0,"enemies":"Jaw Worm","floor":1,"turns":4},{"damage":0,"enemies":"Cultist","floor":3,"turns":4},{"damage":0,"enemies":"Small Slimes","floor":4,"turns":5},{"damage":2,"enemies":"2 Fungi Beasts","floor":12,"turns":4},{"damage":37,"enemies":"Gremlin Nob","floor":13,"turns":5},{"damage":2,"enemies":"3 Louse","floor":14,"turns":4},{"damage":7,"enemies":"Hexaghost","floor":16,"turns":9},{"damage":5,"enemies":"Shell Parasite","floor":18,"turns":5},{"damage":17,"enemies":"2 Thieves","floor":19,"turns":5},{"damage":19,"enemies":"Shelled Parasite and Fungi","floor":21,"turns":6},{"damage":2,"enemies":"Sentry and Sphere","floor":22,"turns":7},{"damage":7,"enemies":"Book of Stabbing","floor":27,"turns":8},{"damage":44,"enemies":"3 Cultists","floor":29,"turns":7},{"damage":7,"enemies":"Centurion and Healer","floor":30,"turns":5}],"seed_played":"-8858303254468615590","potions_obtained":[{"floor":13,"key":"FearPotion"},{"floor":14,"key":"Strength Potion"},{"floor":16,"key":"FearPotion"},{"floor":22,"key":"SkillPotion"},{"floor":25,"key":"Regen Potion"},{"floor":29,"key":"Strength Potion"}],"is_trial":false,"path_per_floor":["M","?","M","M","?","R","?","$","T","R","?","M","E","M","R","B",null,"M","M","?","M","M","R","$","?","T","E","R","M","M"],"character_chosen":"THE_SILENT","items_purchased":["Chrysalis"],"campfire_rested":1,"item_purchase_floors":[8],"current_hp_per_floor":[63,63,63,63,63,63,63,63,63,63,63,61,24,22,40,33,63,58,41,63,44,42,42,42,42,42,50,50,6,0],"gold":276,"neow_bonus":"TRANSFORM_TWO_CARDS","is_prod":false,"is_daily":false,"chose_seed":false,"campfire_upgraded":4,"win_rate":0.0,"timestamp":1547895386,"path_taken":["M","?","?","M","?","R","?","$","T","R","?","M","E","M","R","BOSS","M","M","?","?","M","R","$","?","T","E","R","M","?"],"build_version":"2019-01-17v2","purchased_purges":2,"victory":false,"max_hp_per_floor":[63,63,63,63,63,63,63,63,63,63,63,63,63,63,63,63,63,63,63,63,63,63,63,63,63,63,63,63,63,63],"card_choices":[{"not_picked":["Quick Slash","Footwork"],"picked":"Backflip","floor":1},{"not_picked":["Sucker Punch","Expertise"],"picked":"Bane","floor":3},{"not_picked":["Flying Knee","Bouncing Flask"],"picked":"PiercingWail","floor":4},{"not_picked":["Sucker Punch","Outmaneuver","Corpse Explosion"],"picked":"SKIP","floor":12},{"not_picked":["Reflex","Leg Sweep","PiercingWail"],"picked":"SKIP","floor":13},{"not_picked":["Outmaneuver","Deflect","Slice"],"picked":"SKIP","floor":14},{"not_picked":["Venomology","Corpse Explosion"],"picked":"Burst","floor":16},{"not_picked":["Underhanded Strike+1","Dagger Throw"],"picked":"Blur+1","floor":18},{"not_picked":["Backflip","Distraction"],"picked":"Deadly Poison+1","floor":19},{"not_picked":["Deadly Poison","Sucker Punch","Leg Sweep+1"],"picked":"SKIP","floor":21},{"not_picked":["Calculated Gamble","Slice","Dagger Spray"],"picked":"SKIP","floor":22},{"not_picked":["Prepared","Bane","Tactician+1"],"picked":"SKIP","floor":27},{"not_picked":["Dagger Throw","Well Laid Plans"],"picked":"Noxious Fumes+1","floor":29}],"player_experience":10870,"relics_obtained":[{"floor":9,"key":"Pen Nib"},{"floor":13,"key":"Smiling Mask"},{"floor":26,"key":"Potion Belt"},{"floor":27,"key":"Tough Bandages"}],"event_choices":[{"cards_removed":["Calculated Gamble"],"damage_healed":0,"gold_gain":0,"player_choice":"Offered Uncommon","damage_taken":0,"max_hp_gain":0,"max_hp_loss":0,"event_name":"Bonfire Elementals","floor":2,"gold_loss":0},{"damage_healed":0,"gold_gain":175,"player_choice":"AGREE","damage_taken":0,"max_hp_gain":0,"max_hp_loss":0,"event_name":"Liars Game","floor":5,"gold_loss":0,"cards_obtained":["Doubt"]},{"cards_removed":["Doubt"],"damage_healed":0,"gold_gain":0,"player_choice":"Forget","damage_taken":0,"max_hp_gain":0,"max_hp_loss":0,"event_name":"Living Wall","floor":7,"gold_loss":0},{"cards_removed":["Defend_G"],"damage_healed":0,"gold_gain":0,"player_choice":"Card Removal","damage_taken":0,"max_hp_gain":0,"max_hp_loss":0,"event_name":"The Cleric","floor":11,"gold_loss":50},{"damage_healed":22,"gold_gain":0,"player_choice":"Full Heal","damage_taken":0,"max_hp_gain":0,"max_hp_loss":0,"event_name":"Wheel of Change","floor":20,"gold_loss":0},{"damage_healed":0,"gold_gain":0,"player_choice":"Got Potions","damage_taken":0,"max_hp_gain":0,"max_hp_loss":0,"event_name":"Lab","floor":25,"gold_loss":0}],"is_beta":false,"boss_relics":[{"not_picked":["WristBlade","Eternal Feather"],"picked":"Ring of the Serpent"}],"items_purged_floors":[8,24],"is_endless":false,"potions_floor_spawned":[13,14,16,22,29],"killed_by":"Centurion and Healer","ascension_level":0}