{"gold_per_floor":[118,118,39,53,53,53,64,64,114,134,134,167,167,187,187,259,259,276,161,161,175,192,192,208,238,238,238,138,149,207,222,222,298,298,317,334,183,183,183,183,102,129,174,253,264,291,291,307,307,307],"floor_reached":51,"playtime":3716,"items_purged":["Double Energy","Clumsy"],"score":1416,"play_id":"3ade5411-a7e1-4b18-a385-089322576d92","local_time":"20181226013431","is_ascension_mode":true,"campfire_choices":[{"data":"Sunder","floor":6,"key":"SMITH"},{"data":"Recycle","floor":8,"key":"SMITH"},{"data":"Double Energy","floor":11,"key":"SMITH"},{"data":"Turbo","floor":13,"key":"SMITH"},{"data":"Sunder","floor":15,"key":"SMITH"},{"data":"Meteor Strike","floor":23,"key":"SMITH"},{"data":"Sunder","floor":27,"key":"SMITH"},{"data":"Sunder","floor":32,"key":"SMITH"},{"data":"Buffer","floor":40,"key":"SMITH"},{"data":"Echo Form","floor":47,"key":"SMITH"},{"data":"Consume","floor":49,"key":"SMITH"}],"neow_cost":"TEN_PERCENT_HP_LOSS","seed_source_timestamp":48578056099680,"circlet_count":0,"master_deck":["AscendersBane","Strike_B+1","Strike_B+1","Defend_B+1","Defend_B+1","Defend_B+1","Defend_B+1","Zap","Dualcast","Double Energy+1","Sunder+1","Glacier+1","Zap","Self Repair","Turbo+1","Recycle+1","Hello World","Sunder+1","Meteor Strike+1","Consume+1","Fusion","Sunder+1","Sunder+1","Reinforced Body","Buffer+1","Tempest+1","Glacier","Madness","Madness","Madness","Reinforced Body","Echo Form+1","Static Discharge+1"],"relics":["Cracked Core","Orichalcum","Happy Flower","Snecko Eye","Ancient Tea Set","Gremlin Horn","Tiny Chest","Coffee Dripper","Oddly Smooth Stone","War Paint","Mercury Hourglass","Smiling Mask"],"potions_floor_usage":[12,14,16,18,18,25,29,33,35,35,50],"damage_taken":[{"damage":0,"enemies":"Jaw Worm","floor":1,"turns":3},{"damage":1,"enemies":"Cultist","floor":4,"turns":3},{"damage":0,"enemies":"2 Louse","floor":7,"turns":1},{"damage":0,"enemies":"Looter","floor":10,"turns":1},{"damage":28,"enemies":"Gremlin Nob","floor":12,"turns":5},{"damage":22,"enemies":"3 Louse","floor":14,"turns":4},{"damage":0,"enemies":"Slime Boss","floor":16,"turns":7},{"damage":12,"enemies":"3 Byrds","floor":18,"turns":3},{"damage":11,"enemies":"2 Thieves","floor":21,"turns":3},{"damage":4,"enemies":"Chosen and Byrds","floor":22,"turns":4},{"damage":8,"enemies":"Centurion and Healer","floor":24,"turns":4},{"damage":0,"enemies":"Gremlin Leader","floor":25,"turns":5},{"damage":3,"enemies":"Shelled Parasite and Fungi","floor":29,"turns":3},{"damage":12,"enemies":"Slavers","floor":30,"turns":4},{"damage":0,"enemies":"Snake Plant","floor":31,"turns":2},{"damage":46,"enemies":"Champ","floor":33,"turns":9},{"damage":0,"enemies":"3 Darklings","floor":35,"turns":2},{"damage":0,"enemies":"3 Shapes","floor":36,"turns":2},{"damage":7,"enemies":"Giant Head","floor":42,"turns":7},{"damage":2,"enemies":"Transient","floor":45,"turns":5},{"damage":0,"enemies":"Nemesis","floor":46,"turns":7},{"damage":0,"enemies":"4 Shapes","floor":48,"turns":2},{"damage":50,"enemies":"Time Eater","floor":50,"turns":10}],"seed_played":"-2130745049356133815","potions_obtained":[{"floor":4,"key":"LiquidBronze"},{"floor":10,"key":"Strength Potion"},{"floor":12,"key":"Block Potion"},{"floor":14,"key":"Poison Potion"},{"floor":16,"key":"Fruit Juice"},{"floor":21,"key":"Ancient Potion"},{"floor":22,"key":"Fire Potion"},{"floor":25,"key":"Weak Potion"},{"floor":30,"key":"Explosive Potion"},{"floor":33,"key":"FearPotion"},{"floor":36,"key":"SteroidPotion"},{"floor":46,"key":"Swift Potion"}],"is_trial":false,"path_per_floor":["M","?","$","M","$","R","M","R","T","M","R","E","R","M","R","B",null,"M","$","?","M","M","R","M","E","T","R","$","M","E","M","R","B",null,"M","M","$","?","?","R","$","E","T","T","M","E","R","M","R","B",null],"character_chosen":"DEFECT","items_purchased":["Self Repair","Consume","Oddly Smooth Stone","Reinforced Body"],"campfire_rested":0,"item_purchase_floors":[3,19,37,41],"current_hp_per_floor":[64,64,64,63,63,63,63,63,63,63,63,42,42,27,27,34,57,57,57,57,53,56,56,55,62,62,62,62,66,61,61,61,22,57,64,69,69,57,57,57,57,57,57,57,62,69,69,69,69,19],"gold":307,"neow_bonus":"TRANSFORM_TWO_CARDS","is_prod":false,"is_daily":false,"chose_seed":false,"campfire_upgraded":11,"win_rate":0,"timestamp":1545784471,"path_taken":["M","?","?","M","$","R","M","R","T","M","R","E","R","M","R","BOSS","M","$","?","M","M","R","M","E","T","R","$","M","E","M","R","BOSS","M","M","$","?","?","R","$","E","T","?","M","E","R","?","R","BOSS"],"build_version":"2018-12-20","purchased_purges":2,"victory":true,"max_hp_per_floor":[64,64,64,64,64,64,64,64,64,64,64,64,64,64,64,64,64,69,69,69,69,69,69,69,69,69,69,69,69,69,69,69,69,69,69,69,69,69,69,69,69,69,69,69,69,69,69,69,69,69],"card_choices":[{"not_picked":["Redo","Steam"],"picked":"Glacier","floor":1},{"not_picked":["FTL","Rebound"],"picked":"Turbo","floor":4},{"not_picked":["Lockon","Steam"],"picked":"Recycle","floor":7},{"not_picked":["Barrage","Streamline"],"picked":"Double Energy","floor":10},{"not_picked":["Compile Driver","BootSequence"],"picked":"Hello World","floor":12},{"not_picked":["Stack","Rip and Tear"],"picked":"Sunder","floor":14},{"not_picked":["Seek","Core Surge"],"picked":"Meteor Strike","floor":16},{"not_picked":["Redo","Defragment","Hologram"],"picked":"SKIP","floor":18},{"not_picked":["Heatsinks+1","Rebound"],"picked":"Fusion","floor":21},{"not_picked":["Consume","Streamline","Chaos+1"],"picked":"SKIP","floor":22},{"not_picked":["Turbo+1","Compile Driver"],"picked":"Sunder","floor":24},{"not_picked":["Fusion","Reinforced Body+1"],"picked":"Sunder","floor":25},{"not_picked":["Conserve Battery","Defragment+1","Sweeping Beam"],"picked":"SKIP","floor":29},{"not_picked":["Streamline","Steam"],"picked":"Reinforced Body","floor":30},{"not_picked":["Turbo","Heatsinks","Coolheaded"],"picked":"SKIP","floor":31},{"not_picked":["Creative AI","Core Surge"],"picked":"Buffer","floor":33},{"not_picked":["White Noise","Gash"],"picked":"Tempest","floor":35},{"not_picked":["Redo","Leap+1"],"picked":"Glacier","floor":36},{"not_picked":["The Bomb","Purity"],"picked":"Madness","floor":39},{"not_picked":["Barrage","Buffer"],"picked":"Echo Form","floor":42},{"not_picked":["Stack+1","Gash","Rip and Tear"],"picked":"SKIP","floor":45},{"not_picked":["Hologram+1","Stack","Turbo"],"picked":"SKIP","floor":46},{"not_picked":["Ball Lightning","Coolheaded"],"picked":"Static Discharge+1","floor":48}],"player_experience":651900,"relics_obtained":[{"floor":9,"key":"Orichalcum"},{"floor":12,"key":"Happy Flower"},{"floor":25,"key":"Ancient Tea Set"},{"floor":26,"key":"Gremlin Horn"},{"floor":30,"key":"Tiny Chest"},{"floor":42,"key":"War Paint"},{"floor":44,"key":"Mercury Hourglass"},{"floor":46,"key":"Smiling Mask"}],"event_choices":[{"damage_healed":0,"gold_gain":0,"player_choice":"2 cards matched","damage_taken":0,"max_hp_gain":0,"max_hp_loss":0,"event_name":"Match and Keep!","floor":2,"gold_loss":0,"cards_obtained":["Clumsy","Zap"]},{"damage_healed":0,"gold_gain":0,"player_choice":"Simplicity","damage_taken":0,"max_hp_gain":0,"max_hp_loss":0,"event_name":"Back to Basics","floor":20,"gold_loss":0,"cards_upgraded":["Strike_B","Strike_B","Defend_B","Defend_B","Defend_B","Defend_B"]},{"damage_healed":0,"gold_gain":0,"player_choice":"Embrace Madness","damage_taken":12,"max_hp_gain":0,"max_hp_loss":0,"event_name":"Winding Halls","floor":38,"gold_loss":0,"cards_obtained":["Madness","Madness"]},{"damage_healed":0,"gold_gain":0,"player_choice":"Memory 1","damage_taken":0,"max_hp_gain":0,"max_hp_loss":0,"event_name":"SensoryStone","floor":39,"gold_loss":0}],"is_beta":false,"boss_relics":[{"not_picked":["Lizard Tail","Fusion Hammer"],"picked":"Snecko Eye"},{"not_picked":["Eternal Feather","FrozenCore"],"picked":"Coffee Dripper"}],"items_purged_floors":[19,28],"is_endless":false,"potions_floor_spawned":[4,10,12,14,16,21,22,25,30,33,36,46],"ascension_level":15}