{"gold_per_floor":[111,91,91,108,119,119,149,164,238,258,282,347,361,377,377,475,475,400,68,85,85,85,85,98,98],"floor_reached":25,"playtime":2699,"items_purged":["Defend_B"],"score":350,"play_id":"c039dbdc-c191-43d9-9a99-40e8b25b044b","local_time":"20180916181659","is_ascension_mode":true,"campfire_choices":[{"data":"Zap","floor":6.0,"key":"SMITH"},{"data":"Strike_B","floor":15.0,"key":"PURGE"},{"data":"Blizzard","floor":23,"key":"SMITH"}],"neow_cost":"","seed_source_timestamp":0,"circlet_count":0,"master_deck":["Strike_B","Strike_B","Strike_B","Defend_B","Defend_B","Zap+1","Dualcast","AscendersBane","Blizzard+1","BootSequence","Coolheaded","Genetic Algorithm","Glacier","Reinforced Body","Coolheaded","Glacier","Consume","Blizzard"],"special_seed":0,"relics":["Cracked Core","Peace Pipe","Orichalcum","Pantograph","Odd Mushroom","Pear","Inserter","Meat on the Bone"],"potions_floor_usage":[18,25],"damage_taken":[{"damage":0.0,"enemies":"Small Slimes","floor":1.0,"turns":2.0},{"damage":1.0,"enemies":"Cultist","floor":4.0,"turns":3.0},{"damage":0.0,"enemies":"2 Louse","floor":5.0,"turns":3.0},{"damage":25.0,"enemies":"3 Sentries","floor":7.0,"turns":11.0},{"damage":13.0,"enemies":"Exordium Thugs","floor":8.0,"turns":5.0},{"damage":0.0,"enemies":"3 Louse","floor":10.0,"turns":4.0},{"damage":9.0,"enemies":"The Mushroom Lair","floor":11.0,"turns":4.0},{"damage":0.0,"enemies":"Gremlin Nob","floor":12.0,"turns":6.0},{"damage":0.0,"enemies":"Blue Slaver","floor":13.0,"turns":6.0},{"damage":4.0,"enemies":"Lots of Slimes","floor":14.0,"turns":6.0},{"damage":12.0,"enemies":"Slime Boss","floor":16.0,"turns":17.0},{"damage":9,"enemies":"2 Thieves","floor":18,"turns":5},{"damage":9,"enemies":"3 Byrds","floor":20,"turns":6},{"damage":2,"enemies":"Snake Plant","floor":24,"turns":8},{"damage":50,"enemies":"Gremlin Leader","floor":25,"turns":4}],"seed_played":"8840329662851844082","potions_obtained":[{"floor":1.0,"key":"Energy Potion"},{"floor":2.0,"key":"Regen Potion"},{"floor":10.0,"key":"Block Potion"},{"floor":11.0,"key":"FocusPotion"},{"floor":12.0,"key":"GamblersBrew"},{"floor":16.0,"key":"Weak Potion"},{"floor":20,"key":"Dexterity Potion"}],"is_trial":false,"path_per_floor":["M","?","?","M","M","R","E","M","T","M","?","?","M","M","R","B",null,"M","$","M","?","?","R","M"],"character_chosen":"DEFECT","items_purchased":["Meat on the Bone"],"campfire_rested":0,"item_purchase_floors":[19],"current_hp_per_floor":[68,68,56,55,55,55,45,32,32,32,23,33,33,29,29,42,74,65,65,56,40,40,40,50,0],"gold":98,"neow_bonus":"","is_prod":false,"is_daily":false,"chose_seed":false,"campfire_upgraded":2,"win_rate":0,"timestamp":1537114619,"path_taken":["M","?","?","M","M","R","E","M","T","M","?","?","M","M","R","BOSS","M","$","M","?","?","R","M","E"],"build_version":"2018-09-06","purchased_purges":1,"victory":false,"max_hp_per_floor":[75,75,75,75,75,75,75,75,75,75,75,85,85,85,85,85,85,85,85,85,90,90,90,90,90],"card_choices":[{"not_picked":["Reprogram","Rebound"],"picked":"Blizzard","floor":1.0},{"not_picked":["Scrape","Sweeping Beam"],"picked":"BootSequence","floor":4.0},{"not_picked":["Ball Lightning","Undo"],"picked":"Coolheaded","floor":5.0},{"not_picked":["Auto Shields","Electrodynamics"],"picked":"Genetic Algorithm","floor":7.0},{"not_picked":["Blizzard","Hologram"],"picked":"Glacier","floor":8.0},{"not_picked":["Beam Cell","Recycle"],"picked":"Reinforced Body","floor":10.0},{"not_picked":["Redo","Turbo"],"picked":"Coolheaded","floor":11.0},{"not_picked":["Steam","Coolheaded"],"picked":"Glacier","floor":12.0},{"not_picked":["Steam Power","Compile Driver","Sweeping Beam"],"picked":"SKIP","floor":13.0},{"not_picked":["Sweeping Beam","Aggregate"],"picked":"Consume","floor":14.0},{"not_picked":["Sweeping Beam","Gash","Compile Driver"],"picked":"SKIP","floor":20},{"not_picked":["Stack","Cold Snap"],"picked":"Blizzard","floor":24}],"player_experience":411095,"relics_obtained":[{"floor":7.0,"key":"Orichalcum"},{"floor":9.0,"key":"Pantograph"},{"floor":11.0,"key":"Odd Mushroom"},{"floor":12.0,"key":"Pear"}],"event_choices":[{"event_name":"The Woman in Blue","player_choice":"Bought 1 Potion","floor":2.0,"damage_taken":0.0},{"event_name":"Scrap Ooze","player_choice":"success","floor":3.0,"damage_taken":12.0},{"event_name":"Mushrooms","player_choice":"Fought Mushrooms","floor":11.0,"damage_taken":0.0},{"event_name":"Dead Adventurer","player_choice":"Searched \u00273\u0027 times","floor":12.0,"damage_taken":0.0},{"event_name":"Forgotten Altar","player_choice":"Shed Blood","floor":21,"damage_taken":0},{"event_name":"Back to Basics","player_choice":"Elegance","floor":22,"damage_taken":0}],"is_beta":false,"boss_relics":[{"not_picked":["Snecko Eye","Velvet Choker"],"picked":"Inserter"}],"items_purged_floors":[19],"is_endless":false,"potions_floor_spawned":[1,10,11,12,13,16,20],"killed_by":"Gremlin Leader","ascension_level":12}