{"gold_per_floor":[114,189,77,102,102,134,134,144,144,40,59,79,113,125,125,125],"floor_reached":16,"playtime":3481,"items_purged":["Strike_R"],"score":135,"play_id":"538701a9-6610-43e7-87c8-41d92d4eed82","local_time":"20190222190002","is_ascension_mode":false,"campfire_choices":[{"data":"Corruption","floor":7,"key":"SMITH"},{"data":"Uppercut","floor":15,"key":"SMITH"}],"neow_cost":"NONE","seed_source_timestamp":528038820115332,"circlet_count":0,"master_deck":["Strike_R","Strike_R","Strike_R","Strike_R","Defend_R","Defend_R","Defend_R","Defend_R","Bash","Pommel Strike","Corruption+1","Seeing Red","Battle Trance","Flash of Steel","Shrug It Off","Seeing Red","Dropkick","Dark Embrace+1","Uppercut+1"],"relics":["Burning Blood","NeowsBlessing","Art of War","Strawberry","Centennial Puzzle","Bronze Scales","Frozen Egg 2"],"potions_floor_usage":[16,16],"damage_taken":[{"damage":0,"enemies":"Cultist","floor":1,"turns":1},{"damage":0,"enemies":"Gremlin Nob","floor":6,"turns":1},{"damage":0,"enemies":"Small Slimes","floor":8,"turns":1},{"damage":1,"enemies":"Jaw Worm","floor":11,"turns":2},{"damage":2,"enemies":"Blue Slaver","floor":12,"turns":3},{"damage":32,"enemies":"3 Sentries","floor":13,"turns":8},{"damage":8,"enemies":"Exordium Thugs","floor":14,"turns":5},{"damage":57,"enemies":"Slime Boss","floor":16,"turns":10}],"seed_played":"-7154139145709417695","potions_obtained":[{"floor":11,"key":"Weak Potion"},{"floor":13,"key":"Explosive Potion"}],"is_trial":false,"path_per_floor":["M","?","$","T","?","E","R","M","T","$","M","M","E","M","R","B"],"character_chosen":"IRONCLAD","items_purchased":["Corruption","Flash of Steel","Shrug It Off"],"campfire_rested":0,"item_purchase_floors":[3,10,10],"current_hp_per_floor":[80,72,72,72,67,73,73,79,79,79,84,87,61,59,59,2],"gold":125,"neow_bonus":"THREE_ENEMY_KILL","is_prod":false,"is_daily":false,"chose_seed":false,"campfire_upgraded":2,"win_rate":0,"timestamp":1550829602,"path_taken":["M","?","$","?","?","E","R","M","T","?","M","?","E","M","R","BOSS"],"build_version":"2019-01-23","purchased_purges":1,"victory":false,"max_hp_per_floor":[80,80,80,80,87,87,87,87,87,87,87,87,87,87,87,87],"card_choices":[{"not_picked":["Perfected Strike","Iron Wave"],"picked":"Pommel Strike","floor":1},{"not_picked":["Heavy Blade","Combust"],"picked":"Seeing Red","floor":6},{"not_picked":["Second Wind","Clash"],"picked":"Battle Trance","floor":8},{"not_picked":["Flex","Clothesline"],"picked":"Seeing Red","floor":11},{"not_picked":["Shrug It Off","Carnage"],"picked":"Dropkick","floor":12},{"not_picked":["Flex","Warcry"],"picked":"Dark Embrace","floor":13},{"not_picked":["Second Wind","Flex"],"picked":"Uppercut","floor":14}],"player_experience":328278,"relics_obtained":[{"floor":4,"key":"Art of War"},{"floor":6,"key":"Centennial Puzzle"},{"floor":9,"key":"Bronze Scales"},{"floor":13,"key":"Frozen Egg 2"}],"event_choices":[{"damage_healed":0,"gold_gain":75,"player_choice":"Touch","damage_taken":8,"max_hp_gain":0,"max_hp_loss":0,"event_name":"FaceTrader","floor":2,"gold_loss":0},{"damage_healed":0,"gold_gain":0,"player_choice":"Success","damage_taken":12,"relics_obtained":["Strawberry"],"max_hp_gain":0,"max_hp_loss":0,"event_name":"Scrap Ooze","floor":5,"gold_loss":0}],"is_beta":false,"boss_relics":[],"items_purged_floors":[3],"is_endless":false,"potions_floor_spawned":[11,13],"killed_by":"Slime Boss","ascension_level":0}