{"gold_per_floor":[112,43,58,77,152,152,187,203,203,203],"floor_reached":10,"playtime":260,"items_purged":[],"score":117,"play_id":"11d91208-ec2d-45fd-b0f2-13e95de12b5d","local_time":"20190220175248","is_ascension_mode":true,"campfire_choices":[{"data":"Thunderclap","floor":6,"key":"SMITH"}],"neow_cost":"NONE","seed_source_timestamp":683074239406979,"circlet_count":0,"master_deck":["Strike_R","Strike_R","Strike_R","Strike_R","Strike_R","Defend_R","Defend_R","Defend_R","Defend_R","Bash","Thunderclap+1","Reaper","Flex","Shrug It Off","Pommel Strike","Whirlwind"],"relics":["Burning Blood","Pear","Singing Bowl"],"potions_floor_usage":[],"damage_taken":[{"damage":6,"enemies":"Cultist","floor":1,"turns":3},{"damage":9,"enemies":"2 Louse","floor":3,"turns":2},{"damage":14,"enemies":"Jaw Worm","floor":4,"turns":3},{"damage":59,"enemies":"3 Sentries","floor":7,"turns":11},{"damage":21,"enemies":"Red Slaver","floor":8,"turns":5},{"damage":13,"enemies":"Blue Slaver","floor":10,"turns":2}],"seed_played":"-4756606452331351655","potions_obtained":[{"floor":1,"key":"AttackPotion"},{"floor":8,"key":"Strength Potion"}],"is_trial":false,"path_per_floor":["M","$","M","M","?","R","E","M","T","M"],"character_chosen":"IRONCLAD","items_purchased":["Reaper"],"campfire_rested":0,"item_purchase_floors":[2],"current_hp_per_floor":[80,80,85,77,66,66,35,26,26,13],"gold":203,"neow_bonus":"TEN_PERCENT_HP_BONUS","is_prod":false,"is_daily":false,"chose_seed":false,"campfire_upgraded":1,"win_rate":0,"timestamp":1550706768,"path_taken":["M","?","M","M","?","R","E","M","T","M"],"build_version":"2019-01-23","purchased_purges":0,"victory":false,"max_hp_per_floor":[88,88,88,88,88,88,98,98,98,98],"card_choices":[{"not_picked":["Dual Wield","Havoc"],"picked":"Thunderclap","floor":1},{"not_picked":["Sword Boomerang","Burning Pact"],"picked":"Flex","floor":3},{"not_picked":["Entrench","Pommel Strike"],"picked":"Shrug It Off","floor":4},{"not_picked":["Perfected Strike","Clothesline"],"picked":"Pommel Strike","floor":7},{"not_picked":["Berserk","Havoc"],"picked":"Whirlwind","floor":8}],"player_experience":194639,"relics_obtained":[{"floor":7,"key":"Pear"},{"floor":9,"key":"Singing Bowl"}],"event_choices":[{"damage_healed":0,"gold_gain":75,"player_choice":"Gather Gold","damage_taken":11,"max_hp_gain":0,"max_hp_loss":0,"event_name":"World of Goop","floor":5,"gold_loss":0}],"is_beta":false,"boss_relics":[],"items_purged_floors":[],"is_endless":false,"potions_floor_spawned":[1,8],"killed_by":"Blue Slaver","ascension_level":7}