{"gold_per_floor":[216,291,291,308,104,104,116,131,158,223,223,239,239,249,249,350,350,369,58,76,1,21,21,120,120,120,120,120,153,28,60,60,155,155,173,23,0,12,12,12,28,42,42,42,60,77,90,23,23,23],"floor_reached":51,"playtime":1862,"items_purged":["Strike_B","Strike_B","Writhe","Strike_B"],"score":1099,"play_id":"022f6098-a30e-423d-a53a-31ce413182e4","local_time":"20190215112421","is_ascension_mode":true,"campfire_choices":[{"floor":6,"key":"REST"},{"floor":11,"key":"REST"},{"data":"Zap","floor":13,"key":"SMITH"},{"floor":15,"key":"REST"},{"floor":23,"key":"REST"},{"data":"Seek","floor":25,"key":"SMITH"},{"data":"Scrape","floor":28,"key":"SMITH"},{"data":"Conserve Battery","floor":32,"key":"SMITH"},{"data":"Reboot","floor":40,"key":"SMITH"},{"data":"Seek","floor":44,"key":"SMITH"},{"floor":49,"key":"REST"}],"neow_cost":"NONE","seed_source_timestamp":148916278727500,"circlet_count":0,"master_deck":["AscendersBane","Defend_B","Defend_B","Defend_B","Defend_B","Zap+1","Dualcast","Gash","Gash+1","Gash","BootSequence","Go for the Eyes+1","Leap","Go for the Eyes","All For One","Conserve Battery+1","Scrape+1","Panache","Leap","Seek+1","Conserve Battery+1","Reboot+1","Seek+1"],"relics":["Cracked Core","Strawberry","Whetstone","Runic Pyramid","Blood Vial","Pantograph","Symbiotic Virus","Shuriken","Nuclear Battery","Red Mask","Gambling Chip","Incense Burner"],"potions_floor_usage":[16,20,29,29,50,50],"damage_taken":[{"damage":0,"enemies":"Small Slimes","floor":1,"turns":3},{"damage":3,"enemies":"2 Louse","floor":4,"turns":3},{"damage":0,"enemies":"Jaw Worm","floor":7,"turns":2},{"damage":8,"enemies":"Blue Slaver","floor":8,"turns":4},{"damage":25,"enemies":"3 Sentries","floor":10,"turns":7},{"damage":12,"enemies":"Exordium Thugs","floor":12,"turns":4},{"damage":10,"enemies":"2 Fungi Beasts","floor":14,"turns":3},{"damage":45,"enemies":"The Guardian","floor":16,"turns":11},{"damage":0,"enemies":"Chosen","floor":18,"turns":5},{"damage":0,"enemies":"3 Byrds","floor":20,"turns":3},{"damage":9,"enemies":"Snake Plant","floor":22,"turns":4},{"damage":0,"enemies":"Gremlin Leader","floor":29,"turns":6},{"damage":2,"enemies":"Book of Stabbing","floor":31,"turns":5},{"damage":39,"enemies":"Automaton","floor":33,"turns":7},{"damage":0,"enemies":"Orb Walker","floor":35,"turns":2},{"damage":0,"enemies":"3 Darklings","floor":38,"turns":3},{"damage":10,"enemies":"Maw","floor":41,"turns":5},{"damage":0,"enemies":"4 Shapes","floor":42,"turns":6},{"damage":0,"enemies":"Sphere and 2 Shapes","floor":45,"turns":1},{"damage":0,"enemies":"Spire Growth","floor":46,"turns":2},{"damage":9,"enemies":"4 Shapes","floor":47,"turns":4},{"damage":35,"enemies":"Donu and Deca","floor":50,"turns":6}],"seed_played":"8234241448391774483","potions_obtained":[{"floor":12,"key":"Poison Potion"},{"floor":14,"key":"FearPotion"},{"floor":16,"key":"LiquidBronze"},{"floor":22,"key":"AttackPotion"},{"floor":31,"key":"Regen Potion"},{"floor":33,"key":"Regen Potion"}],"is_trial":false,"path_per_floor":["M","?","?","M","$","R","M","M","T","?","R","M","R","M","R","B",null,"M","$","M","$","M","R","?","R","T","?","R","E","$","E","R","B",null,"M","$","?","M","?","R","M","M","T","R","M","M","M","?","R","B",null],"character_chosen":"DEFECT","items_purchased":["Gash","BootSequence","Scrape","Panache","Self Repair"],"campfire_rested":5,"item_purchase_floors":[5,5,19,19,21],"current_hp_per_floor":[68,57,50,47,47,69,69,61,68,43,67,55,55,45,69,24,68,68,68,68,68,59,82,82,82,82,82,82,82,82,82,82,50,74,82,82,82,82,82,82,72,74,74,74,76,78,71,71,82,68],"gold":23,"neow_bonus":"HUNDRED_GOLD","is_prod":false,"is_daily":false,"chose_seed":false,"campfire_upgraded":6,"win_rate":0,"timestamp":1550247861,"path_taken":["M","?","?","M","$","R","M","M","T","?","R","M","R","M","R","BOSS","M","$","M","$","M","R","?","R","T","?","R","E","$","E","R","BOSS","M","$","?","M","?","R","M","M","T","R","M","M","M","?","R","BOSS"],"build_version":"2019-01-23","purchased_purges":4,"victory":true,"max_hp_per_floor":[75,75,75,75,75,75,75,75,82,82,82,82,82,82,82,82,82,82,82,82,82,82,82,82,82,82,82,82,82,82,82,82,82,82,82,82,82,82,82,82,82,82,82,82,82,82,82,82,82,82],"card_choices":[{"not_picked":["Undo","Force Field"],"picked":"Gash","floor":1},{"not_picked":["Cold Snap","Redo"],"picked":"Gash","floor":4},{"not_picked":["Cold Snap","Streamline","Barrage"],"picked":"SKIP","floor":7},{"not_picked":["Reinforced Body","Static Discharge"],"picked":"Go for the Eyes","floor":8},{"not_picked":["Go for the Eyes","Capacitor"],"picked":"Leap","floor":12},{"not_picked":["Compile Driver","Sunder"],"picked":"Go for the Eyes","floor":14},{"not_picked":["Buffer","Creative AI"],"picked":"All For One","floor":16},{"not_picked":["Go for the Eyes","Sunder"],"picked":"Conserve Battery+1","floor":18},{"not_picked":["Ball Lightning+1","Streamline"],"picked":"Leap","floor":20},{"not_picked":["Leap","Coolheaded"],"picked":"Seek","floor":22},{"not_picked":["Hologram","Double Energy","Sweeping Beam"],"picked":"SKIP","floor":29},{"not_picked":["Chaos","Storm+1"],"picked":"Conserve Battery","floor":31},{"not_picked":["Fission","Electrodynamics"],"picked":"Reboot","floor":33},{"not_picked":["Genetic Algorithm+1","Barrage","Leap"],"picked":"SKIP","floor":35},{"not_picked":["Redo","Cold Snap","Rebound"],"picked":"SKIP","floor":38},{"not_picked":["Rebound+1","Stack"],"picked":"Seek","floor":41},{"not_picked":["Streamline","Compile Driver","Heatsinks+1"],"picked":"SKIP","floor":42},{"not_picked":["Melter+1","Turbo+1","Go for the Eyes+1"],"picked":"SKIP","floor":45},{"not_picked":["BootSequence","Beam Cell","Cold Snap+1"],"picked":"SKIP","floor":46},{"not_picked":["Hologram","Barrage+1","Cold Snap+1"],"picked":"SKIP","floor":47}],"player_experience":501211,"relics_obtained":[{"floor":9,"key":"Strawberry"},{"floor":10,"key":"Whetstone"},{"floor":26,"key":"Blood Vial"},{"floor":29,"key":"Symbiotic Virus"},{"floor":31,"key":"Shuriken"},{"floor":43,"key":"Gambling Chip"}],"event_choices":[{"damage_healed":0,"gold_gain":75,"player_choice":"Gather Gold","damage_taken":11,"max_hp_gain":0,"max_hp_loss":0,"event_name":"World of Goop","floor":2,"gold_loss":0},{"cards_removed":["Strike_B"],"damage_healed":0,"gold_gain":0,"player_choice":"Card Removal","damage_taken":7,"max_hp_gain":0,"max_hp_loss":0,"event_name":"Golden Wing","floor":3,"gold_loss":0},{"damage_healed":0,"gold_gain":0,"player_choice":"Searched \u00271\u0027 times","damage_taken":0,"max_hp_gain":0,"max_hp_loss":0,"event_name":"Dead Adventurer","floor":10,"gold_loss":0},{"damage_healed":0,"gold_gain":99,"player_choice":"Stole From Cult","damage_taken":0,"max_hp_gain":0,"max_hp_loss":0,"event_name":"Nest","floor":24,"gold_loss":0},{"damage_healed":0,"gold_gain":0,"player_choice":"Opened","damage_taken":0,"relics_obtained":["Pantograph"],"max_hp_gain":0,"max_hp_loss":0,"event_name":"The Mausoleum","floor":27,"gold_loss":0,"cards_obtained":["Writhe"]},{"damage_healed":0,"gold_gain":0,"player_choice":"Paid","damage_taken":0,"relics_obtained":["Red Mask"],"max_hp_gain":0,"max_hp_loss":0,"event_name":"Tomb of Lord Red Mask","floor":37,"gold_loss":23},{"cards_removed":["Self Repair"],"damage_healed":0,"gold_gain":0,"player_choice":"Removed Power","damage_taken":0,"max_hp_gain":0,"max_hp_loss":0,"event_name":"Falling","floor":39,"gold_loss":0},{"damage_healed":0,"gold_gain":0,"player_choice":"Paid Gold","damage_taken":0,"relics_obtained":["Incense Burner"],"max_hp_gain":0,"max_hp_loss":0,"event_name":"WeMeetAgain","floor":48,"gold_loss":67}],"is_beta":false,"boss_relics":[{"not_picked":["Philosopher\u0027s Stone","Lizard Tail"],"picked":"Runic Pyramid"},{"not_picked":["Orrery","Coffee Dripper"],"picked":"Nuclear Battery"}],"items_purged_floors":[5,19,30,36],"is_endless":false,"potions_floor_spawned":[12,14,16,18,22,31,33,38,46,47],"ascension_level":11}