{"gold_per_floor":[119,119,136,149,149,149,69,89,89,89,121,48,48,75,75,146,146,157,207,282,298,313,313,344,344,344,344,344,344],"floor_reached":29,"playtime":2164,"items_purged":[],"score":466,"play_id":"2e64e02d-6766-43b3-b1ad-d64ea24e7d0c","local_time":"20181024193839","is_ascension_mode":true,"campfire_choices":[{"data":"Riddle With Holes","floor":6.0,"key":"SMITH"},{"floor":10.0,"key":"REST"},{"data":"Leg Sweep","floor":15.0,"key":"SMITH"},{"data":"Predator","floor":23,"key":"SMITH"},{"floor":25,"key":"REST"}],"neow_cost":"NONE","seed_source_timestamp":0,"circlet_count":0,"master_deck":["Defend_G","Defend_G","Defend_G","Defend_G+1","Defend_G","Strike_G+1","Strike_G","Strike_G","Strike_G","Survivor","Neutralize","AscendersBane","Riddle With Holes+1","Acrobatics","Terror","Predator+1","Doppelganger","Predator","Leg Sweep+1","Grand Finale","Backflip","Adrenaline","Dash"],"special_seed":0,"relics":["HoveringKite","Sundial","Mango","Prayer Wheel","Runic Dome","Vajra","The Courier"],"potions_floor_usage":[22,29],"damage_taken":[{"damage":2.0,"enemies":"Jaw Worm","floor":1.0,"turns":5.0},{"damage":0.0,"enemies":"Small Slimes","floor":3.0,"turns":3.0},{"damage":0.0,"enemies":"2 Louse","floor":4.0,"turns":2.0},{"damage":13.0,"enemies":"Large Slime","floor":8.0,"turns":5.0},{"damage":19.0,"enemies":"Lagavulin","floor":11.0,"turns":4.0},{"damage":0.0,"enemies":"Gremlin Nob","floor":14.0,"turns":3.0},{"damage":31.0,"enemies":"Hexaghost","floor":16.0,"turns":11.0},{"damage":10.0,"enemies":"3 Byrds","floor":18.0,"turns":6.0},{"damage":5,"enemies":"2 Thieves","floor":21,"turns":4},{"damage":8,"enemies":"Snake Plant","floor":22,"turns":6},{"damage":26,"enemies":"Book of Stabbing","floor":24,"turns":5},{"damage":17,"enemies":"Colosseum Slavers","floor":27,"turns":6},{"damage":28,"enemies":"Gremlin Leader","floor":29,"turns":4}],"seed_played":"9020901235626248247","potions_obtained":[{"floor":1.0,"key":"Fire Potion"},{"floor":3.0,"key":"Fire Potion"},{"floor":16.0,"key":"SkillPotion"},{"floor":18,"key":"SpeedPotion"}],"is_trial":false,"path_per_floor":["M","?","M","M","?","R","$","M","T","R","E","$","?","E","R","B",null,"M","?","?","M","M","R","E","R","T","?","?"],"character_chosen":"THE_SILENT","items_purchased":["Predator","Predator"],"campfire_rested":2,"item_purchase_floors":[7,12],"current_hp_per_floor":[57,50,50,50,37,37,37,24,24,43,38,38,80,80,80,49,72,62,62,54,49,41,41,15,39,39,22,22,0],"gold":344,"neow_bonus":"BOSS_RELIC","is_prod":false,"is_daily":false,"chose_seed":false,"campfire_upgraded":3,"win_rate":0,"timestamp":1540402719,"path_taken":["M","?","M","M","?","R","$","M","T","R","E","?","?","E","R","BOSS","M","?","?","M","?","R","E","R","T","?","?","E"],"build_version":"2018-10-18","purchased_purges":0,"victory":false,"max_hp_per_floor":[66,66,66,66,66,66,66,66,66,66,80,80,80,80,80,80,80,80,80,80,80,80,80,80,80,80,80,80,80],"card_choices":[{"not_picked":["Footwork","PiercingWail"],"picked":"Riddle With Holes","floor":1.0},{"not_picked":["Bane","Finisher"],"picked":"Acrobatics","floor":3.0},{"not_picked":["Slice","Well Laid Plans"],"picked":"Terror","floor":4.0},{"not_picked":["Bane","Cloak And Dagger"],"picked":"Doppelganger","floor":8.0},{"not_picked":["Blade Dance","Heel Hook","Bane"],"picked":"SKIP","floor":11.0},{"not_picked":["Poisoned Stab","Distraction"],"picked":"Leg Sweep","floor":14.0},{"not_picked":["Wraith Form v2","Storm of Steel"],"picked":"Grand Finale","floor":16.0},{"not_picked":["Heel Hook","Endless Agony"],"picked":"Backflip","floor":18},{"not_picked":["Acrobatics","Prepared","Deflect"],"picked":"SKIP","floor":18},{"not_picked":["Bane","Infinite Blades"],"picked":"Adrenaline","floor":21},{"not_picked":["Slice","Masterful Stab+1","Backstab"],"picked":"SKIP","floor":21},{"not_picked":["Dagger Throw","Slice","Distraction"],"picked":"SKIP","floor":22},{"not_picked":["Blade Dance","Prepared","PiercingWail"],"picked":"SKIP","floor":22},{"not_picked":["Dagger Spray","Flechettes"],"picked":"Dash","floor":24}],"player_experience":492410,"relics_obtained":[{"floor":9.0,"key":"Sundial"},{"floor":11.0,"key":"Mango"},{"floor":14.0,"key":"Prayer Wheel"},{"floor":24,"key":"Vajra"},{"floor":26,"key":"The Courier"}],"event_choices":[{"cards_removed":["Strike_G"],"damage_healed":0.0,"max_hp_gain":0.0,"max_hp_loss":0.0,"gold_gain":0.0,"event_name":"Golden Wing","player_choice":"Card Removal","floor":2.0,"gold_loss":0.0,"damage_taken":7.0},{"damage_healed":0.0,"max_hp_gain":0.0,"max_hp_loss":0.0,"gold_gain":0.0,"event_name":"Shining Light","player_choice":"Entered Light","floor":5.0,"gold_loss":0.0,"damage_taken":13.0,"cards_upgraded":["Defend_G","Strike_G"]},{"damage_healed":42.0,"max_hp_gain":0.0,"max_hp_loss":0.0,"gold_gain":0.0,"event_name":"Wheel of Change","player_choice":"Full Heal","floor":13.0,"gold_loss":0.0,"damage_taken":0.0},{"damage_healed":0,"gold_gain":100,"player_choice":"Bet on Murderer","damage_taken":0,"max_hp_gain":0,"max_hp_loss":0,"event_name":"The Joust","floor":19,"gold_loss":50},{"damage_healed":0,"gold_gain":75,"player_choice":"Touch","damage_taken":8,"max_hp_gain":0,"max_hp_loss":0,"event_name":"FaceTrader","floor":20,"gold_loss":0},{"damage_healed":0,"gold_gain":0,"player_choice":"Fight","damage_taken":0,"max_hp_gain":0,"max_hp_loss":0,"event_name":"Colosseum","floor":27,"gold_loss":0},{"damage_healed":0,"gold_gain":0,"player_choice":"Fled From Nobs","damage_taken":0,"max_hp_gain":0,"max_hp_loss":0,"event_name":"Colosseum","floor":27,"gold_loss":0},{"damage_healed":0,"gold_gain":0,"player_choice":"Ignored","damage_taken":0,"max_hp_gain":0,"max_hp_loss":0,"event_name":"Ghosts","floor":28,"gold_loss":0}],"is_beta":false,"boss_relics":[{"not_picked":["Fusion Hammer","Velvet Choker"],"picked":"Runic Dome"}],"items_purged_floors":[],"is_endless":false,"potions_floor_spawned":[1,3,16,18,21],"killed_by":"Gremlin Leader","ascension_level":14}