{"gold_per_floor":[119,119,138,149,19,19,19,69,93,111,128,128,128,147,147,147],"floor_reached":16,"playtime":716,"items_purged":[],"score":161,"play_id":"345d27d0-6b6a-41a1-af70-69f74ed15eae","local_time":"20181207202955","is_ascension_mode":true,"campfire_choices":[{"data":"Searing Blow","floor":6,"key":"SMITH"},{"data":"Searing Blow+1","floor":13,"key":"SMITH"},{"data":"Searing Blow+2","floor":15,"key":"SMITH"}],"neow_cost":"NONE","seed_source_timestamp":10239650494327,"circlet_count":0,"master_deck":["AscendersBane","Strike_R","Strike_R","Strike_R","Strike_R","Defend_R","Defend_R","Defend_R","Defend_R","Bash+1","Dropkick","Searing Blow+3","Shrug It Off"],"relics":["Burning Blood","Juzu Bracelet"],"potions_floor_usage":[11,16],"damage_taken":[{"damage":5,"enemies":"2 Louse","floor":1,"turns":4},{"damage":1,"enemies":"Cultist","floor":3,"turns":3},{"damage":0,"enemies":"Small Slimes","floor":4,"turns":2},{"damage":8,"enemies":"2 Fungi Beasts","floor":10,"turns":4},{"damage":29,"enemies":"Exordium Thugs","floor":11,"turns":5},{"damage":12,"enemies":"Red Slaver","floor":14,"turns":5},{"damage":62,"enemies":"The Guardian","floor":16,"turns":12}],"seed_played":"-8119274250203484262","potions_obtained":[{"floor":4,"key":"SkillPotion"},{"floor":10,"key":"Fire Potion"},{"floor":12,"key":"Ancient Potion"},{"floor":12,"key":"SteroidPotion"}],"is_trial":false,"path_per_floor":["M","?","M","M","$","R","?","?","T","M","M","?","R","M","R","B"],"character_chosen":"IRONCLAD","items_purchased":["Searing Blow","Shrug It Off"],"campfire_rested":0,"item_purchase_floors":[5,5],"current_hp_per_floor":[69,69,74,75,75,75,75,68,68,66,43,43,43,37,37,0],"gold":147,"neow_bonus":"REMOVE_CARD","is_prod":false,"is_daily":false,"chose_seed":false,"campfire_upgraded":3,"win_rate":0,"timestamp":1544210995,"path_taken":["M","?","M","?","?","R","?","?","T","M","M","?","R","M","R","BOSS"],"build_version":"2018-12-06","purchased_purges":0,"victory":false,"max_hp_per_floor":[75,75,75,75,75,75,75,75,75,75,75,75,75,75,75,75],"card_choices":[{"not_picked":["Heavy Blade","Reckless Charge"],"picked":"Dropkick","floor":1},{"not_picked":["Warcry","Body Slam","Armaments"],"picked":"SKIP","floor":3},{"not_picked":["Twin Strike","Sword Boomerang","Pommel Strike"],"picked":"SKIP","floor":4},{"not_picked":["Anger","Blood for Blood","Sever Soul"],"picked":"SKIP","floor":10},{"not_picked":["Anger","Blood for Blood","Sever Soul"],"picked":"SKIP","floor":10},{"not_picked":["Iron Wave","Anger","Twin Strike"],"picked":"SKIP","floor":11},{"not_picked":["True Grit","Sword Boomerang","Spot Weakness"],"picked":"SKIP","floor":14}],"player_experience":591459,"relics_obtained":[{"floor":9,"key":"Juzu Bracelet"}],"event_choices":[{"damage_healed":0,"gold_gain":0,"player_choice":"Forge","damage_taken":0,"max_hp_gain":0,"max_hp_loss":0,"event_name":"Accursed Blacksmith","floor":2,"gold_loss":0,"cards_upgraded":["Bash"]},{"damage_healed":0,"gold_gain":0,"player_choice":"Fled","damage_taken":0,"max_hp_gain":0,"max_hp_loss":0,"event_name":"Scrap Ooze","floor":7,"gold_loss":0},{"damage_healed":0,"gold_gain":50,"player_choice":"Touch","damage_taken":7,"max_hp_gain":0,"max_hp_loss":0,"event_name":"FaceTrader","floor":8,"gold_loss":0},{"damage_healed":0,"gold_gain":0,"player_choice":"Got Potions","damage_taken":0,"max_hp_gain":0,"max_hp_loss":0,"event_name":"Lab","floor":12,"gold_loss":0}],"is_beta":false,"boss_relics":[],"items_purged_floors":[],"is_endless":false,"potions_floor_spawned":[4,10],"killed_by":"The Guardian","ascension_level":15}