{"gold_per_floor":[111,128,141,159,159,159,171,171,239,239,256,275,294,310,310,412,412,426,426,443,453,553,553,391,441,467,495,495,509,509,277,277,376,376,388,388,9,62,73,100,113,113,113,113,127,2,18,28,28,28],"floor_reached":51,"playtime":3682,"items_purged":["Strike_R","Strike_R","Strike_R"],"score":1161,"play_id":"17051eba-4f4e-4074-bf42-fa64be2442b2","local_time":"20180810192952","is_ascension_mode":true,"campfire_choices":[{"data":"Armaments","floor":6,"key":"SMITH"},{"floor":10,"key":"REST"},{"data":"Armaments","floor":15,"key":"SMITH"},{"data":"Seeing Red","floor":23,"key":"SMITH"},{"floor":28,"key":"REST"},{"data":"True Grit","floor":32,"key":"SMITH"},{"floor":42,"key":"REST"},{"floor":49,"key":"REST"}],"neow_cost":"PERCENT_DAMAGE","seed_source_timestamp":0,"circlet_count":0,"master_deck":["Strike_R","Defend_R","Defend_R","Defend_R","Defend_R","Barricade","True Grit+1","Entrench","Seeing Red+1","Armaments+1","Body Slam","Power Through","Armaments+1","Exhume","Flame Barrier","Body Slam","Shrug It Off","Metallicize","Shrug It Off","Battle Trance","True Grit+1"],"special_seed":0,"relics":["Burning Blood","Ice Cream","Mercury Hourglass","Sozu","Strawberry","Nloth\u0027s Gift","Fusion Hammer","Thread and Needle","Ginger","Pantograph","Incense Burner"],"potions_floor_usage":[16,18,50,50],"damage_taken":[{"damage":3.0,"enemies":"Small Slimes","floor":1.0,"turns":4.0},{"damage":18.0,"enemies":"Cultist","floor":2.0,"turns":5.0},{"damage":1.0,"enemies":"2 Louse","floor":3.0,"turns":4.0},{"damage":19,"enemies":"Exordium Wildlife","floor":4,"turns":6},{"damage":5,"enemies":"Exordium Thugs","floor":7,"turns":10},{"damage":0,"enemies":"Gremlin Gang","floor":11,"turns":4},{"damage":3,"enemies":"Blue Slaver","floor":12,"turns":4},{"damage":0,"enemies":"3 Louse","floor":13,"turns":3},{"damage":1,"enemies":"2 Fungi Beasts","floor":14,"turns":3},{"damage":0,"enemies":"Slime Boss","floor":16,"turns":10},{"damage":0,"enemies":"2 Thieves","floor":18,"turns":4},{"damage":34,"enemies":"Spheric Guardian","floor":20,"turns":7},{"damage":0,"enemies":"Centurion and Healer","floor":21,"turns":12},{"damage":59,"enemies":"Slavers","floor":27,"turns":10},{"damage":0,"enemies":"Snake Plant","floor":29,"turns":3},{"damage":0,"enemies":"Champ","floor":33,"turns":10},{"damage":3,"enemies":"Orb Walker","floor":35,"turns":7},{"damage":2,"floor":38,"turns":7},{"damage":5,"enemies":"Flame Bruiser 1 Orb","floor":39,"turns":5},{"damage":0,"enemies":"Giant Head","floor":40,"turns":5},{"damage":0,"enemies":"Spire Growth","floor":41,"turns":5},{"damage":0,"enemies":"Transient","floor":45,"turns":5},{"damage":7,"enemies":"4 Shapes","floor":47,"turns":4},{"damage":0,"enemies":"Maw","floor":48,"turns":5},{"damage":0,"enemies":"Time Eater","floor":50,"turns":8}],"seed_played":"-2607825401932546773","potions_obtained":[{"floor":2.0,"key":"Poison Potion"},{"floor":11,"key":"EssenceOfSteel"},{"floor":12,"key":"FearPotion"},{"floor":13,"key":"Dexterity Potion"},{"floor":16,"key":"Fire Potion"}],"is_trial":false,"path_per_floor":["M","M","M","M","?","R","M","?","T","R","M","M","M","M","R","B",null,"M","?","M","M","?","R","$","?","T","E","R","M","?","$","R","B",null,"M","?","$","?","M","E","M","R","T","$","M","$","M","M","R","B"],"character_chosen":"IRONCLAD","items_purchased":["Flame Barrier","Body Slam","Metallicize","Shrug It Off","Thread and Needle","Battle Trance"],"campfire_rested":4,"item_purchase_floors":[24,24,31,31,37,37],"current_hp_per_floor":[54,42,47,34,34,34,35,28,28,52,58,61,67,72,72,78,80,80,80,52,58,58,58,58,58,65,12,38,44,44,44,44,50,78,81,81,81,85,86,87,87,87,87,87,87,87,86,87,87,87],"gold":28,"neow_bonus":"THREE_RARE_CARDS","is_prod":false,"is_daily":false,"chose_seed":false,"campfire_upgraded":4,"win_rate":0,"timestamp":1533922192,"path_taken":["M","M","M","M","?","R","M","?","T","R","?","M","M","?","R","BOSS","M","?","M","M","?","R","$","?","T","E","R","M","?","$","R","BOSS","M","?","?","?","M","E","M","R","T","?","M","$","M","M","R","BOSS"],"build_version":"2018-08-09","purchased_purges":3,"victory":true,"max_hp_per_floor":[80,80,80,80,80,80,80,80,80,80,80,80,80,80,80,80,80,80,80,80,80,80,80,80,80,87,87,87,87,87,87,87,87,87,87,87,87,87,87,87,87,87,87,87,87,87,87,87,87,87],"card_choices":[{"not_picked":["Exhume","Fiend Fire"],"picked":"Barricade","floor":0.0},{"not_picked":["Thunderclap","Heavy Blade"],"picked":"True Grit","floor":1.0},{"not_picked":["Reckless Charge","Clothesline"],"picked":"Entrench","floor":2.0},{"not_picked":["Corruption","Clothesline"],"picked":"Seeing Red","floor":3.0},{"not_picked":["Flex","Bloodletting"],"picked":"Armaments","floor":4},{"not_picked":["Dropkick","Burning Pact"],"picked":"Body Slam","floor":7},{"not_picked":["Evolve","Anger"],"picked":"Power Through","floor":11},{"not_picked":["Clothesline","Exhume"],"picked":"Armaments","floor":12},{"not_picked":["Rupture","Iron Wave","Hemokinesis"],"picked":"SKIP","floor":13},{"not_picked":["Dropkick","Anger","Sword Boomerang"],"picked":"SKIP","floor":14},{"not_picked":["Armaments","Anger","Clash"],"picked":"SKIP","floor":18},{"not_picked":["Spot Weakness","Sword Boomerang"],"picked":"Exhume","floor":20},{"not_picked":["Whirlwind","Iron Wave+1","Heavy Blade+1"],"picked":"SKIP","floor":21},{"not_picked":["Wild Strike","Headbutt"],"picked":"Shrug It Off","floor":27},{"not_picked":["Thunderclap","Armaments","Anger"],"picked":"SKIP","floor":29},{"not_picked":["Blood for Blood+1","Anger+1","Pommel Strike+1"],"picked":"SKIP","floor":35},{"not_picked":["Armaments","True Grit","Pommel Strike"],"picked":"SKIP","floor":39},{"not_picked":["Flex+1","Clash","Twin Strike"],"picked":"SKIP","floor":40},{"not_picked":["True Grit","Limit Break","Infernal Blade+1"],"picked":"SKIP","floor":41},{"not_picked":["Pommel Strike+1","Rupture","Thunderclap"],"picked":"SKIP","floor":45},{"not_picked":["Uppercut","Combust"],"picked":"True Grit+1","floor":47},{"not_picked":["Cleave+1","Sever Soul","Rampage"],"picked":"SKIP","floor":48}],"player_experience":288890,"relics_obtained":[{"floor":9,"key":"Mercury Hourglass"},{"floor":26,"key":"Strawberry"},{"floor":27,"key":"Boot"},{"floor":38,"key":"Ginger"},{"floor":40,"key":"Pantograph"},{"floor":43,"key":"Incense Burner"}],"event_choices":[{"event_name":"Bonfire Elementals","player_choice":"BASIC","floor":5,"damage_taken":0},{"event_name":"Scrap Ooze","player_choice":"success","floor":8,"damage_taken":7},{"event_name":"Ghosts","player_choice":"Ignored","floor":19,"damage_taken":0},{"event_name":"Golden Shrine","player_choice":"Pray","floor":22,"damage_taken":0},{"event_name":"The Joust","player_choice":"Bet on Murderer","floor":25,"damage_taken":0},{"event_name":"N\u0027loth","player_choice":"Traded a Boot","floor":30,"damage_taken":0},{"event_name":"Falling","player_choice":"Removed Attack","floor":36,"damage_taken":0},{"event_name":"Mysterious Sphere","player_choice":"Fight","floor":38,"damage_taken":0}],"is_beta":false,"boss_relics":[{"not_picked":["Coffee Dripper","Velvet Choker"],"picked":"Sozu"},{"not_picked":["Mark of Pain","Cursed Key"],"picked":"Fusion Hammer"}],"items_purged_floors":[24,31,46],"is_endless":false,"potions_floor_spawned":[2,11,12,13,16,20,29,33,35,39,41,45],"ascension_level":6}