{"gold_per_floor":[114,64,75,95,118,118,136,146,201,231,109,128,128,128,128,232,282,301,314,414,433,433,433,450,450,450,481,481,497,497,517,517,517],"floor_reached":33,"playtime":2316,"items_purged":["Shame"],"score":415,"play_id":"7de92c5e-f4f5-4e88-bbb6-5613282cd1db","local_time":"20180823230201","is_ascension_mode":true,"campfire_choices":[{"data":"Anger","floor":6,"key":"SMITH"},{"floor":15,"key":"REST"},{"floor":23,"key":"REST"},{"data":"1","floor":25,"key":"LIFT"},{"floor":28,"key":"REST"},{"floor":30,"key":"REST"},{"data":"2","floor":32,"key":"LIFT"}],"neow_cost":"NONE","seed_source_timestamp":17656643160793,"circlet_count":0,"master_deck":["Strike_R","Strike_R","Strike_R","Strike_R","Strike_R","Defend_R+1","Defend_R","Defend_R","Defend_R","Bash","Anger+1","Ghostly Armor","Anger","Battle Trance","Clash","Brutality","Feed","Carnage","Warcry","Intimidate+1","Berserk","Disarm","True Grit+1"],"relics":["Calling Bell","Shuriken","Torii","Boot","Bag of Preparation","Tiny Chest","Ginger","Girya","Tiny House","Ancient Tea Set","Matryoshka","Ice Cream"],"potions_floor_usage":[7,10,10,16,18,21,24,27,31,33],"damage_taken":[{"damage":24,"enemies":"Cultist","floor":1,"turns":5},{"damage":8,"enemies":"Jaw Worm","floor":3,"turns":4},{"damage":0,"enemies":"Small Slimes","floor":4,"turns":4},{"damage":0,"enemies":"Exordium Wildlife","floor":7,"turns":3},{"damage":2,"enemies":"Looter","floor":8,"turns":3},{"damage":8,"enemies":"3 Sentries","floor":10,"turns":12},{"damage":1,"enemies":"2 Fungi Beasts","floor":12,"turns":4},{"damage":11,"enemies":"Hexaghost","floor":16,"turns":6},{"damage":10,"enemies":"3 Byrds","floor":18,"turns":5},{"damage":15,"enemies":"Spheric Guardian","floor":19,"turns":4},{"damage":42,"enemies":"Chosen and Byrds","floor":21,"turns":6},{"damage":29,"enemies":"Shelled Parasite and Fungi","floor":24,"turns":4},{"damage":18,"enemies":"Slavers","floor":27,"turns":7},{"damage":21,"enemies":"Snake Plant","floor":29,"turns":3},{"damage":2,"enemies":"Cultist and Chosen","floor":31,"turns":4},{"damage":57,"enemies":"Collector","floor":33,"turns":5}],"seed_played":"2788063240603721701","potions_obtained":[{"floor":1,"key":"Fire Potion"},{"floor":4,"key":"EssenceOfSteel"},{"floor":7,"key":"Poison Potion"},{"floor":8,"key":"EssenceOfSteel"},{"floor":16,"key":"PowerPotion"},{"floor":17,"key":"Fruit Juice"},{"floor":19,"key":"Swift Potion"},{"floor":21,"key":"GamblersBrew"},{"floor":24,"key":"Fire Potion"},{"floor":29,"key":"BloodPotion"}],"is_trial":false,"path_per_floor":["M","?","M","M","T","R","M","M","T","E","$","M","T","?","R","B",null,"M","M","?","M","?","R","M","R","T","E","R","M","R","M","R"],"character_chosen":"IRONCLAD","items_purchased":["Clash"],"campfire_rested":4,"item_purchase_floors":[11],"current_hp_per_floor":[48,48,40,40,40,40,40,38,38,30,30,29,29,22,46,35,74,72,60,60,18,18,46,20,20,20,2,31,10,39,40,40,0],"gold":517,"neow_bonus":"BOSS_RELIC","is_prod":false,"is_daily":false,"chose_seed":false,"campfire_upgraded":1,"win_rate":0,"timestamp":1535058121,"path_taken":["M","?","?","M","?","R","M","?","T","E","?","M","?","?","R","BOSS","M","?","?","?","?","R","M","R","T","E","R","M","R","?","R","BOSS"],"build_version":"2018-08-16","purchased_purges":1,"victory":false,"max_hp_per_floor":[80,80,80,80,80,80,80,80,80,80,80,80,80,80,80,80,85,93,96,96,96,96,96,99,99,99,99,99,99,99,102,102,102],"card_choices":[{"not_picked":["Hemokinesis","Perfected Strike"],"picked":"Anger","floor":1},{"not_picked":["Havoc","Sentinel"],"picked":"Ghostly Armor","floor":3},{"not_picked":["Twin Strike","Iron Wave","Exhume"],"picked":"SKIP","floor":4},{"not_picked":["Perfected Strike","Shrug It Off"],"picked":"Anger","floor":7},{"not_picked":["Cleave","Perfected Strike","Clothesline"],"picked":"SKIP","floor":8},{"not_picked":["Headbutt","Thunderclap"],"picked":"Battle Trance","floor":10},{"not_picked":["Sword Boomerang","Disarm"],"picked":"Brutality","floor":12},{"not_picked":["Brutality","Dark Embrace"],"picked":"Feed","floor":16},{"not_picked":["Cleave","Clash"],"picked":"Carnage","floor":17},{"not_picked":["Perfected Strike","Sword Boomerang"],"picked":"Warcry","floor":18},{"not_picked":["Twin Strike","Clash+1"],"picked":"Intimidate+1","floor":19},{"not_picked":["Shockwave","Clothesline"],"picked":"Berserk","floor":21},{"not_picked":["Second Wind","Blood for Blood","Rampage+1"],"picked":"SKIP","floor":24},{"not_picked":["Warcry","Whirlwind+1","Cleave"],"picked":"SKIP","floor":27},{"not_picked":["Evolve","Iron Wave"],"picked":"Disarm","floor":29},{"not_picked":["Heavy Blade","Wild Strike"],"picked":"True Grit+1","floor":31}],"player_experience":323739,"relics_obtained":[{"floor":0,"key":"Shuriken"},{"floor":0,"key":"Torii"},{"floor":0,"key":"Boot"},{"floor":5,"key":"Bag of Preparation"},{"floor":9,"key":"Tiny Chest"},{"floor":10,"key":"Ginger"},{"floor":13,"key":"Girya"},{"floor":26,"key":"Matryoshka"},{"floor":27,"key":"Ice Cream"}],"event_choices":[{"event_name":"The Cleric","player_choice":"Card Removal","floor":2,"damage_taken":0},{"event_name":"Golden Wing","player_choice":"Card Removal","floor":14,"damage_taken":0},{"event_name":"Golden Shrine","player_choice":"Pray","floor":20,"damage_taken":0},{"event_name":"Wheel of Change","player_choice":"Relic","floor":22,"damage_taken":0}],"is_beta":false,"boss_relics":[{"not_picked":["Black Star","Astrolabe"],"picked":"Tiny House"}],"items_purged_floors":[11],"is_endless":false,"potions_floor_spawned":[1,4,7,8,16,19,21,24,29],"killed_by":"Collector","ascension_level":9}