{"gold_per_floor":[116,116,86,101,114,114,39,39,39,51,51,67,67,67,67,171,171,185,197,223,223,236,236,335,335,335,335,350,9,9,27,27,130,130,147,166,41,41,41,41,41,59,86,86,86,308,333,343,343,343],"floor_reached":51,"playtime":2233,"items_purged":["Strike_B","Strike_B","Strike_B"],"score":998,"play_id":"0fc0e198-8ff5-4f82-bd93-8af5d84a6367","local_time":"20190212130739","is_ascension_mode":true,"campfire_choices":[{"floor":6,"key":"REST"},{"data":"Chaos","floor":8,"key":"SMITH"},{"data":"Go for the Eyes","floor":11,"key":"SMITH"},{"data":"Conserve Battery","floor":13,"key":"SMITH"},{"floor":15,"key":"REST"},{"floor":23,"key":"REST"},{"data":"White Noise","floor":25,"key":"SMITH"},{"floor":32,"key":"REST"},{"floor":40,"key":"REST"},{"data":"Creative AI","floor":45,"key":"SMITH"},{"floor":49,"key":"REST"}],"neow_cost":"NONE","seed_source_timestamp":208270630963019,"circlet_count":0,"master_deck":["AscendersBane","Strike_B","Defend_B","Defend_B","Defend_B","Defend_B","Zap+1","Dualcast","Go for the Eyes+1","Conserve Battery+1","Chaos+1","Reinforced Body+1","Coolheaded","Electrodynamics","Ball Lightning","Leap+1","Steam","Conserve Battery+1","White Noise+1","Conserve Battery+1","Glacier","Finesse","Coolheaded+1","Creative AI+1"],"relics":["FrozenCore","Regal Pillow","Kunai","Inserter","Red Mask","Pen Nib","Blood Vial","Smiling Mask"],"potions_floor_usage":[5,16,16,20,20,28,33,44,50,50,50,50,50],"damage_taken":[{"damage":1,"enemies":"2 Louse","floor":1,"turns":2},{"damage":0,"enemies":"Small Slimes","floor":4,"turns":3},{"damage":0,"enemies":"Cultist","floor":5,"turns":2},{"damage":2,"enemies":"Red Slaver","floor":10,"turns":4},{"damage":5,"enemies":"2 Fungi Beasts","floor":12,"turns":4},{"damage":4,"enemies":"The Guardian","floor":16,"turns":14},{"damage":6,"enemies":"Chosen","floor":18,"turns":6},{"damage":17,"enemies":"Shell Parasite","floor":19,"turns":7},{"damage":29,"enemies":"Masked Bandits","floor":20,"turns":5},{"damage":10,"enemies":"Centurion and Healer","floor":22,"turns":9},{"damage":24,"enemies":"Snecko","floor":28,"turns":6},{"damage":15,"enemies":"Snake Plant","floor":31,"turns":5},{"damage":8,"enemies":"Champ","floor":33,"turns":24},{"damage":16,"enemies":"3 Darklings","floor":35,"turns":7},{"damage":0,"enemies":"3 Shapes","floor":36,"turns":6},{"damage":0,"enemies":"Maw","floor":42,"turns":14},{"damage":0,"enemies":"Writhing Mass","floor":44,"turns":1},{"damage":11,"enemies":"Nemesis","floor":47,"turns":11},{"damage":21,"enemies":"Spire Growth","floor":48,"turns":12},{"damage":1,"enemies":"Donu and Deca","floor":50,"turns":9}],"seed_played":"-3903726925395399775","potions_obtained":[{"floor":3,"key":"Regen Potion"},{"floor":3,"key":"Swift Potion"},{"floor":4,"key":"LiquidBronze"},{"floor":5,"key":"EssenceOfSteel"},{"floor":16,"key":"Fire Potion"},{"floor":20,"key":"Swift Potion"},{"floor":28,"key":"Explosive Potion"},{"floor":36,"key":"SmokeBomb"},{"floor":41,"key":"EntropicBrew"},{"floor":41,"key":"SpeedPotion"},{"floor":41,"key":"SneckoOil"},{"floor":42,"key":"FocusPotion"},{"floor":48,"key":"FocusPotion"}],"is_trial":false,"path_per_floor":["M","?","?","M","M","R","$","R","T","M","R","M","R","?","R","B",null,"M","M","?","?","M","R","?","R","T","?","M","$","?","M","R","B",null,"M","M","$","?","?","R","?","M","T","M","R","?","E","M","R","B",null],"character_chosen":"DEFECT","items_purchased":["Glacier","FTL","Finesse"],"campfire_rested":6,"item_purchase_floors":[29,29,29],"current_hp_per_floor":[67,55,55,55,55,75,75,75,75,73,73,68,68,68,75,71,74,68,51,36,36,26,63,63,63,63,49,25,25,25,10,49,41,70,54,54,54,54,54,80,80,80,80,80,80,80,69,50,80,79],"gold":343,"neow_bonus":"UPGRADE_CARD","is_prod":false,"is_daily":false,"chose_seed":false,"campfire_upgraded":5,"win_rate":0,"timestamp":1549994859,"path_taken":["M","?","?","M","?","R","?","R","T","M","R","M","R","?","R","BOSS","M","M","?","?","?","R","?","R","T","?","M","?","?","M","R","BOSS","M","M","$","?","?","R","?","M","T","?","R","?","E","M","R","BOSS"],"build_version":"2019-01-23","purchased_purges":3,"victory":true,"max_hp_per_floor":[75,75,75,75,75,75,75,75,75,75,75,75,75,75,75,75,75,75,75,75,75,75,75,75,75,75,80,80,80,80,80,80,80,80,80,80,80,80,80,80,80,80,80,80,80,80,80,80,80,80],"card_choices":[{"not_picked":["Barrage","Redo"],"picked":"Go for the Eyes","floor":1},{"not_picked":["Beam Cell","Redo"],"picked":"Conserve Battery","floor":4},{"not_picked":["Steam Power","Gash"],"picked":"Chaos","floor":5},{"not_picked":["Beam Cell","Hologram"],"picked":"Reinforced Body","floor":10},{"not_picked":["Conserve Battery","Aggregate"],"picked":"Coolheaded","floor":12},{"not_picked":["Multi-Cast","Creative AI"],"picked":"Electrodynamics","floor":16},{"not_picked":["Go for the Eyes","Beam Cell"],"picked":"Ball Lightning","floor":18},{"not_picked":["Storm+1","Beam Cell"],"picked":"Leap+1","floor":19},{"not_picked":["Doom and Gloom","Heatsinks"],"picked":"Steam","floor":20},{"not_picked":["Cold Snap","Compile Driver"],"picked":"White Noise","floor":22},{"not_picked":["Fusion","Turbo+1"],"picked":"Conserve Battery+1","floor":28},{"not_picked":["Genetic Algorithm+1","Conserve Battery+1"],"picked":"Coolheaded+1","floor":31},{"not_picked":["Machine Learning","All For One"],"picked":"Creative AI","floor":33},{"not_picked":["Recycle","Sunder+1","Sweeping Beam"],"picked":"SKIP","floor":35},{"not_picked":["Sweeping Beam+1","Static Discharge+1","Streamline+1"],"picked":"SKIP","floor":36},{"not_picked":["Compile Driver+1","Storm+1","Streamline+1"],"picked":"SKIP","floor":42},{"not_picked":["Stack+1","Go for the Eyes","Sunder+1"],"picked":"SKIP","floor":47},{"not_picked":["Conserve Battery+1","Redo+1","Stack"],"picked":"SKIP","floor":48}],"player_experience":466042,"relics_obtained":[{"floor":9,"key":"Kunai"},{"floor":20,"key":"Red Mask"},{"floor":26,"key":"Pen Nib"},{"floor":43,"key":"Blood Vial"},{"floor":47,"key":"Smiling Mask"}],"event_choices":[{"damage_healed":0,"gold_gain":0,"player_choice":"Success","damage_taken":12,"relics_obtained":["Regal Pillow"],"max_hp_gain":0,"max_hp_loss":0,"event_name":"Scrap Ooze","floor":2,"gold_loss":0},{"damage_healed":0,"gold_gain":0,"player_choice":"Bought 2 Potions","damage_taken":0,"max_hp_gain":0,"max_hp_loss":0,"event_name":"The Woman in Blue","floor":3,"gold_loss":0},{"damage_healed":0,"gold_gain":0,"player_choice":"Forge","damage_taken":0,"max_hp_gain":0,"max_hp_loss":0,"event_name":"Accursed Blacksmith","floor":14,"gold_loss":0,"cards_upgraded":["Reinforced Body"]},{"damage_healed":0,"gold_gain":0,"player_choice":"Fought Bandits","damage_taken":0,"max_hp_gain":0,"max_hp_loss":0,"event_name":"Masked Bandits","floor":20,"gold_loss":0},{"damage_healed":0,"gold_gain":0,"player_choice":"Copied","damage_taken":0,"max_hp_gain":0,"max_hp_loss":0,"event_name":"Duplicator","floor":21,"gold_loss":0,"cards_obtained":["Conserve Battery"]},{"damage_healed":0,"gold_gain":99,"player_choice":"Stole From Cult","damage_taken":0,"max_hp_gain":0,"max_hp_loss":0,"event_name":"Nest","floor":24,"gold_loss":0},{"damage_healed":0,"gold_gain":0,"player_choice":"Shed Blood","damage_taken":19,"max_hp_gain":5,"max_hp_loss":0,"event_name":"Forgotten Altar","floor":27,"gold_loss":0},{"damage_healed":0,"gold_gain":0,"player_choice":"Ignored","damage_taken":0,"max_hp_gain":0,"max_hp_loss":0,"event_name":"Vampires","floor":30,"gold_loss":0},{"cards_removed":["FTL"],"damage_healed":0,"gold_gain":0,"player_choice":"Removed Attack","damage_taken":0,"max_hp_gain":0,"max_hp_loss":0,"event_name":"Falling","floor":38,"gold_loss":0},{"damage_healed":0,"gold_gain":0,"player_choice":"Memory 1","damage_taken":0,"max_hp_gain":0,"max_hp_loss":0,"event_name":"SensoryStone","floor":39,"gold_loss":0},{"damage_healed":0,"gold_gain":0,"player_choice":"Got Potions","damage_taken":0,"max_hp_gain":0,"max_hp_loss":0,"event_name":"Lab","floor":41,"gold_loss":0},{"damage_healed":0,"gold_gain":222,"player_choice":"Wore Mask","damage_taken":0,"max_hp_gain":0,"max_hp_loss":0,"event_name":"Tomb of Lord Red Mask","floor":46,"gold_loss":0}],"is_beta":false,"boss_relics":[{"not_picked":["Runic Dome","Fusion Hammer"],"picked":"Inserter"},{"not_picked":["Astrolabe","Eternal Feather"],"picked":"FrozenCore"}],"items_purged_floors":[7,29,37],"is_endless":false,"potions_floor_spawned":[4,5,16,20,28,36,42,48],"ascension_level":10}