{"gold_per_floor":[109,109,123,48,59,59,78,78,78,98,120,120,120,137,137,236,236,236,89,89,89,89,89,89,89,89,89,89,89,89,89,89,89,89,89,0,0,0,0,0,0,0,0,0],"floor_reached":44,"playtime":1818,"items_purged":["Defend_B"],"score":688,"play_id":"f5473efb-04ae-4e55-bd0e-7855cf56f3f3","local_time":"20190221211049","is_ascension_mode":true,"campfire_choices":[{"data":"Zap","floor":6,"key":"SMITH"},{"data":"Buffer","floor":8,"key":"SMITH"},{"floor":13,"key":"REST"},{"data":"Hologram","floor":15,"key":"SMITH"},{"floor":23,"key":"REST"},{"floor":25,"key":"REST"},{"data":"Coolheaded","floor":30,"key":"SMITH"},{"floor":32,"key":"REST"},{"data":"Reboot","floor":40,"key":"SMITH"}],"neow_cost":"NONE","seed_source_timestamp":142407608081844,"circlet_count":0,"master_deck":["AscendersBane","Strike_B","Defend_B","Defend_B","Defend_B","Zap+1","Dualcast","Leap","Gash","Buffer+1","Hologram+1","Conserve Battery","BootSequence","Rebound","Electrodynamics","Gash","Coolheaded+1","Self Repair","Reboot+1","Scrape+1","Impatience"],"relics":["Cracked Core","Mummified Hand","Odd Mushroom","Ectoplasm","Omamori","Meat on the Bone","Pear","Busted Crown","Red Mask","Bag of Preparation","The Courier","Question Card"],"potions_floor_usage":[16,16,22,28],"damage_taken":[{"damage":8,"enemies":"Small Slimes","floor":1,"turns":4},{"damage":0,"enemies":"Cultist","floor":3,"turns":5},{"damage":0,"enemies":"2 Louse","floor":5,"turns":3},{"damage":0,"enemies":"Looter","floor":7,"turns":4},{"damage":9,"enemies":"Lots of Slimes","floor":10,"turns":5},{"damage":0,"enemies":"The Mushroom Lair","floor":11,"turns":5},{"damage":3,"enemies":"Blue Slaver","floor":14,"turns":4},{"damage":16,"enemies":"The Guardian","floor":16,"turns":12},{"damage":0,"enemies":"Chosen","floor":18,"turns":5},{"damage":6,"enemies":"Spheric Guardian","floor":20,"turns":4},{"damage":23,"enemies":"Snecko","floor":21,"turns":9},{"damage":10,"enemies":"Snake Plant","floor":22,"turns":5},{"damage":29,"enemies":"Chosen and Byrds","floor":24,"turns":9},{"damage":11,"enemies":"3 Cultists","floor":28,"turns":5},{"damage":0,"enemies":"Shelled Parasite and Fungi","floor":29,"turns":7},{"damage":67,"enemies":"Automaton","floor":33,"turns":12},{"damage":0,"enemies":"3 Shapes","floor":35,"turns":3},{"damage":7,"enemies":"Orb Walker","floor":38,"turns":3},{"damage":38,"enemies":"Nemesis","floor":41,"turns":9},{"damage":54,"enemies":"Reptomancer","floor":44,"turns":5}],"seed_played":"-3583344677861679783","potions_obtained":[{"floor":10,"key":"GamblersBrew"},{"floor":11,"key":"SkillPotion"},{"floor":16,"key":"FearPotion"},{"floor":18,"key":"Dexterity Potion"},{"floor":24,"key":"EssenceOfSteel"},{"floor":28,"key":"Weak Potion"},{"floor":33,"key":"FocusPotion"}],"is_trial":false,"path_per_floor":["M","?","M","$","M","R","M","R","T","M","?","?","R","M","R","B",null,"M","$","M","M","M","R","M","R","T","?","M","M","R","?","R","B",null,"M","?","?","M","?","R","E","?","T","E"],"character_chosen":"DEFECT","items_purchased":["Omamori"],"campfire_rested":4,"item_purchase_floors":[19],"current_hp_per_floor":[60,60,60,60,60,60,60,60,60,51,51,44,66,63,63,47,68,68,68,62,39,29,51,22,44,44,54,43,50,50,50,75,27,71,78,78,78,71,71,71,52,52,52,0],"gold":0,"neow_bonus":"TRANSFORM_CARD","is_prod":false,"is_daily":false,"chose_seed":false,"campfire_upgraded":5,"win_rate":0,"timestamp":1550801449,"path_taken":["M","?","M","$","?","R","M","R","T","M","?","?","R","M","R","BOSS","M","$","M","?","M","R","M","R","T","?","M","M","R","?","R","BOSS","M","?","?","?","?","R","E","?","T","E"],"build_version":"2019-01-23","purchased_purges":1,"victory":false,"max_hp_per_floor":[75,75,75,75,75,75,75,75,75,75,75,75,75,75,75,75,75,75,75,75,75,75,75,75,75,75,85,85,85,85,85,85,85,85,85,85,85,85,85,85,85,85,85,85],"card_choices":[{"not_picked":["Steam","Rebound"],"picked":"Gash","floor":1},{"not_picked":["Redo","Coolheaded"],"picked":"Hologram","floor":3},{"not_picked":["Sweeping Beam","Genetic Algorithm","Leap"],"picked":"SKIP","floor":5},{"not_picked":["Tempest","Stack"],"picked":"Conserve Battery","floor":7},{"not_picked":["Beam Cell","Sunder"],"picked":"BootSequence","floor":10},{"not_picked":["Multi-Cast","Hologram"],"picked":"Rebound","floor":14},{"not_picked":["Biased Cognition","Thunder Strike"],"picked":"Electrodynamics","floor":16},{"not_picked":["Chill","Rebound","Ball Lightning"],"picked":"SKIP","floor":18},{"not_picked":["Coolheaded","Fusion","Storm"],"picked":"SKIP","floor":20},{"not_picked":["Rip and Tear","Turbo","Hello World"],"picked":"SKIP","floor":21},{"not_picked":["Double Energy","Chill"],"picked":"Gash","floor":22},{"not_picked":["Chaos","Redo"],"picked":"Coolheaded","floor":24},{"not_picked":["Barrage","Rebound+1"],"picked":"Self Repair","floor":28},{"not_picked":["Barrage","Rip and Tear","Meteor Strike"],"picked":"SKIP","floor":29},{"not_picked":["Multi-Cast","Biased Cognition"],"picked":"Reboot","floor":33},{"not_picked":[],"picked":"Scrape+1","floor":35},{"not_picked":["Barrage+1"],"picked":"SKIP","floor":38},{"not_picked":[],"picked":"Impatience","floor":39},{"not_picked":["Melter"],"picked":"SKIP","floor":41}],"player_experience":569440,"relics_obtained":[{"floor":9,"key":"Mummified Hand"},{"floor":11,"key":"Odd Mushroom"},{"floor":26,"key":"Meat on the Bone"},{"floor":41,"key":"The Courier"},{"floor":43,"key":"Question Card"}],"event_choices":[{"damage_healed":0,"gold_gain":0,"cards_transformed":["Strike_B"],"player_choice":"Transformed","damage_taken":0,"max_hp_gain":0,"max_hp_loss":0,"event_name":"Transmorgrifier","floor":2,"gold_loss":0,"cards_obtained":["Buffer"]},{"damage_healed":0,"gold_gain":0,"player_choice":"Fought Mushrooms","damage_taken":0,"max_hp_gain":0,"max_hp_loss":0,"event_name":"Mushrooms","floor":11,"gold_loss":0},{"damage_healed":0,"gold_gain":0,"player_choice":"Damaged","damage_taken":7,"max_hp_gain":0,"max_hp_loss":0,"event_name":"Wheel of Change","floor":12,"gold_loss":0},{"damage_healed":0,"gold_gain":0,"player_choice":"Opened","damage_taken":0,"relics_obtained":["Pear"],"max_hp_gain":0,"max_hp_loss":0,"event_name":"The Mausoleum","floor":27,"gold_loss":0},{"damage_healed":0,"gold_gain":0,"player_choice":"Cursed","damage_taken":0,"max_hp_gain":0,"max_hp_loss":0,"event_name":"Wheel of Change","floor":31,"gold_loss":0,"cards_obtained":["Decay"]},{"damage_healed":0,"gold_gain":0,"player_choice":"Paid","damage_taken":0,"relics_obtained":["Red Mask"],"max_hp_gain":0,"max_hp_loss":0,"event_name":"Tomb of Lord Red Mask","floor":36,"gold_loss":89},{"damage_healed":0,"gold_gain":0,"player_choice":"Gave Potion","damage_taken":0,"relics_obtained":["Bag of Preparation"],"max_hp_gain":0,"max_hp_loss":0,"event_name":"WeMeetAgain","floor":37,"gold_loss":0},{"damage_healed":0,"gold_gain":0,"player_choice":"Memory 1","damage_taken":0,"max_hp_gain":0,"max_hp_loss":0,"event_name":"SensoryStone","floor":39,"gold_loss":0},{"cards_removed":["Strike_B"],"damage_healed":0,"gold_gain":0,"player_choice":"Removed Attack","damage_taken":0,"max_hp_gain":0,"max_hp_loss":0,"event_name":"Falling","floor":42,"gold_loss":0}],"is_beta":false,"boss_relics":[{"not_picked":["White Beast Statue","Fusion Hammer"],"picked":"Ectoplasm"},{"not_picked":["Runic Pyramid","Orrery"],"picked":"Busted Crown"}],"items_purged_floors":[4],"is_endless":false,"potions_floor_spawned":[10,11,16,18,24,28,29,33],"killed_by":"Reptomancer","ascension_level":12}