{"gold_per_floor":[119,129,129,129,54,54,54,79,79,79,91,15,41,55,55,160,160,172,172,184,84,96,96,116,116,116,132,132,57,57,69,69,165,165,176,196,216,0,0,0,35,35,35,66,66,66,66,82,82,82,82,82,4,37,37],"floor_reached":55,"playtime":3879,"items_purged":["Regret","Clash"],"score":770,"play_id":"7346399b-0daf-4f02-9878-bb77eb72fd76","local_time":"20190216230136","is_ascension_mode":true,"campfire_choices":[{"data":"Shrug It Off","floor":6,"key":"SMITH"},{"data":"Defend_R","floor":10,"key":"SMITH"},{"data":"Uppercut","floor":15,"key":"SMITH"},{"floor":23,"key":"RECALL"},{"data":"Demon Form","floor":25,"key":"SMITH"},{"data":"Metallicize","floor":32,"key":"SMITH"},{"data":"Offering","floor":40,"key":"SMITH"},{"data":"Shrug It Off","floor":42,"key":"SMITH"},{"data":"Uppercut","floor":45,"key":"SMITH"},{"data":"Heavy Blade","floor":47,"key":"SMITH"},{"data":"Pummel","floor":49,"key":"SMITH"},{"data":"Shockwave","floor":52,"key":"SMITH"}],"neow_cost":"CURSE","seed_source_timestamp":48258306110524,"circlet_count":0,"master_deck":["Bash","Normality","Shrug It Off+1","Uppercut+1","Shockwave+1","Offering+1","Shrug It Off+1","Power Through","Power Through","Pummel+1","Heavy Blade+1","Anger","Metallicize+1","Uppercut+1","Demon Form+1","Shame","Reaper","Flame Barrier+1"],"relics":["Burning Blood","Incense Burner","Mercury Hourglass","Meat on the Bone","Blue Candle","Bronze Scales","Pandora\u0027s Box","Letter Opener","Question Card","Black Star","Red Mask","Lantern","Bottled Tornado","Sundial","Ornamental Fan","Red Skull","Nunchaku","Vajra"],"potions_floor_usage":[36,44,44,55,55],"damage_taken":[{"damage":4,"enemies":"Small Slimes","floor":1,"turns":5},{"damage":0,"enemies":"2 Louse","floor":2,"turns":3},{"damage":32,"enemies":"Lagavulin","floor":8,"turns":8},{"damage":11,"enemies":"Jaw Worm","floor":11,"turns":3},{"damage":25,"enemies":"Gremlin Nob","floor":13,"turns":4},{"damage":1,"enemies":"Exordium Thugs","floor":14,"turns":4},{"damage":23,"enemies":"Hexaghost","floor":16,"turns":9},{"damage":13,"enemies":"2 Thieves","floor":18,"turns":4},{"damage":2,"enemies":"3 Byrds","floor":20,"turns":4},{"damage":21,"enemies":"Cultist and Chosen","floor":22,"turns":6},{"damage":31,"enemies":"Sentry and Sphere","floor":24,"turns":5},{"damage":26,"enemies":"Shelled Parasite and Fungi","floor":27,"turns":4},{"damage":3,"enemies":"Snecko","floor":31,"turns":6},{"damage":28,"enemies":"Champ","floor":33,"turns":8},{"damage":7,"enemies":"Orb Walker","floor":35,"turns":4},{"damage":37,"enemies":"3 Darklings","floor":36,"turns":5},{"damage":3,"enemies":"4 Shapes","floor":37,"turns":9},{"damage":8,"enemies":"Nemesis","floor":41,"turns":9},{"damage":28,"enemies":"Giant Head","floor":44,"turns":8},{"damage":22,"enemies":"Jaw Worm Horde","floor":48,"turns":5},{"damage":28,"enemies":"Time Eater","floor":50,"turns":10},{"damage":42,"enemies":"Shield and Spear","floor":54,"turns":11},{"damage":102,"enemies":"The Heart","floor":55,"turns":5}],"seed_played":"-5498152568621805517","potions_obtained":[{"floor":11,"key":"GamblersBrew"},{"floor":13,"key":"FearPotion"},{"floor":24,"key":"LiquidBronze"},{"floor":27,"key":"Energy Potion"},{"floor":36,"key":"EssenceOfSteel"},{"floor":44,"key":"FearPotion"}],"is_trial":false,"path_per_floor":["M","M","?","?","$","R","T","E","T","R","M","$","E","M","R","B",null,"M","?","M","$","M","R","M","R","T","M","?","?","?","M","R","B",null,"M","M","M","?","$","R","E","R","T","E","R","?","R","M","R","B",null,"R","$","E","B"],"character_chosen":"IRONCLAD","items_purchased":["Uppercut","Regen Potion"],"campfire_rested":0,"item_purchase_floors":[12,53],"current_hp_per_floor":[80,80,64,64,64,64,64,38,38,38,45,45,38,55,55,50,80,73,73,80,80,77,77,52,52,52,51,51,51,51,60,60,50,80,80,80,80,80,80,80,80,80,80,80,80,80,80,80,80,58,80,80,80,56,0],"gold":37,"neow_bonus":"ONE_RARE_RELIC","is_prod":false,"is_daily":false,"chose_seed":false,"campfire_upgraded":11,"win_rate":0,"timestamp":1550354496,"path_taken":["M","M","?","?","$","R","?","E","T","R","M","$","E","M","R","BOSS","M","?","M","$","M","R","M","R","T","M","?","?","?","M","R","BOSS","M","M","M","?","$","R","E","R","T","E","R","?","R","M","R","BOSS","R","$","E","BOSS"],"build_version":"2019-01-23","purchased_purges":2,"victory":false,"max_hp_per_floor":[80,80,80,80,80,80,80,80,80,80,80,80,80,80,80,80,80,80,80,80,80,80,80,80,80,80,80,80,80,80,80,80,80,80,80,80,80,80,80,80,80,80,80,80,80,80,80,80,80,80,80,80,80,80,80],"card_choices":[{"not_picked":["Warcry","Armaments"],"picked":"Shrug It Off","floor":1},{"not_picked":["Anger","Blood for Blood","Heavy Blade"],"picked":"SKIP","floor":2},{"not_picked":["Warcry","Havoc","True Grit"],"picked":"SKIP","floor":8},{"not_picked":["Perfected Strike","Twin Strike","Hemokinesis"],"picked":"SKIP","floor":11},{"not_picked":["Pummel","Intimidate"],"picked":"Shockwave","floor":13},{"not_picked":["Shockwave","Limit Break","Carnage"],"picked":"SKIP","floor":14},{"not_picked":["Juggernaut","Barricade"],"picked":"Offering","floor":16},{"not_picked":["Hemokinesis","Pommel Strike","Sword Boomerang+1"],"picked":"SKIP","floor":18},{"not_picked":["Warcry","Corruption"],"picked":"Uppercut","floor":20},{"not_picked":["Wild Strike+1","Anger","Pommel Strike"],"picked":"SKIP","floor":22},{"not_picked":["Heavy Blade","Clash"],"picked":"Demon Form","floor":24},{"not_picked":["Headbutt","True Grit","Dual Wield+1"],"picked":"SKIP","floor":27},{"not_picked":["Disarm","Warcry","Body Slam","Twin Strike"],"picked":"SKIP","floor":31},{"not_picked":["Offering","Barricade","Immolate"],"picked":"Reaper","floor":33},{"not_picked":["Sword Boomerang","Twin Strike+1","Thunderclap","Flex+1"],"picked":"SKIP","floor":35},{"not_picked":["Body Slam+1","Twin Strike","Rage","Spot Weakness"],"picked":"SKIP","floor":36},{"not_picked":["Shrug It Off","Intimidate","Warcry+1","Pommel Strike"],"picked":"SKIP","floor":37},{"not_picked":["Evolve","Wild Strike","Bloodletting+1","Clash+1"],"picked":"SKIP","floor":41},{"not_picked":["Feed","Havoc","Armaments"],"picked":"Flame Barrier+1","floor":44},{"not_picked":["Searing Blow","Perfected Strike+1","Corruption","True Grit"],"picked":"SKIP","floor":48},{"not_picked":["True Grit","Warcry+1","Pommel Strike","Carnage+1"],"picked":"SKIP","floor":54}],"player_experience":190987,"relics_obtained":[{"floor":8,"key":"Meat on the Bone"},{"floor":9,"key":"Blue Candle"},{"floor":13,"key":"Bronze Scales"},{"floor":26,"key":"Letter Opener"},{"floor":41,"key":"Lantern"},{"floor":41,"key":"Bottled Tornado"},{"floor":43,"key":"Sundial"},{"floor":44,"key":"Ornamental Fan"},{"floor":44,"key":"Red Skull"},{"floor":54,"key":"Nunchaku"},{"floor":54,"key":"Vajra"}],"event_choices":[{"damage_healed":0,"gold_gain":0,"player_choice":"Entered Light","damage_taken":16,"max_hp_gain":0,"max_hp_loss":0,"event_name":"Shining Light","floor":3,"gold_loss":0,"cards_upgraded":["Strike_R","Strike_R"]},{"damage_healed":0,"gold_gain":0,"player_choice":"Box","damage_taken":0,"relics_obtained":["Mercury Hourglass"],"max_hp_gain":0,"max_hp_loss":0,"event_name":"Big Fish","floor":4,"gold_loss":0,"cards_obtained":["Regret"]},{"damage_healed":0,"gold_gain":0,"player_choice":"Read","damage_taken":0,"max_hp_gain":0,"max_hp_loss":0,"event_name":"The Library","floor":19,"gold_loss":0,"cards_obtained":["Metallicize"]},{"damage_healed":0,"gold_gain":0,"player_choice":"Ignored","damage_taken":0,"max_hp_gain":0,"max_hp_loss":0,"event_name":"Vampires","floor":28,"gold_loss":0},{"cards_removed":["Wild Strike"],"damage_healed":0,"gold_gain":0,"player_choice":"Gave Gold","damage_taken":0,"max_hp_gain":0,"max_hp_loss":0,"event_name":"Beggar","floor":29,"gold_loss":75},{"damage_healed":0,"gold_gain":0,"player_choice":"Stole Relic","damage_taken":0,"relics_obtained":["Question Card"],"max_hp_gain":0,"max_hp_loss":0,"event_name":"Addict","floor":30,"gold_loss":0,"cards_obtained":["Shame"]},{"damage_healed":0,"gold_gain":0,"player_choice":"Paid","damage_taken":0,"relics_obtained":["Red Mask"],"max_hp_gain":0,"max_hp_loss":0,"event_name":"Tomb of Lord Red Mask","floor":38,"gold_loss":216},{"cards_removed":["Reaper"],"damage_healed":0,"gold_gain":0,"player_choice":"Removed Attack","damage_taken":0,"max_hp_gain":0,"max_hp_loss":0,"event_name":"Falling","floor":46,"gold_loss":0}],"is_beta":false,"boss_relics":[{"not_picked":["Coffee Dripper","White Beast Statue"],"picked":"Pandora\u0027s Box"},{"not_picked":["Eternal Feather","Orrery"],"picked":"Black Star"}],"items_purged_floors":[5,21],"is_endless":false,"potions_floor_spawned":[11,13,24,27,33,36,37,44],"killed_by":"The Heart","ascension_level":1}