{"gold_per_floor":[111,111,111,126,126,166,181,181,204,21,40,40,55,79,79,208,208,226,226,242,29,29],"floor_reached":22,"playtime":1927,"items_purged":["Injury","Strike_R"],"score":195,"play_id":"8126da9c-03cb-41a0-9a9b-d9be90f0a509","local_time":"20190203085030","is_ascension_mode":true,"campfire_choices":[{"data":"Body Slam","floor":8,"key":"SMITH"},{"data":"Body Slam","floor":12,"key":"SMITH"},{"data":"Body Slam","floor":15,"key":"SMITH"}],"neow_cost":"NONE","seed_source_timestamp":1286389630117488,"circlet_count":0,"master_deck":["Strike_R","Strike_R","Strike_R","Defend_R","Defend_R","Defend_R","Defend_R","Bash+1","Shrug It Off","Rupture","Body Slam+1","Metallicize","Body Slam+1","Body Slam+1","Metallicize","Demon Form","Entrench","Apotheosis"],"relics":["Burning Blood","Golden Idol","Smiling Mask","Paper Frog","PreservedInsect","White Beast Statue"],"potions_floor_usage":[6,14,16,19,19,22],"damage_taken":[{"damage":0,"enemies":"Small Slimes","floor":1,"turns":3},{"damage":7,"enemies":"Jaw Worm","floor":4,"turns":5},{"damage":52,"enemies":"Gremlin Nob","floor":6,"turns":6},{"damage":0,"enemies":"2 Louse","floor":7,"turns":3},{"damage":2,"enemies":"2 Fungi Beasts","floor":11,"turns":4},{"damage":2,"enemies":"Lots of Slimes","floor":13,"turns":7},{"damage":9,"enemies":"Gremlin Gang","floor":14,"turns":6},{"damage":44,"enemies":"Slime Boss","floor":16,"turns":17},{"damage":23,"enemies":"Spheric Guardian","floor":18,"turns":7},{"damage":30,"enemies":"Colosseum Slavers","floor":19,"turns":8},{"damage":18,"enemies":"Chosen","floor":20,"turns":5},{"damage":36,"enemies":"Snake Plant","floor":22,"turns":6}],"seed_played":"1149064763881418449","potions_obtained":[{"floor":4,"key":"Regen Potion"},{"floor":6,"key":"EssenceOfSteel"},{"floor":7,"key":"Strength Potion"},{"floor":16,"key":"Strength Potion"},{"floor":18,"key":"BloodPotion"},{"floor":20,"key":"Poison Potion"}],"is_trial":false,"path_per_floor":["M","?","?","M","?","E","M","R","T","$","M","R","M","M","R","B",null,"M","?","M","$","M"],"character_chosen":"IRONCLAD","items_purchased":["Metallicize","Body Slam","Apotheosis"],"campfire_rested":0,"item_purchase_floors":[10,10,21],"current_hp_per_floor":[80,80,80,79,76,42,48,48,48,48,52,52,56,53,53,15,80,63,47,35,35,0],"gold":29,"neow_bonus":"UPGRADE_CARD","is_prod":false,"is_daily":false,"chose_seed":false,"campfire_upgraded":3,"win_rate":0,"timestamp":1549180230,"path_taken":["M","?","?","M","?","E","M","R","T","$","M","R","M","M","R","BOSS","M","?","M","$","M"],"build_version":"2019-01-23","purchased_purges":2,"victory":false,"max_hp_per_floor":[80,80,80,80,80,80,80,80,80,80,80,80,80,80,80,80,80,80,80,80,80,80],"card_choices":[{"not_picked":["Pommel Strike","Heavy Blade"],"picked":"Shrug It Off","floor":1},{"not_picked":["Corruption","Heavy Blade"],"picked":"Body Slam","floor":4},{"not_picked":["Power Through","Warcry","Double Tap"],"picked":"SKIP","floor":6},{"not_picked":["True Grit","Anger","Wild Strike"],"picked":"SKIP","floor":7},{"not_picked":["Pommel Strike","Burning Pact","Headbutt"],"picked":"SKIP","floor":11},{"not_picked":["True Grit","Corruption"],"picked":"Body Slam","floor":13},{"not_picked":["Warcry","Wild Strike"],"picked":"Metallicize","floor":14},{"not_picked":["Berserk","Feed"],"picked":"Demon Form","floor":16},{"not_picked":["Flex+1","Inflame","Twin Strike"],"picked":"SKIP","floor":18},{"not_picked":["Burning Pact","Clothesline"],"picked":"Entrench","floor":20}],"player_experience":151063,"relics_obtained":[{"floor":6,"key":"Paper Frog"},{"floor":9,"key":"PreservedInsect"}],"event_choices":[{"damage_healed":0,"gold_gain":0,"cards_transformed":["Strike_R"],"player_choice":"Change","damage_taken":0,"max_hp_gain":0,"max_hp_loss":0,"event_name":"Living Wall","floor":2,"gold_loss":0,"cards_obtained":["Rupture"]},{"damage_healed":0,"gold_gain":0,"player_choice":"Take Wound","damage_taken":0,"relics_obtained":["Golden Idol"],"max_hp_gain":0,"max_hp_loss":0,"event_name":"Golden Idol","floor":3,"gold_loss":0,"cards_obtained":["Injury"]},{"damage_healed":0,"gold_gain":0,"player_choice":"Success","damage_taken":3,"relics_obtained":["Smiling Mask"],"max_hp_gain":0,"max_hp_loss":0,"event_name":"Scrap Ooze","floor":5,"gold_loss":0},{"damage_healed":0,"gold_gain":0,"player_choice":"Fight","damage_taken":0,"max_hp_gain":0,"max_hp_loss":0,"event_name":"Colosseum","floor":19,"gold_loss":0},{"damage_healed":0,"gold_gain":0,"player_choice":"Fled From Nobs","damage_taken":0,"max_hp_gain":0,"max_hp_loss":0,"event_name":"Colosseum","floor":19,"gold_loss":0}],"is_beta":false,"boss_relics":[{"not_picked":["Ectoplasm","Runic Cube"],"picked":"White Beast Statue"}],"items_purged_floors":[10,21],"is_endless":false,"potions_floor_spawned":[4,6,7,16,18,19,20],"killed_by":"Snake Plant","ascension_level":1}