{"path_per_floor":["M","M","?","?","M","R","E","$","T","?","M","M","?","E","R","B",null,"M","?","M","M","?","E","R","M","T","M","?","M","?","?","R","B",null,"M","M","M","$","?","R","E","R","T","R","T","$","?","?","R","B"],"character_chosen":"DEFECT","items_purchased":["Flash of Steel","Rebound","Molten Egg 2","Ball Lightning","Gash","Mind Blast"],"gold_per_floor":[119,138,138,138,154,154,180,42,42,42,54,74,74,118,118,237,237,253,168,192,216,216,251,251,271,271,284,284,294,294,217,217,322,322,336,348,363,83,83,83,114,114,114,114,193,31,31,0,0,0],"floor_reached":51,"campfire_rested":5,"playtime":1549,"current_hp_per_floor":[74,72,57,50,50,50,32,32,32,37,37,37,43,35,60,19,86,66,66,66,37,37,15,40,40,46,35,35,25,25,25,52,15,92,52,34,36,36,80,80,20,44,50,50,61,61,61,61,88,27],"items_purged":[],"gold":0,"score":836,"play_id":"66af317a-7eb1-4034-be84-02c71140bd6c","local_time":"20180507152332","is_prod":false,"is_daily":false,"chose_seed":false,"is_ascension_mode":true,"campfire_upgraded":3,"timestamp":1525670612,"path_taken":["M","M","?","?","M","R","E","$","T","?","?","M","?","E","R","BOSS","M","?","?","M","?","E","R","M","T","M","?","?","?","?","R","BOSS","M","M","M","$","?","R","E","R","T","R","?","$","?","?","R","BOSS"],"build_version":"2018-05-03","seed_source_timestamp":468675789736957,"purchased_purges":0,"victory":true,"master_deck":["Strike_B","Strike_B","Strike_B+1","Defend_B","Defend_B","Defend_B","Zap+1","Dualcast","Beam Cell+1","Skim+1","Axe Kick","Streamline","Flash of Steel","Rebound","Sweeping Beam","Hologram","Injury","Cold Snap","Rainbow","Gash+1","Beam Cell","Scrape","Go for the Eyes","Lockon","Parasite","FTL","Go for the Eyes","J.A.X.","Go for the Eyes","Go for the Eyes+1","Stack","Ball Lightning+1","Glacier+1","Parasite","Writhe","Gash+1","Mind Blast+1"],"max_hp_per_floor":[75,75,75,75,75,75,75,75,75,80,80,80,86,86,86,86,86,86,86,86,86,86,86,86,86,92,92,92,92,92,92,92,92,92,92,92,92,92,80,80,80,80,86,86,92,92,92,92,92,92],"relics":["Cracked Core","Darkstone Periapt","Symbiotic Virus","Bloody Idol","Cables","Cursed Key","Bag of Preparation","Turnip","Kunai","Nuclear Battery","Molten Egg 2","Torii","Meat on the Bone","Mercury Hourglass","Red Mask"],"card_choices":[{"not_picked":["Reprogram","Doom and Gloom"],"picked":"Beam Cell","floor":1},{"not_picked":["Impulse","Cold Snap"],"picked":"Skim","floor":2},{"not_picked":["Prime","Leap"],"picked":"Axe Kick","floor":5},{"not_picked":["Coolheaded","Heatsinks"],"picked":"Streamline","floor":7},{"not_picked":["Rebound","Storm"],"picked":"Sweeping Beam","floor":11},{"not_picked":["Stack","Cold Snap"],"picked":"Hologram","floor":12},{"not_picked":["Echo Form","Darkness"],"picked":"Cold Snap","floor":14},{"not_picked":["Nova","Creative AI"],"picked":"Rainbow","floor":16},{"not_picked":["Beam Cell","Impulse"],"picked":"Gash","floor":18},{"not_picked":["Lockon","Capacitor"],"picked":"Beam Cell","floor":20},{"not_picked":["Impulse","Chill"],"picked":"Scrape","floor":21},{"not_picked":["Aggregate","Capacitor"],"picked":"Lockon","floor":25},{"not_picked":["Defragment","Static Discharge"],"picked":"FTL","floor":27},{"not_picked":["Rip and Tear","Impulse"],"picked":"Go for the Eyes","floor":29},{"not_picked":["Nova","Reboot"],"picked":"Prime","floor":33},{"not_picked":["Stack","Barrage"],"picked":"Go for the Eyes","floor":35},{"not_picked":["Static Discharge","Fission"],"picked":"Go for the Eyes","floor":36},{"not_picked":["Double Energy","Axe Kick"],"picked":"Stack","floor":37},{"not_picked":["Barrage","Turbo"],"picked":"Glacier","floor":41}],"player_experience":34555,"potions_floor_usage":[25,33,50,50,50],"damage_taken":[{"damage":1,"enemies":"Jaw Worm","floor":1,"turns":3},{"damage":2,"enemies":"2 Louse","floor":2,"turns":2},{"damage":0,"enemies":"Cultist","floor":5,"turns":2},{"damage":18,"enemies":"Lagavulin","floor":7,"turns":3},{"damage":0,"enemies":"Large Slime","floor":11,"turns":2},{"damage":0,"enemies":"Lots of Slimes","floor":12,"turns":2},{"damage":8,"enemies":"3 Sentries","floor":14,"turns":3},{"damage":41,"enemies":"The Guardian","floor":16,"turns":7},{"damage":20,"enemies":"2 Thieves","floor":18,"turns":3},{"damage":0,"enemies":"Spheric Guardian","floor":20,"turns":2},{"damage":29,"enemies":"Slaver and Parasite","floor":21,"turns":6},{"damage":22,"enemies":"Gremlin Leader","floor":23,"turns":4},{"damage":0,"enemies":"Chosen and Byrds","floor":25,"turns":5},{"damage":11,"enemies":"Centurion and Healer","floor":27,"turns":3},{"damage":15,"enemies":"Snecko","floor":29,"turns":3},{"damage":42,"enemies":"Champ","floor":33,"turns":9},{"damage":45,"enemies":"3 Darklings","floor":35,"turns":4},{"damage":23,"enemies":"Flame Bruiser 1 Orb","floor":36,"turns":4},{"damage":3,"enemies":"Sphere and 2 Shapes","floor":37,"turns":4},{"damage":65,"enemies":"2 Orb Walkers","floor":41,"turns":4},{"damage":73,"enemies":"Donu and Deca","floor":50,"turns":9}],"event_choices":[{"event_name":"Shining Light","player_choice":"Entered Light","floor":3,"damage_taken":0},{"event_name":"Golden Wing","player_choice":"Card Removal","floor":4,"damage_taken":0},{"event_name":"Big Fish","player_choice":"Donut","floor":10,"damage_taken":0},{"event_name":"Golden Idol","player_choice":"Take Wound","floor":13,"damage_taken":0},{"event_name":"Addict","player_choice":"Obtained Relic","floor":19,"damage_taken":0},{"event_name":"The Library","player_choice":"Read","floor":22,"damage_taken":0},{"event_name":"Forgotten Altar","player_choice":"Gave Idol","floor":28,"damage_taken":0},{"event_name":"Ghosts","player_choice":"Ignored","floor":30,"damage_taken":0},{"event_name":"Drug Dealer","player_choice":"Got JAXXED","floor":31,"damage_taken":0},{"event_name":"The Moai Head","player_choice":"Heal","floor":39,"damage_taken":0},{"event_name":"Tomb of Lord Red Mask","player_choice":"Paid","floor":48,"damage_taken":0}],"boss_relics":[{"not_picked":["Philosopher\u0027s Stone","Calling Bell"],"picked":"Cursed Key"},{"not_picked":["Astrolabe","White Beast Statue"],"picked":"Nuclear Battery"}],"potions_floor_spawned":[5,7,23,25,27,36,37],"seed_played":"-4326179083392367898","ascension_level":1,"is_trial":false}