{"gold_per_floor":[114,114,39,51,69,69,95,95,144,176,176,116,116,135,135,226,226,245,26,50,65,65,89,127,145,171,171,210,228,263,295,307,319],"floor_reached":33,"playtime":1152,"items_purged":["Regret"],"score":520,"play_id":"4278d2db-7c01-4d14-87b0-09d79a380ad4","local_time":"20190213190336","is_ascension_mode":true,"campfire_choices":[{"data":"Zap","floor":6.0,"key":"SMITH"},{"data":"Dualcast","floor":8.0,"key":"SMITH"},{"floor":11.0,"key":"REST"},{"data":"Go for the Eyes","floor":15.0,"key":"SMITH"},{"floor":27,"key":"REST"},{"data":"Coolheaded","floor":32,"key":"SMITH"}],"neow_cost":"NONE","seed_source_timestamp":81607511146963,"circlet_count":0,"master_deck":["AscendersBane","Strike_B","Strike_B","Strike_B","Strike_B","Defend_B","Defend_B","Defend_B","Defend_B","Zap+1","Dualcast+1","Sweeping Beam","Coolheaded+1","Coolheaded","Go for the Eyes+1","Doom and Gloom","Leap","Biased Cognition","Self Repair","Hologram","Rip and Tear","Go for the Eyes","Conserve Battery+1","Cold Snap","Steam","Ball Lightning","White Noise+1","Leap+1"],"special_seed":0,"relics":["Cracked Core","NeowsBlessing","PreservedInsect","The Courier","Oddly Smooth Stone","Vajra","Anchor","Golden Idol","Busted Crown","Runic Capacitor","Thread and Needle","Art of War","Red Mask","MawBank"],"potions_floor_usage":[28],"damage_taken":[{"damage":0.0,"enemies":"Jaw Worm","floor":1.0,"turns":1.0},{"damage":0.0,"enemies":"Small Slimes","floor":4.0,"turns":1.0},{"damage":0.0,"enemies":"Cultist","floor":5.0,"turns":1.0},{"damage":40.0,"enemies":"Lagavulin","floor":7.0,"turns":7.0},{"damage":16.0,"enemies":"Gremlin Nob","floor":10.0,"turns":4.0},{"damage":4.0,"enemies":"Looter","floor":14.0,"turns":3.0},{"damage":5.0,"enemies":"The Guardian","floor":16.0,"turns":12.0},{"damage":17.0,"enemies":"2 Thieves","floor":18.0,"turns":3.0},{"damage":14,"enemies":"Chosen","floor":20,"turns":5},{"damage":2,"enemies":"Centurion and Healer","floor":21,"turns":8},{"damage":12,"enemies":"3 Cultists","floor":23,"turns":4},{"damage":24,"enemies":"Book of Stabbing","floor":24,"turns":6},{"damage":8,"enemies":"Snake Plant","floor":25,"turns":7},{"damage":0,"enemies":"Masked Bandits","floor":28,"turns":4},{"damage":0,"enemies":"Shelled Parasite and Fungi","floor":29,"turns":6},{"damage":3,"enemies":"Slavers","floor":30,"turns":4},{"damage":11,"enemies":"Centurion and Healer","floor":31,"turns":6},{"damage":37,"enemies":"Collector","floor":33,"turns":3}],"seed_played":"5104084589837635558","potions_obtained":[{"floor":4.0,"key":"SkillPotion"},{"floor":7.0,"key":"FearPotion"},{"floor":10.0,"key":"EntropicBrew"},{"floor":16.0,"key":"Fire Potion"},{"floor":30,"key":"FearPotion"}],"is_trial":false,"path_per_floor":["M","?","?","M","M","R","E","R","T","E","R","$","?","M","R","B",null,"M","$","M","M","?","M","E","M","T","R","?","M","E","M","R","B"],"character_chosen":"DEFECT","items_purchased":["Self Repair","Runic Capacitor"],"campfire_rested":2,"item_purchase_floors":[19,19],"current_hp_per_floor":[64,64,64,64,64,64,24,24,24,8,29,29,29,25,25,20,53,36,36,29,34,34,29,12,11,11,30,37,44,41,37,37,0],"gold":319,"neow_bonus":"THREE_ENEMY_KILL","is_prod":false,"is_daily":false,"chose_seed":false,"campfire_upgraded":4,"win_rate":0,"timestamp":1550106216,"path_taken":["M","?","?","M","?","R","E","R","T","E","R","$","?","M","R","BOSS","M","$","M","M","?","M","E","?","T","R","?","M","E","M","R","BOSS"],"build_version":"2019-01-23","purchased_purges":1,"victory":false,"max_hp_per_floor":[71,71,71,71,71,71,71,71,71,71,71,71,64,64,64,64,64,64,64,64,64,64,64,64,64,64,64,64,64,64,64,64,64],"card_choices":[{"not_picked":["Coolheaded","Beam Cell"],"picked":"Sweeping Beam","floor":1.0},{"not_picked":["Recycle","Chaos"],"picked":"Coolheaded","floor":4.0},{"not_picked":["Beam Cell","Lockon"],"picked":"Coolheaded","floor":5.0},{"not_picked":["Recycle","Genetic Algorithm"],"picked":"Go for the Eyes","floor":7.0},{"not_picked":["Chill","Core Surge"],"picked":"Doom and Gloom","floor":10.0},{"not_picked":["Compile Driver","Darkness"],"picked":"Leap","floor":14.0},{"not_picked":["Seek","Buffer"],"picked":"Biased Cognition","floor":16.0},{"not_picked":["Beam Cell"],"picked":"SKIP","floor":18.0},{"not_picked":[],"picked":"Hologram","floor":20},{"not_picked":[],"picked":"Rip and Tear","floor":21},{"not_picked":[],"picked":"Conserve Battery+1","floor":23},{"not_picked":["Biased Cognition"],"picked":"SKIP","floor":24},{"not_picked":[],"picked":"Cold Snap","floor":25},{"not_picked":[],"picked":"Steam","floor":28},{"not_picked":[],"picked":"Ball Lightning","floor":29},{"not_picked":[],"picked":"White Noise+1","floor":30},{"not_picked":[],"picked":"Leap+1","floor":31}],"player_experience":185635,"relics_obtained":[{"floor":7.0,"key":"Oddly Smooth Stone"},{"floor":9.0,"key":"Vajra"},{"floor":10.0,"key":"Anchor"},{"floor":24,"key":"Thread and Needle"},{"floor":26,"key":"Art of War"},{"floor":28,"key":"Red Mask"},{"floor":30,"key":"MawBank"}],"event_choices":[{"damage_healed":0.0,"max_hp_gain":0.0,"max_hp_loss":0.0,"gold_gain":0.0,"event_name":"Big Fish","player_choice":"Box","floor":2.0,"gold_loss":0.0,"damage_taken":0.0,"relics_obtained":["PreservedInsect"],"cards_obtained":["Regret"]},{"damage_healed":0.0,"max_hp_gain":0.0,"max_hp_loss":0.0,"gold_gain":0.0,"event_name":"WeMeetAgain","player_choice":"Paid Gold","floor":3.0,"gold_loss":75.0,"damage_taken":0.0,"relics_obtained":["The Courier"]},{"damage_healed":0.0,"max_hp_gain":0.0,"max_hp_loss":7.0,"gold_gain":0.0,"event_name":"Golden Idol","player_choice":"Lose Max HP","floor":13.0,"gold_loss":0.0,"damage_taken":0.0,"relics_obtained":["Golden Idol"]},{"damage_healed":0,"gold_gain":0,"player_choice":"1 cards matched","damage_taken":0,"max_hp_gain":0,"max_hp_loss":0,"event_name":"Match and Keep!","floor":22,"gold_loss":0,"cards_obtained":["Go for the Eyes"]},{"damage_healed":0,"gold_gain":0,"player_choice":"Fought Bandits","damage_taken":0,"max_hp_gain":0,"max_hp_loss":0,"event_name":"Masked Bandits","floor":28,"gold_loss":0}],"is_beta":false,"boss_relics":[{"not_picked":["Snecko Eye","Calling Bell"],"picked":"Busted Crown"}],"items_purged_floors":[12],"is_endless":false,"potions_floor_spawned":[4,7,10,16,20,21,24,30],"killed_by":"Collector","ascension_level":15}