{"gold_per_floor":[111,25,44,61,61,61,81,94,117,134,134,77,111,128,128,199,199,209,209,221,125,137,168,168,195,195,195,215,227,262,262,262,336,336,353,333,344,356,356,356],"floor_reached":40,"playtime":3778,"items_purged":[],"score":903,"play_id":"5cf56dc7-0c5d-4e4d-ba56-ce96edb93cbf","local_time":"20190208184517","is_ascension_mode":true,"campfire_choices":[{"data":"Bludgeon","floor":6.0,"key":"SMITH"},{"floor":11.0,"key":"REST"},{"floor":15.0,"key":"REST"},{"data":"Bash","floor":24.0,"key":"SMITH"},{"data":"Corruption","floor":27.0,"key":"SMITH"},{"data":"Ghostly","floor":32.0,"key":"SMITH"}],"neow_cost":"PERCENT_DAMAGE","seed_source_timestamp":0,"circlet_count":0,"master_deck":["AscendersBane","Strike_R","Strike_R","Strike_R+1","Strike_R","Strike_R","Defend_R","Defend_R+1","Defend_R","Defend_R","Bash+1","Bludgeon+1","Metallicize","Perfected Strike+1","Corruption+1","Pommel Strike","Rage","Ghostly","Ghostly+1","Ghostly+1","Shrug It Off","Madness","Evolve","Offering","Bandage Up","Mayhem","Impatience"],"special_seed":0,"relics":["Black Blood","Bronze Scales","Centennial Puzzle","Busted Crown","Omamori","Art of War","War Paint","Mercury Hourglass","Mango"],"potions_floor_usage":[38,38,40],"damage_taken":[{"damage":1.0,"enemies":"Cultist","floor":1.0,"turns":3.0},{"damage":4.0,"enemies":"Small Slimes","floor":3.0,"turns":3.0},{"damage":7.0,"enemies":"Jaw Worm","floor":4.0,"turns":3.0},{"damage":15.0,"enemies":"Gremlin Gang","floor":7.0,"turns":5.0},{"damage":3.0,"enemies":"3 Louse","floor":8.0,"turns":4.0},{"damage":7.0,"enemies":"Looter","floor":10.0,"turns":2.0},{"damage":28.0,"enemies":"Gremlin Nob","floor":13.0,"turns":4.0},{"damage":5.0,"enemies":"Blue Slaver","floor":14.0,"turns":4.0},{"damage":32.0,"enemies":"The Guardian","floor":16.0,"turns":9.0},{"damage":14.0,"enemies":"Shell Parasite","floor":18.0,"turns":6.0},{"damage":3.0,"enemies":"3 Byrds","floor":20.0,"turns":4.0},{"damage":11.0,"enemies":"Shelled Parasite and Fungi","floor":22.0,"turns":5.0},{"damage":3.0,"enemies":"Slavers","floor":23.0,"turns":5.0},{"damage":6.0,"enemies":"Book of Stabbing","floor":25.0,"turns":4.0},{"damage":13.0,"enemies":"3 Cultists","floor":28.0,"turns":5.0},{"damage":0.0,"enemies":"Centurion and Healer","floor":29.0,"turns":6.0},{"damage":7.0,"enemies":"Slavers","floor":30.0,"turns":5.0},{"damage":17.0,"enemies":"Collector","floor":33.0,"turns":10.0},{"damage":2,"enemies":"Orb Walker","floor":35,"turns":3},{"damage":7,"enemies":"3 Shapes","floor":37,"turns":3},{"damage":24,"enemies":"Transient","floor":38,"turns":6},{"damage":47,"enemies":"Giant Head","floor":40,"turns":6}],"seed_played":"1702418039803377815","potions_obtained":[{"floor":3.0,"key":"AttackPotion"},{"floor":4.0,"key":"EssenceOfSteel"},{"floor":8.0,"key":"Swift Potion"},{"floor":13.0,"key":"Fire Potion"},{"floor":16.0,"key":"EntropicBrew"},{"floor":28.0,"key":"Weak Potion"},{"floor":30.0,"key":"Poison Potion"},{"floor":33.0,"key":"SkillPotion"},{"floor":38,"key":"Block Potion"}],"is_trial":false,"path_per_floor":["M","$","M","M","?","R","M","M","T","M","R","?","E","M","R","B",null,"M","?","M","$","M","E","R","E","T","R","M","M","E","?","R","B",null,"M","?","M","M","?","E"],"character_chosen":"IRONCLAD","items_purchased":["Metallicize","Madness"],"campfire_rested":2,"item_purchase_floors":[2,21],"current_hp_per_floor":[55,55,57,56,33,33,24,27,27,26,48,48,26,27,49,23,62,54,37,37,37,32,35,35,35,35,35,28,34,33,47,47,36,47,51,51,51,37,27,0],"gold":356,"neow_bonus":"THREE_RARE_CARDS","is_prod":false,"is_daily":false,"chose_seed":false,"campfire_upgraded":4,"win_rate":0,"timestamp":1549647917,"path_taken":["M","?","?","M","?","R","M","M","T","M","R","?","E","M","R","BOSS","M","?","M","$","M","E","R","E","T","R","M","M","E","?","R","BOSS","M","?","M","?","?","E"],"build_version":"2019-01-23","purchased_purges":0,"victory":false,"max_hp_per_floor":[75,75,75,75,75,75,75,75,75,75,75,75,75,75,75,75,75,75,37,37,37,37,37,37,37,37,37,37,37,37,51,51,51,51,51,51,51,51,51,51],"card_choices":[{"not_picked":["Offering","Double Tap"],"picked":"Bludgeon","floor":0.0},{"not_picked":["Clothesline","Twin Strike","Body Slam"],"picked":"SKIP","floor":1.0},{"not_picked":["Cleave","Anger"],"picked":"Perfected Strike","floor":3.0},{"not_picked":["Heavy Blade","True Grit"],"picked":"Corruption","floor":4.0},{"not_picked":["Dropkick","Searing Blow","Headbutt"],"picked":"SKIP","floor":7.0},{"not_picked":["Juggernaut","Reckless Charge","Sword Boomerang"],"picked":"SKIP","floor":8.0},{"not_picked":["Rupture","Flex"],"picked":"Pommel Strike","floor":10.0},{"not_picked":["Combust","Uppercut"],"picked":"Rage","floor":13.0},{"not_picked":["Heavy Blade","Clash","Sword Boomerang"],"picked":"SKIP","floor":14.0},{"not_picked":["Heavy Blade+1"],"picked":"SKIP","floor":18.0},{"not_picked":[],"picked":"Shrug It Off","floor":20.0},{"not_picked":["Spot Weakness"],"picked":"SKIP","floor":22.0},{"not_picked":["Flex"],"picked":"SKIP","floor":23.0},{"not_picked":[],"picked":"Evolve","floor":25.0},{"not_picked":["Heavy Blade"],"picked":"SKIP","floor":28.0},{"not_picked":["Reckless Charge"],"picked":"SKIP","floor":29.0},{"not_picked":["Fire Breathing"],"picked":"SKIP","floor":30.0},{"not_picked":[],"picked":"Offering","floor":33.0},{"not_picked":["Clash+1"],"picked":"SKIP","floor":35},{"not_picked":["Body Slam"],"picked":"SKIP","floor":37},{"not_picked":["Spot Weakness"],"picked":"SKIP","floor":38},{"not_picked":[],"picked":"Bandage Up","floor":39},{"not_picked":[],"picked":"Mayhem","floor":39},{"not_picked":[],"picked":"Impatience","floor":39}],"player_experience":753909,"relics_obtained":[{"floor":9.0,"key":"Bronze Scales"},{"floor":13.0,"key":"Centennial Puzzle"},{"floor":23.0,"key":"Omamori"},{"floor":25.0,"key":"Art of War"},{"floor":26.0,"key":"War Paint"},{"floor":30.0,"key":"Mercury Hourglass"}],"event_choices":[{"damage_healed":0.0,"max_hp_gain":0.0,"max_hp_loss":0.0,"gold_gain":0.0,"event_name":"Shining Light","player_choice":"Entered Light","floor":5.0,"gold_loss":0.0,"damage_taken":23.0,"cards_upgraded":["Perfected Strike","Strike_R"]},{"damage_healed":0.0,"max_hp_gain":0.0,"max_hp_loss":0.0,"gold_gain":0.0,"event_name":"World of Goop","player_choice":"Left Gold","floor":12.0,"gold_loss":57.0,"damage_taken":0.0},{"damage_healed":0.0,"max_hp_gain":0.0,"max_hp_loss":38.0,"gold_gain":0.0,"event_name":"Ghosts","player_choice":"Became a Ghost","floor":19.0,"gold_loss":0.0,"damage_taken":0.0,"cards_obtained":["Ghostly","Ghostly","Ghostly"]},{"damage_healed":0.0,"max_hp_gain":0.0,"max_hp_loss":0.0,"gold_gain":0.0,"event_name":"The Mausoleum","player_choice":"Opened","floor":31.0,"gold_loss":0.0,"damage_taken":0.0,"relics_obtained":["Mango"],"cards_obtained":["Writhe"]},{"damage_healed":0,"gold_gain":0,"player_choice":"Bought 1 Potion","damage_taken":0,"max_hp_gain":0,"max_hp_loss":0,"event_name":"The Woman in Blue","floor":36,"gold_loss":0},{"damage_healed":0,"gold_gain":0,"player_choice":"Memory 3","damage_taken":10,"max_hp_gain":0,"max_hp_loss":0,"event_name":"SensoryStone","floor":39,"gold_loss":0}],"is_beta":false,"boss_relics":[{"not_picked":["White Beast Statue","Lizard Tail"],"picked":"Busted Crown"},{"not_picked":["Coffee Dripper","Fusion Hammer"],"picked":"Black Blood"}],"items_purged_floors":[],"is_endless":false,"potions_floor_spawned":[3,4,8,13,16,20,23,28,30,33,37,38],"killed_by":"Giant Head","ascension_level":18}