{"gold_per_floor":[119,119,294,319,15,15,28,28,28,62,82,82,82,96,96,215,215,236,250,175,175,188,188,103,103,103,114,133,133,153,163,163,258,258,268,287,287,304,317,317,334,129,129,129,229,27,38,49,49,49],"floor_reached":50,"playtime":3176,"items_purged":["Doubt"],"score":560,"play_id":"0efed749-5de0-4177-88eb-49735e0900d5","local_time":"20190202015117","is_ascension_mode":true,"campfire_choices":[{"data":"Conserve Battery","floor":6,"key":"SMITH"},{"data":"Coolheaded","floor":8,"key":"SMITH"},{"data":"Go for the Eyes","floor":13,"key":"SMITH"},{"floor":15,"key":"REST"},{"floor":23,"key":"REST"},{"floor":29,"key":"REST"},{"floor":32,"key":"REST"},{"floor":40,"key":"REST"},{"floor":49,"key":"REST"}],"neow_cost":"NONE","seed_source_timestamp":1399294624918676,"circlet_count":0,"master_deck":["Strike_B","Strike_B","Strike_B","Defend_B","Defend_B","Defend_B","Defend_B","Zap+1","Dualcast","Steam","Conserve Battery+1","Self Repair","Seek","Coolheaded+1","Go for the Eyes+1","Blizzard","Hello World","Creative AI","Cold Snap+1","Hologram","Panacea","Glacier","Double Energy","Force Field","Gash","Electrodynamics","Ball Lightning+1","White Noise","White Noise","Gash+1","White Noise+1"],"relics":["Cracked Core","Bloody Idol","Bottled Lightning","Regal Pillow","Bottled Flame","Fusion Hammer","Ginger","Torii","Busted Crown","Lee\u0027s Waffle","Gremlin Horn","Dead Branch","DollysMirror"],"potions_floor_usage":[10,19,33,33,38,39,50,50,50],"damage_taken":[{"damage":0,"enemies":"2 Louse","floor":1,"turns":1},{"damage":0,"enemies":"Jaw Worm","floor":4,"turns":2},{"damage":0,"enemies":"Small Slimes","floor":7,"turns":3},{"damage":67,"enemies":"Gremlin Nob","floor":10,"turns":6},{"damage":0,"enemies":"Exordium Wildlife","floor":11,"turns":4},{"damage":6,"enemies":"Blue Slaver","floor":14,"turns":3},{"damage":71,"enemies":"Hexaghost","floor":16,"turns":14},{"damage":6,"enemies":"Shell Parasite","floor":18,"turns":7},{"damage":13,"enemies":"3 Byrds","floor":19,"turns":4},{"damage":31,"enemies":"Shelled Parasite and Fungi","floor":22,"turns":7},{"damage":12,"enemies":"Centurion and Healer","floor":27,"turns":8},{"damage":19,"enemies":"Snake Plant","floor":28,"turns":5},{"damage":1,"enemies":"Sentry and Sphere","floor":30,"turns":11},{"damage":27,"enemies":"Centurion and Healer","floor":31,"turns":9},{"damage":25,"enemies":"Champ","floor":33,"turns":12},{"damage":11,"enemies":"3 Shapes","floor":35,"turns":4},{"damage":17,"enemies":"3 Darklings","floor":36,"turns":6},{"damage":70,"enemies":"Transient","floor":38,"turns":5},{"damage":1,"enemies":"4 Shapes","floor":39,"turns":7},{"damage":23,"enemies":"3 Darklings","floor":41,"turns":4},{"damage":9,"enemies":"Mind Bloom Boss Battle","floor":45,"turns":6},{"damage":45,"enemies":"Maw","floor":47,"turns":7},{"damage":43,"enemies":"Spire Growth","floor":48,"turns":5},{"damage":66,"enemies":"Time Eater","floor":50,"turns":7}],"seed_played":"-5654820683179540879","potions_obtained":[{"floor":1,"key":"Regen Potion"},{"floor":16,"key":"Explosive Potion"},{"floor":18,"key":"PowerPotion"},{"floor":28,"key":"AttackPotion"},{"floor":31,"key":"SteroidPotion"},{"floor":33,"key":"Dexterity Potion"},{"floor":38,"key":"Explosive Potion"},{"floor":45,"key":"Dexterity Potion"},{"floor":47,"key":"PowerPotion"}],"is_trial":false,"path_per_floor":["M","?","?","M","$","R","M","R","T","E","M","T","R","M","R","B",null,"M","M","?","?","M","R","$","T","T","M","M","R","M","M","R","B",null,"M","M","?","M","M","R","M","$","T","?","?","$","M","M","R","B"],"character_chosen":"DEFECT","items_purchased":["Self Repair","Seek","Panacea","Lee\u0027s Waffle","DollysMirror"],"campfire_rested":6,"item_purchase_floors":[5,5,24,42,46],"current_hp_per_floor":[75,75,75,75,75,75,75,75,75,27,34,34,34,35,72,8,58,59,53,53,53,34,71,71,71,71,71,64,75,75,60,75,55,70,71,73,73,15,26,63,52,82,82,82,82,82,49,18,57,0],"gold":49,"neow_bonus":"UPGRADE_CARD","is_prod":false,"is_daily":false,"chose_seed":false,"campfire_upgraded":3,"win_rate":0,"timestamp":1549090277,"path_taken":["M","?","?","M","$","R","M","R","T","E","M","?","R","M","R","BOSS","M","M","?","?","M","R","?","?","T","?","M","R","M","M","R","BOSS","M","?","?","M","M","R","M","$","T","?","?","?","?","M","R","BOSS"],"build_version":"2019-01-23","purchased_purges":1,"victory":false,"max_hp_per_floor":[75,75,75,75,75,75,75,75,75,75,75,75,75,75,75,75,75,75,75,75,75,75,75,75,75,75,75,75,75,75,75,75,75,75,75,75,75,75,75,75,75,82,82,82,82,82,82,82,82,82],"card_choices":[{"not_picked":["Storm","Compile Driver"],"picked":"Steam","floor":1},{"not_picked":["Compile Driver","Rebound"],"picked":"Conserve Battery","floor":4},{"not_picked":["Reprogram","Streamline"],"picked":"Coolheaded","floor":7},{"not_picked":["Conserve Battery","Genetic Algorithm"],"picked":"Go for the Eyes","floor":10},{"not_picked":["Barrage","Machine Learning"],"picked":"Blizzard","floor":11},{"not_picked":["Streamline","Storm"],"picked":"Hello World","floor":14},{"not_picked":["Seek","Machine Learning"],"picked":"Creative AI","floor":16},{"not_picked":["Aggregate+1","Sweeping Beam"],"picked":"Cold Snap+1","floor":18},{"not_picked":["Coolheaded","Reprogram"],"picked":"Hologram","floor":19},{"not_picked":["Barrage","Steam","Auto Shields"],"picked":"SKIP","floor":22},{"not_picked":["Redo+1","Double Energy"],"picked":"Glacier","floor":27},{"not_picked":["Heatsinks+1","Chill"],"picked":"Double Energy","floor":28},{"not_picked":["Blizzard","Loop"],"picked":"Force Field","floor":30},{"not_picked":["Steam","Skim+1"],"picked":"Gash","floor":31},{"not_picked":["Biased Cognition","Hyperbeam"],"picked":"Electrodynamics","floor":33},{"not_picked":[],"picked":"Ball Lightning+1","floor":35},{"not_picked":["Compile Driver+1"],"picked":"SKIP","floor":36},{"not_picked":[],"picked":"White Noise","floor":38},{"not_picked":["Steam"],"picked":"SKIP","floor":39},{"not_picked":["Tempest+1"],"picked":"SKIP","floor":41},{"not_picked":[],"picked":"Gash+1","floor":47},{"not_picked":[],"picked":"White Noise+1","floor":48}],"player_experience":322118,"relics_obtained":[{"floor":9,"key":"Bottled Lightning"},{"floor":10,"key":"Regal Pillow"},{"floor":12,"key":"Bottled Flame"},{"floor":25,"key":"Ginger"},{"floor":26,"key":"Torii"},{"floor":43,"key":"Gremlin Horn"},{"floor":45,"key":"Dead Branch"}],"event_choices":[{"damage_healed":0,"gold_gain":0,"player_choice":"Take Wound","damage_taken":0,"relics_obtained":["Golden Idol"],"max_hp_gain":0,"max_hp_loss":0,"event_name":"Golden Idol","floor":2,"gold_loss":0,"cards_obtained":["Injury"]},{"damage_healed":0,"gold_gain":175,"player_choice":"AGREE","damage_taken":0,"max_hp_gain":0,"max_hp_loss":0,"event_name":"Liars Game","floor":3,"gold_loss":0,"cards_obtained":["Doubt"]},{"cards_removed":["Injury"],"damage_healed":0,"gold_gain":0,"player_choice":"Gave Gold","damage_taken":0,"max_hp_gain":0,"max_hp_loss":0,"event_name":"Beggar","floor":20,"gold_loss":75},{"damage_healed":0,"gold_gain":0,"player_choice":"Gave Idol","damage_taken":0,"relics_obtained":["Bloody Idol"],"max_hp_gain":0,"max_hp_loss":0,"event_name":"Forgotten Altar","floor":21,"relics_lost":["Golden Idol"],"gold_loss":0},{"damage_healed":0,"gold_gain":0,"player_choice":"Ignored","damage_taken":0,"max_hp_gain":0,"max_hp_loss":0,"event_name":"Tomb of Lord Red Mask","floor":37,"gold_loss":0},{"cards_removed":["Strike_B"],"damage_healed":0,"gold_gain":0,"player_choice":"Removed Attack","damage_taken":0,"max_hp_gain":0,"max_hp_loss":0,"event_name":"Falling","floor":44,"gold_loss":0},{"damage_healed":0,"gold_gain":0,"player_choice":"Fight","damage_taken":0,"max_hp_gain":0,"max_hp_loss":0,"event_name":"MindBloom","floor":45,"gold_loss":0}],"is_beta":false,"boss_relics":[{"not_picked":["White Beast Statue","Philosopher\u0027s Stone"],"picked":"Fusion Hammer"},{"not_picked":["Orrery","Pandora\u0027s Box"],"picked":"Busted Crown"}],"items_purged_floors":[5],"is_endless":false,"potions_floor_spawned":[1,16,18,28,31,33,38,45,47],"killed_by":"Time Eater","ascension_level":5}