{"gold_per_floor":[111,124,140,140,160,188,204,354,354,354,370,385,419,12,12,91,91,106,122,122,122,140,140,170,170,170,180,66,78,78,78,78,157,157,170,170,170,223,236,236,263,263,290,390,390,401,421,437,437,437],"floor_reached":51,"playtime":2399,"items_purged":["Doubt"],"score":1472,"play_id":"2f280827-eaa6-49b3-83fe-8e95100e0824","local_time":"20190207121431","is_ascension_mode":true,"campfire_choices":[{"floor":15,"key":"REST"},{"data":"strawberrySpire:SearchEngine","floor":23,"key":"SMITH"},{"data":"Reboot","floor":25,"key":"SMITH"},{"floor":32,"key":"REST"},{"floor":40,"key":"DIG"},{"floor":42,"key":"DIG"},{"floor":49,"key":"DIG"}],"neow_cost":"NONE","seed_source_timestamp":0,"circlet_count":0,"master_deck":["AscendersBane","Gash","Gash","Gash","Gash","Gash","Defend_B","Defend_B","Defend_B","Defend_B","Defend_B","strawberrySpire:Adapter","Clawfect:ClawpileDriver","Clawfect:ClawLightning","Reinforced Body","Clawfect:ClawSnap","Clawfect:Clawrage","Clawfect:Clawter","Stack","strawberrySpire:SearchEngine+1","Reboot+1","Clawfect:ClawForTheEyes","Clawfect:ClawCell","Clawfect:ClawSnap","Clawfect:ClawSnap+1","strawberrySpire:NeonFlight+1","FTL","Clawfect:Clawrage","Clawfect:ScrapingClaw","strawberrySpire:NeonFlight","Auto Shields+1","Clawfect:ClawLightning","Hologram+1"],"special_seed":0,"relics":["Clawfect:DRClaw","NeowsBlessing","Vajra","aspiration:MysteriousAuxiliaryCore","Symbiotic Virus","ReplayTheSpireMod:Ninjato","Replay_Grab Bag","hubris:RunicObelisk","aspiration:InfernalBlood","theJungle:SneckoAutograph","hubris:Teleporter","aspiration:SupercapacitiveCoin","Tiny Chest","Pen Nib","ChewingGum","Shovel","Bronze Scales","Chameleon Ring","beaked:ShinyBauble","halation:LettersToHer","Counterbalance","Bottled Flame","Garlic"],"potions_floor_usage":[41,50],"damage_taken":[{"damage":0.0,"enemies":"Cultist","floor":1.0,"turns":2.0},{"damage":0.0,"enemies":"2 Louse","floor":2.0,"turns":2.0},{"damage":0.0,"enemies":"Small Slimes","floor":3.0,"turns":1.0},{"damage":12.0,"enemies":"Blue Slaver","floor":5.0,"turns":3.0},{"damage":6,"enemies":"Lagavulin","floor":6,"turns":5},{"damage":3,"enemies":"Exordium Wildlife","floor":7,"turns":4},{"damage":0,"enemies":"Exordium Thugs","floor":11,"turns":4},{"damage":9,"enemies":"Red Slaver","floor":12,"turns":3},{"damage":36,"enemies":"strawberrySpire:EnergyPylons","floor":13,"turns":5},{"damage":0,"enemies":"Slime Boss","floor":16,"turns":3},{"damage":6,"enemies":"theJungle:Flameango_and_Byrd","floor":18,"turns":3},{"damage":8,"enemies":"Shell Parasite","floor":19,"turns":2},{"damage":2,"enemies":"theJungle:JungleHuntersEncounter","floor":22,"turns":2},{"damage":6,"enemies":"theJungle:Cassacara","floor":24,"turns":4},{"damage":2,"enemies":"theJungle:SlimyTreeVines","floor":27,"turns":1},{"damage":21,"enemies":"theJungle:Lyon","floor":29,"turns":3},{"damage":18,"enemies":"theJungle:TotemBoss","floor":33,"turns":4},{"damage":26,"enemies":"3 Shapes","floor":35,"turns":3},{"damage":7,"enemies":"2 Orb Walkers","floor":38,"turns":3},{"damage":3,"enemies":"Orb Walker","floor":39,"turns":2},{"damage":5,"enemies":"Giant Head","floor":41,"turns":3},{"damage":6,"enemies":"Mind Bloom Boss Battle","floor":44,"turns":2},{"damage":27,"enemies":"Sphere and 2 Shapes","floor":46,"turns":3},{"damage":5,"enemies":"3 Darklings","floor":47,"turns":3},{"damage":2,"enemies":"Transient","floor":48,"turns":5},{"damage":26,"enemies":"hubris:GrandSnecko","floor":50,"turns":3}],"seed_played":"6573570707584319733","potions_obtained":[{"floor":6,"key":"AttackPotion"},{"floor":10,"key":"Venom Potion"},{"floor":41,"key":"Energy Potion"}],"is_trial":false,"path_per_floor":["M","M","M","?","M","E","M","?","T","?","M","M","E","$","R","B",null,"M","M","?","?","M","R","E","R","T","M","$","M","$","?","R","B",null,"M","?","?","?","M","R","E","R","T","?","T","M","M","M","R","B",null],"character_chosen":"DEFECT","items_purchased":["strawberrySpire:SearchEngine","ReplayTheSpireMod:Ninjato","Pen Nib"],"campfire_rested":2,"item_purchase_floors":[14,14,28],"current_hp_per_floor":[64,64,64,69,57,51,48,48,48,48,48,39,3,3,25,25,63,70,75,65,65,77,77,81,81,81,81,81,65,65,50,74,81,81,62,62,62,71,77,77,77,77,77,77,77,61,71,77,77,73],"gold":437,"neow_bonus":"THREE_ENEMY_KILL","is_prod":false,"is_daily":false,"chose_seed":false,"campfire_upgraded":2,"win_rate":0,"timestamp":1549502071,"path_taken":["M","M","?","?","M","E","M","?","T","?","?","M","E","$","R","BOSS","M","M","?","?","?","R","E","R","T","M","$","M","?","?","R","BOSS","M","?","?","?","M","R","E","R","T","?","?","M","M","M","R","BOSS"],"build_version":"2019-01-23","purchased_purges":1,"victory":true,"max_hp_per_floor":[71,71,71,76,76,76,76,76,76,76,76,76,76,76,76,76,76,76,76,81,81,81,81,81,81,81,81,81,81,81,81,81,81,81,81,81,77,77,77,77,77,77,77,77,77,77,77,77,77,77],"card_choices":[{"not_picked":["Stack","Turbo"],"picked":"strawberrySpire:Adapter","floor":1.0},{"not_picked":["ReplayTheSpireMod:System Scan","Clawfect:Clawter"],"picked":"Clawfect:ClawpileDriver","floor":2.0},{"not_picked":["Clawfect:ClawingBeam","Auto Shields"],"picked":"Clawfect:ClawLightning","floor":3.0},{"not_picked":["strawberrySpire:Disconnect","Loop","Reprogram"],"picked":"SKIP","floor":5.0},{"not_picked":["Creative AI","strawberrySpire:DataDump"],"picked":"Reinforced Body","floor":6},{"not_picked":["Consume","Panic Button"],"picked":"Clawfect:ClawSnap","floor":7},{"not_picked":["strawberrySpire:GearCrunch","Force Field"],"picked":"Clawfect:Clawrage","floor":11},{"not_picked":["Redo","Clawfect:Clawline"],"picked":"Clawfect:Clawter","floor":12},{"not_picked":["Static Discharge","Chaos"],"picked":"Stack","floor":13},{"not_picked":["Rainbow","strawberrySpire:Gammacceleration"],"picked":"Reboot","floor":16},{"not_picked":["BootSequence","strawberrySpire:DataDump"],"picked":"FTL","floor":18},{"not_picked":["Recycle+1","Hello World"],"picked":"Clawfect:ClawForTheEyes","floor":19},{"not_picked":["Blizzard","ReplaySort","FIFO Queue"],"picked":"SKIP","floor":22},{"not_picked":["Rebound","Clawfect:ClawSnap"],"picked":"Clawfect:ClawCell","floor":24},{"not_picked":["Consume","Clawfect:ClawForTheEyes"],"picked":"Clawfect:ClawSnap","floor":27},{"not_picked":["Stack","Rebound"],"picked":"Clawfect:ClawSnap+1","floor":29},{"not_picked":["BasicCrystalCard","White Noise"],"picked":"strawberrySpire:NeonFlight+1","floor":35},{"not_picked":["FIFO Queue+1","Tempest+1"],"picked":"FTL","floor":38},{"not_picked":["Rebound","strawberrySpire:BreederCore"],"picked":"Clawfect:Clawrage","floor":39},{"not_picked":["BasicCrystalCard","Redo"],"picked":"Clawfect:ScrapingClaw","floor":41},{"not_picked":["BasicCrystalCard","Coolheaded+1"],"picked":"strawberrySpire:NeonFlight","floor":44},{"not_picked":["Seek","strawberrySpire:DataDump"],"picked":"Auto Shields+1","floor":46},{"not_picked":["Darkness","Leap"],"picked":"Clawfect:ClawLightning","floor":47},{"not_picked":["Coolheaded","Clawfect:ClawLightning"],"picked":"Hologram+1","floor":48}],"player_experience":398421,"relics_obtained":[{"floor":6,"key":"Vajra"},{"floor":9,"key":"aspiration:MysteriousAuxiliaryCore"},{"floor":13,"key":"Symbiotic Virus"},{"floor":24,"key":"hubris:Teleporter"},{"floor":26,"key":"aspiration:SupercapacitiveCoin"},{"floor":38,"key":"Shovel"},{"floor":40,"key":"Bronze Scales"},{"floor":41,"key":"Chameleon Ring"},{"floor":42,"key":"beaked:ShinyBauble"},{"floor":43,"key":"halation:LettersToHer"},{"floor":44,"key":"Counterbalance"},{"floor":45,"key":"halation:LettersToHer"},{"floor":45,"key":"Bottled Flame"},{"floor":49,"key":"Garlic"}],"event_choices":[{"damage_healed":0.0,"max_hp_gain":5.0,"max_hp_loss":0.0,"gold_gain":0.0,"event_name":"Big Fish","player_choice":"Donut","floor":4.0,"gold_loss":0.0,"damage_taken":0.0},{"damage_healed":0,"gold_gain":150,"player_choice":"AGREE","damage_taken":0,"max_hp_gain":0,"max_hp_loss":0,"event_name":"Liars Game","floor":8,"gold_loss":0,"cards_obtained":["Doubt"]},{"damage_healed":0,"gold_gain":0,"player_choice":"Got Potions","damage_taken":0,"max_hp_gain":0,"max_hp_loss":0,"event_name":"Lab","floor":10,"gold_loss":0},{"cards_removed":["FTL"],"damage_healed":0,"gold_gain":0,"player_choice":"Removed Attack","damage_taken":0,"max_hp_gain":0,"max_hp_loss":0,"event_name":"Falling","floor":36,"gold_loss":0},{"damage_healed":0,"gold_gain":0,"player_choice":"Max HP","damage_taken":0,"max_hp_gain":0,"max_hp_loss":4,"event_name":"Winding Halls","floor":37,"gold_loss":0},{"damage_healed":0,"gold_gain":0,"player_choice":"Fight","damage_taken":0,"max_hp_gain":0,"max_hp_loss":0,"event_name":"Mysterious Sphere","floor":38,"gold_loss":0},{"damage_healed":0,"gold_gain":0,"player_choice":"Fight","damage_taken":0,"max_hp_gain":0,"max_hp_loss":0,"event_name":"MindBloom","floor":44,"gold_loss":0}],"is_beta":false,"boss_relics":[{"not_picked":["Calling Bell","hubris:GrandSneckoEye"],"picked":"Replay_Grab Bag"},{"not_picked":["halation:SmartPhone","strawberrySpire:RottenAvocado"],"picked":"hubris:RunicObelisk"},{"not_picked":["Snecko Eye","aspiration:RingOfOuroboros"],"picked":"aspiration:InfernalBlood"},{"not_picked":["Velvet Choker","ReplayTheSpireMod:DimensionalGlitch"],"picked":"ChewingGum"}],"items_purged_floors":[14],"is_endless":false,"potions_floor_spawned":[6,11,12,13,19,27,29,33,35,41,46,48],"ascension_level":15}