{"gold_per_floor":[16,16,31,31,42,42,56,56,111,111,123,141,94,94,94,189,189,175,185,185,284,284,284,302,321,321,321],"floor_reached":27,"playtime":966,"items_purged":[],"score":226,"play_id":"b3405323-6276-4f4b-b722-13fcfce6ea1a","local_time":"20190128112442","is_ascension_mode":true,"campfire_choices":[{"data":"Secret Technique","floor":6,"key":"SMITH"},{"data":"Glacier","floor":8,"key":"SMITH"},{"data":"Static Discharge","floor":15,"key":"SMITH"},{"data":"Fission","floor":23,"key":"SMITH"}],"neow_cost":"NO_GOLD","seed_source_timestamp":1003898079380125,"circlet_count":0,"master_deck":["Strike_B","Strike_B","Strike_B","Strike_B","Defend_B","Defend_B","Defend_B","Defend_B","Zap+1","Dualcast","Panacea","Secret Technique+1","Cold Snap","Capacitor","Leap","Glacier+1","Static Discharge+1","Core Surge","Coolheaded","Fission+1","Beam Cell","Capacitor","Chill+1","Conserve Battery"],"relics":["Cracked Core","Oddly Smooth Stone","Matryoshka","Runic Pyramid","Enchiridion","Bag of Marbles","The Courier"],"potions_floor_usage":[16,18,18],"damage_taken":[{"damage":2,"enemies":"Jaw Worm","floor":1,"turns":3},{"damage":0,"enemies":"Cultist","floor":3,"turns":3},{"damage":5,"enemies":"Small Slimes","floor":5,"turns":3},{"damage":9,"enemies":"2 Fungi Beasts","floor":7,"turns":4},{"damage":2,"enemies":"3 Louse","floor":11,"turns":3},{"damage":0,"enemies":"Blue Slaver","floor":12,"turns":5},{"damage":16,"enemies":"The Guardian","floor":16,"turns":16},{"damage":12,"enemies":"2 Thieves","floor":18,"turns":4},{"damage":1,"enemies":"Spheric Guardian","floor":19,"turns":7},{"damage":32,"enemies":"3 Cultists","floor":24,"turns":6},{"damage":20,"enemies":"Snake Plant","floor":25,"turns":4},{"damage":19,"enemies":"Centurion and Healer","floor":27,"turns":4}],"seed_played":"1090785697375352359","potions_obtained":[{"floor":11,"key":"SkillPotion"},{"floor":12,"key":"Poison Potion"},{"floor":16,"key":"SkillPotion"},{"floor":19,"key":"Strength Potion"},{"floor":24,"key":"PowerPotion"},{"floor":25,"key":"SteroidPotion"}],"is_trial":false,"path_per_floor":["M","?","M","$","M","R","M","R","T","T","M","M","$","?","R","B",null,"M","M","?","?","?","R","M","M","T","M"],"character_chosen":"DEFECT","items_purchased":["Coolheaded"],"campfire_rested":0,"item_purchase_floors":[13],"current_hp_per_floor":[73,73,73,73,68,68,59,59,59,59,57,57,57,75,75,59,75,63,62,46,46,71,71,39,19,19,0],"gold":321,"neow_bonus":"RANDOM_COLORLESS_2","is_prod":false,"is_daily":false,"chose_seed":false,"campfire_upgraded":4,"win_rate":0,"timestamp":1548692682,"path_taken":["M","?","M","?","?","R","M","R","T","?","M","M","?","?","R","BOSS","M","M","?","?","?","R","M","M","T","M"],"build_version":"2019-01-23","purchased_purges":0,"victory":false,"max_hp_per_floor":[75,75,75,75,75,75,75,75,75,75,75,75,75,75,75,75,75,75,75,75,75,75,75,75,75,75,75],"card_choices":[{"not_picked":["Stack","Gash"],"picked":"Cold Snap","floor":1},{"not_picked":["Go for the Eyes","Hologram"],"picked":"Capacitor","floor":3},{"not_picked":["Streamline","Aggregate"],"picked":"Leap","floor":5},{"not_picked":["Cold Snap","All For One"],"picked":"Glacier","floor":7},{"not_picked":["Stack","Beam Cell"],"picked":"Static Discharge","floor":11},{"not_picked":["Hologram","Streamline"],"picked":"Core Surge","floor":12},{"not_picked":["Multi-Cast","Creative AI"],"picked":"Fission","floor":16},{"not_picked":["Sweeping Beam","Barrage"],"picked":"Beam Cell","floor":18},{"not_picked":["Cold Snap","Loop"],"picked":"Capacitor","floor":19},{"not_picked":["Turbo","Stack"],"picked":"Chill+1","floor":24},{"not_picked":["Reinforced Body","Redo"],"picked":"Conserve Battery","floor":25}],"player_experience":243979,"relics_obtained":[{"floor":9,"key":"Oddly Smooth Stone"},{"floor":10,"key":"Matryoshka"},{"floor":20,"key":"Enchiridion"},{"floor":26,"key":"Bag of Marbles"},{"floor":26,"key":"The Courier"}],"event_choices":[{"damage_healed":0,"gold_gain":0,"player_choice":"Grow","damage_taken":0,"max_hp_gain":0,"max_hp_loss":0,"event_name":"Living Wall","floor":2,"gold_loss":0,"cards_upgraded":["Zap"]},{"damage_healed":25,"gold_gain":0,"player_choice":"Banana","damage_taken":0,"max_hp_gain":0,"max_hp_loss":0,"event_name":"Big Fish","floor":14,"gold_loss":0},{"damage_healed":0,"gold_gain":0,"player_choice":"Obtained Book","damage_taken":16,"max_hp_gain":0,"max_hp_loss":0,"event_name":"Cursed Tome","floor":20,"gold_loss":0},{"damage_healed":0,"gold_gain":99,"player_choice":"Stole From Cult","damage_taken":0,"max_hp_gain":0,"max_hp_loss":0,"event_name":"Nest","floor":21,"gold_loss":0},{"damage_healed":25,"gold_gain":0,"player_choice":"Heal","damage_taken":0,"max_hp_gain":0,"max_hp_loss":0,"event_name":"The Library","floor":22,"gold_loss":0}],"is_beta":false,"boss_relics":[{"not_picked":["Ectoplasm","Runic Dome"],"picked":"Runic Pyramid"}],"items_purged_floors":[],"is_endless":false,"potions_floor_spawned":[11,12,16,19,24,25],"killed_by":"Centurion and Healer","ascension_level":2}