{"gold_per_floor":[114,132,132,56,56,56,83,83,136,168,179,190,190,200,200,274,274,286,336,347,37,137,137],"floor_reached":23,"playtime":3117,"items_purged":["Strike_B"],"score":328,"play_id":"fed6f37e-2b4d-466c-9822-da31e04dea17","local_time":"20181207213632","is_ascension_mode":true,"campfire_choices":[{"data":"Darkness","floor":6,"key":"SMITH"},{"data":"Defend_B","floor":8,"key":"SMITH"},{"floor":13,"key":"REST"},{"data":"Conserve Battery","floor":15,"key":"SMITH"}],"neow_cost":"NONE","seed_source_timestamp":11846138167186,"circlet_count":0,"master_deck":["AscendersBane","Strike_B","Strike_B","Strike_B","Defend_B","Defend_B","Defend_B","Defend_B+1","Zap","Dualcast+1","Doom and Gloom","Doom and Gloom","Darkness+1","Self Repair","Conserve Battery+1","Darkness","BootSequence","Reboot","Undo","Leap+1","Leap+1"],"relics":["Cracked Core","Boot","The Courier","Oddly Smooth Stone","Pantograph","Sozu","Gambling Chip","Prayer Wheel","Toxic Egg 2"],"potions_floor_usage":[10,12,22,22],"damage_taken":[{"damage":1,"enemies":"2 Louse","floor":1,"turns":2},{"damage":5,"enemies":"Small Slimes","floor":2,"turns":3},{"damage":25,"enemies":"3 Sentries","floor":7,"turns":4},{"damage":28,"enemies":"Gremlin Nob","floor":10,"turns":5},{"damage":0,"enemies":"Cultist","floor":11,"turns":3},{"damage":11,"enemies":"Looter","floor":12,"turns":2},{"damage":12,"enemies":"Gremlin Gang","floor":14,"turns":4},{"damage":25,"enemies":"Hexaghost","floor":16,"turns":8},{"damage":14,"enemies":"Spheric Guardian","floor":18,"turns":4},{"damage":3,"enemies":"Shell Parasite","floor":20,"turns":6},{"damage":2,"enemies":"Colosseum Slavers","floor":22,"turns":4},{"damage":69,"enemies":"Colosseum Nobs","floor":22,"turns":6},{"damage":13,"enemies":"Gremlin Leader","floor":23,"turns":2}],"seed_played":"6641228513885382996","potions_obtained":[{"floor":2,"key":"AttackPotion"},{"floor":11,"key":"Explosive Potion"},{"floor":14,"key":"SpeedPotion"},{"floor":16,"key":"GamblersBrew"}],"is_trial":false,"path_per_floor":["M","M","?","$","?","R","E","R","T","E","M","M","R","M","R","B",null,"M","?","M","$","?","E"],"character_chosen":"DEFECT","items_purchased":["Darkness","Gambling Chip"],"campfire_rested":1,"item_purchase_floors":[4,21],"current_hp_per_floor":[67,62,67,67,67,67,42,42,42,14,14,10,34,29,29,36,69,62,62,66,66,9,0],"gold":137,"neow_bonus":"RANDOM_COMMON_RELIC","is_prod":false,"is_daily":false,"chose_seed":false,"campfire_upgraded":3,"win_rate":0,"timestamp":1544214992,"path_taken":["M","M","?","$","?","R","E","R","T","E","M","M","R","?","R","BOSS","M","?","?","$","?","E"],"build_version":"2018-12-06","purchased_purges":1,"victory":false,"max_hp_per_floor":[75,75,80,80,80,80,80,80,80,80,80,80,80,80,80,80,80,80,80,80,80,80,80],"card_choices":[{"not_picked":["Redo","Compile Driver"],"picked":"Doom and Gloom","floor":1},{"not_picked":["Defragment","Sweeping Beam"],"picked":"Doom and Gloom","floor":2},{"not_picked":["Thunder Strike","Lockon","Coolheaded"],"picked":"SKIP","floor":7},{"not_picked":["Conserve Battery","Redo"],"picked":"Self Repair","floor":10},{"not_picked":["Capacitor","Reinforced Body"],"picked":"Conserve Battery","floor":11},{"not_picked":["Barrage","Loop"],"picked":"Darkness","floor":12},{"not_picked":["Sweeping Beam","Cold Snap"],"picked":"BootSequence","floor":14},{"not_picked":["Thunder Strike","Biased Cognition"],"picked":"Reboot","floor":16},{"not_picked":["Melter","Genetic Algorithm"],"picked":"Undo","floor":18},{"not_picked":["Sunder","Streamline"],"picked":"Leap+1","floor":20},{"not_picked":["Compile Driver+1","Stack"],"picked":"Leap","floor":22}],"player_experience":592963,"relics_obtained":[{"floor":7,"key":"The Courier"},{"floor":9,"key":"Oddly Smooth Stone"},{"floor":10,"key":"Pantograph"},{"floor":22,"key":"Prayer Wheel"},{"floor":22,"key":"Toxic Egg 2"}],"event_choices":[{"damage_healed":0,"gold_gain":0,"player_choice":"Donut","damage_taken":0,"max_hp_gain":5,"max_hp_loss":0,"event_name":"Big Fish","floor":3,"gold_loss":0},{"damage_healed":0,"gold_gain":0,"player_choice":"Upgraded","damage_taken":0,"max_hp_gain":0,"max_hp_loss":0,"event_name":"Upgrade Shrine","floor":5,"gold_loss":0,"cards_upgraded":["Dualcast"]},{"damage_healed":0,"gold_gain":100,"player_choice":"Bet on Murderer","damage_taken":0,"max_hp_gain":0,"max_hp_loss":0,"event_name":"The Joust","floor":19,"gold_loss":50},{"damage_healed":0,"gold_gain":0,"player_choice":"Fight","damage_taken":0,"max_hp_gain":0,"max_hp_loss":0,"event_name":"Colosseum","floor":22,"gold_loss":0},{"damage_healed":0,"gold_gain":0,"player_choice":"Fought Nobs","damage_taken":0,"max_hp_gain":0,"max_hp_loss":0,"event_name":"Colosseum","floor":22,"gold_loss":0}],"is_beta":false,"boss_relics":[{"not_picked":["Runic Pyramid","Tiny House"],"picked":"Sozu"}],"items_purged_floors":[21],"is_endless":false,"potions_floor_spawned":[2,11,14,16,18],"killed_by":"Gremlin Leader","ascension_level":13}