{"gold_per_floor":[113,113,38,38,48,48,74,92,92,106,134,34,57,57,57,160,160,179,198,213,42,53,87,87,87,87,87,87],"floor_reached":28,"playtime":2037,"items_purged":["Strike_G","Defend_G","Strike_G"],"score":271,"play_id":"3b2543c5-bff0-47f9-83cb-6f2401a28fae","local_time":"20190119123943","is_ascension_mode":false,"campfire_choices":[{"data":"Deadly Poison","floor":6,"key":"SMITH"},{"data":"Neutralize","floor":15,"key":"SMITH"},{"data":"A Thousand Cuts","floor":24,"key":"SMITH"},{"data":"After Image","floor":27,"key":"SMITH"}],"neow_cost":"NONE","seed_source_timestamp":3974194670858,"circlet_count":0,"master_deck":["Defend_G+1","Defend_G","Defend_G+1","Defend_G","Strike_G","Strike_G","Strike_G","Survivor","Neutralize+1","Deadly Poison+1","Bane","A Thousand Cuts+1","Poisoned Stab","Backstab","After Image+1"],"relics":["Ring of the Snake","NeowsBlessing","Mummified Hand","Anchor","Ninja Scroll","Omamori","Lantern","CultistMask","WristBlade","Happy Flower","War Paint"],"potions_floor_usage":[11,18,23,23],"damage_taken":[{"damage":0,"enemies":"Small Slimes","floor":1,"turns":1},{"damage":0,"enemies":"Cultist","floor":5,"turns":1},{"damage":0,"enemies":"Gremlin Nob","floor":7,"turns":1},{"damage":0,"enemies":"2 Louse","floor":8,"turns":3},{"damage":0,"enemies":"Blue Slaver","floor":10,"turns":2},{"damage":9,"enemies":"3 Sentries","floor":11,"turns":11},{"damage":19,"enemies":"Hexaghost","floor":16,"turns":9},{"damage":19,"enemies":"Spheric Guardian","floor":18,"turns":6},{"damage":3,"enemies":"3 Byrds","floor":19,"turns":5},{"damage":7,"enemies":"Centurion and Healer","floor":20,"turns":5},{"damage":1,"enemies":"Cultist and Chosen","floor":22,"turns":4},{"damage":11,"enemies":"Book of Stabbing","floor":23,"turns":6},{"damage":34,"enemies":"Gremlin Leader","floor":28,"turns":5}],"seed_played":"-5026795984011870712","potions_obtained":[{"floor":5,"key":"Block Potion"},{"floor":8,"key":"Weak Potion"},{"floor":11,"key":"Energy Potion"},{"floor":18,"key":"Swift Potion"}],"is_trial":false,"path_per_floor":["M","?","$","?","M","R","E","M","T","M","E","$","T","?","R","B",null,"M","M","M","$","M","E","R","?","T","R","E"],"character_chosen":"THE_SILENT","items_purchased":["Poisoned Stab"],"campfire_rested":0,"item_purchase_floors":[21],"current_hp_per_floor":[70,70,70,75,75,75,75,75,75,75,66,66,66,66,66,47,75,56,53,46,46,45,34,34,34,34,34,0],"gold":87,"neow_bonus":"THREE_ENEMY_KILL","is_prod":false,"is_daily":false,"chose_seed":false,"campfire_upgraded":4,"win_rate":0.0,"timestamp":1547897983,"path_taken":["M","?","?","?","M","R","E","M","T","M","E","$","?","?","R","BOSS","M","M","?","$","M","E","R","?","T","R","E"],"build_version":"2019-01-17v2","purchased_purges":3,"victory":false,"max_hp_per_floor":[70,70,70,75,75,75,75,75,75,75,75,75,75,75,75,75,75,75,75,75,75,75,75,75,75,75,75,75],"card_choices":[{"not_picked":["Riddle With Holes","Quick Slash"],"picked":"Deadly Poison","floor":1},{"not_picked":["Flying Knee","Expertise","Backstab"],"picked":"SKIP","floor":5},{"not_picked":["Choke","Leg Sweep","Dagger Spray"],"picked":"SKIP","floor":7},{"not_picked":["Underhanded Strike","Deflect"],"picked":"Bane","floor":8},{"not_picked":["Sucker Punch","Choke","Eviscerate"],"picked":"SKIP","floor":10},{"not_picked":["Outmaneuver","Dodge and Roll","Wraith Form v2"],"picked":"SKIP","floor":11},{"not_picked":["Malaise","Doppelganger"],"picked":"A Thousand Cuts","floor":16},{"not_picked":["Well Laid Plans+1","Bane","Masterful Stab+1"],"picked":"SKIP","floor":18},{"not_picked":["Backstab","Choke","Deflect"],"picked":"SKIP","floor":19},{"not_picked":["Bane","Dagger Spray","Flying Knee"],"picked":"SKIP","floor":20},{"not_picked":["Sucker Punch+1","Quick Slash"],"picked":"Backstab","floor":22},{"not_picked":["Glass Knife","Poisoned Stab","Blade Dance+1"],"picked":"SKIP","floor":23}],"player_experience":14482,"relics_obtained":[{"floor":2,"key":"Mummified Hand"},{"floor":7,"key":"Anchor"},{"floor":9,"key":"Ninja Scroll"},{"floor":11,"key":"Omamori"},{"floor":13,"key":"Lantern"},{"floor":23,"key":"Happy Flower"},{"floor":26,"key":"War Paint"}],"event_choices":[{"damage_healed":0,"gold_gain":0,"player_choice":"Relic","damage_taken":0,"max_hp_gain":0,"max_hp_loss":0,"event_name":"Wheel of Change","floor":2,"gold_loss":0},{"damage_healed":0,"gold_gain":0,"player_choice":"Donut","damage_taken":0,"max_hp_gain":5,"max_hp_loss":0,"event_name":"Big Fish","floor":4,"gold_loss":0},{"damage_healed":0,"gold_gain":0,"player_choice":"Trade","damage_taken":0,"relics_obtained":["CultistMask"],"max_hp_gain":0,"max_hp_loss":0,"event_name":"FaceTrader","floor":14,"gold_loss":0},{"damage_healed":0,"gold_gain":0,"player_choice":"1 cards matched","damage_taken":0,"max_hp_gain":0,"max_hp_loss":0,"event_name":"Match and Keep!","floor":25,"gold_loss":0,"cards_obtained":["After Image"]}],"is_beta":false,"boss_relics":[{"not_picked":["Velvet Choker","Ectoplasm"],"picked":"WristBlade"}],"items_purged_floors":[3,12,21],"is_endless":false,"potions_floor_spawned":[5,8,11,18],"killed_by":"Gremlin Leader","ascension_level":0}