{"gold_per_floor":[110,110,110,133,146,146,66,66,66,87,107,107,151,164,164,164],"floor_reached":16,"playtime":949,"items_purged":[],"score":194,"play_id":"ee57a1e9-8c4c-49ff-92b0-197c49b660fa","local_time":"20190128224444","is_ascension_mode":true,"campfire_choices":[{"data":"Dash","floor":6,"key":"SMITH"},{"data":"Footwork","floor":8,"key":"SMITH"},{"floor":15,"key":"REST"}],"neow_cost":"CURSE","seed_source_timestamp":1667912480601,"circlet_count":0,"master_deck":["AscendersBane","Defend_G","Defend_G+1","Defend_G","Defend_G","Defend_G+1","Strike_G","Strike_G","Strike_G","Strike_G","Strike_G","Survivor","Neutralize","Writhe","Dash+1","PiercingWail","Caltrops","Footwork+1","Dash","Terror"],"relics":["Ring of the Snake","Turnip","Golden Idol","War Paint","Boot"],"potions_floor_usage":[5,13],"damage_taken":[{"damage":4,"enemies":"2 Louse","floor":1,"turns":5},{"damage":0,"enemies":"Small Slimes","floor":4,"turns":4},{"damage":0,"enemies":"Cultist","floor":5,"turns":4},{"damage":0,"enemies":"Blue Slaver","floor":10,"turns":5},{"damage":1,"enemies":"2 Fungi Beasts","floor":11,"turns":6},{"damage":16,"enemies":"Gremlin Nob","floor":13,"turns":5},{"damage":11,"enemies":"Exordium Thugs","floor":14,"turns":7},{"damage":51,"enemies":"Slime Boss","floor":16,"turns":11}],"seed_played":"-4257584827806539351","potions_obtained":[{"floor":4,"key":"EntropicBrew"},{"floor":10,"key":"GhostInAJar"},{"floor":14,"key":"Ancient Potion"}],"is_trial":false,"path_per_floor":["M","?","?","M","M","R","$","R","T","M","M","?","E","M","R","B"],"character_chosen":"THE_SILENT","items_purchased":["Footwork"],"campfire_rested":1,"item_purchase_floors":[7],"current_hp_per_floor":[55,55,55,55,55,55,55,55,55,55,54,51,35,24,42,0],"gold":164,"neow_bonus":"ONE_RARE_RELIC","is_prod":false,"is_daily":false,"chose_seed":false,"campfire_upgraded":2,"win_rate":0,"timestamp":1548711884,"path_taken":["M","?","?","M","M","R","$","R","T","M","M","?","E","M","R","BOSS"],"build_version":"2019-01-23","purchased_purges":0,"victory":false,"max_hp_per_floor":[66,66,60,60,60,60,60,60,60,60,60,60,60,60,60,60],"card_choices":[{"not_picked":["Skewer","Accuracy"],"picked":"Dash","floor":1},{"not_picked":["Underhanded Strike","Heel Hook"],"picked":"PiercingWail","floor":4},{"not_picked":["Prepared","Blade Dance"],"picked":"Caltrops","floor":5},{"not_picked":["Sucker Punch","Heel Hook"],"picked":"Dash","floor":10},{"not_picked":["Blade Dance","Flying Knee"],"picked":"Terror","floor":11},{"not_picked":["Calculated Gamble","Phantasmal Killer","Acrobatics"],"picked":"SKIP","floor":13},{"not_picked":["Flying Knee","Slice","Flechettes"],"picked":"SKIP","floor":14}],"player_experience":727545,"relics_obtained":[{"floor":9,"key":"War Paint"},{"floor":13,"key":"Boot"}],"event_choices":[{"damage_healed":0,"gold_gain":0,"player_choice":"Ignored","damage_taken":0,"max_hp_gain":0,"max_hp_loss":0,"event_name":"Shining Light","floor":2,"gold_loss":0},{"damage_healed":0,"gold_gain":0,"player_choice":"Lose Max HP","damage_taken":0,"relics_obtained":["Golden Idol"],"max_hp_gain":0,"max_hp_loss":6,"event_name":"Golden Idol","floor":3,"gold_loss":0},{"damage_healed":0,"gold_gain":0,"player_choice":"Bought 0 Potions","damage_taken":0,"max_hp_gain":0,"max_hp_loss":0,"event_name":"The Woman in Blue","floor":12,"gold_loss":0}],"is_beta":false,"boss_relics":[],"items_purged_floors":[],"is_endless":false,"potions_floor_spawned":[4,10,14],"killed_by":"Slime Boss","ascension_level":18}