{"gold_per_floor":[114,64,80,80,5,69,69,101,149,149,161,161,171,186,186,186],"floor_reached":16,"playtime":1906,"items_purged":["Defend_G"],"score":121,"play_id":"b2feaf9a-ef9b-41e2-9493-4e81d4fe3a35","local_time":"20190131220325","is_ascension_mode":true,"campfire_choices":[{"data":"Dodge and Roll","floor":7,"key":"SMITH"},{"floor":10,"key":"REST"},{"data":"Cloak And Dagger","floor":12,"key":"SMITH"},{"floor":15,"key":"REST"}],"neow_cost":"NONE","seed_source_timestamp":1074756969181451,"circlet_count":0,"master_deck":["Defend_G","Defend_G","Defend_G","Defend_G","Strike_G","Strike_G","Strike_G","Survivor","Neutralize","Dodge and Roll+1","Infinite Blades","Doppelganger","Cloak And Dagger+1","Acrobatics"],"relics":["Ring of the Snake","Tiny Chest","Ancient Tea Set","Omamori"],"potions_floor_usage":[1,6,8,13,16],"damage_taken":[{"damage":0,"enemies":"2 Louse","floor":1,"turns":4},{"damage":2,"enemies":"Small Slimes","floor":3,"turns":5},{"damage":38,"enemies":"3 Sentries","floor":6,"turns":22},{"damage":15,"enemies":"Gremlin Nob","floor":8,"turns":6},{"damage":0,"enemies":"Cultist","floor":11,"turns":5},{"damage":12,"enemies":"Gremlin Gang","floor":13,"turns":6},{"damage":1,"enemies":"Large Slime","floor":14,"turns":7},{"damage":56,"enemies":"Hexaghost","floor":16,"turns":16}],"seed_played":"-5551622212324022808","potions_obtained":[{"floor":0,"key":"SpeedPotion"},{"floor":0,"key":"FairyPotion"},{"floor":0,"key":"Poison Potion"},{"floor":6,"key":"Ancient Potion"},{"floor":11,"key":"SkillPotion"},{"floor":14,"key":"SpeedPotion"}],"is_trial":false,"path_per_floor":["M","?","M","?","$","E","R","E","T","R","M","R","M","M","R","B"],"character_chosen":"THE_SILENT","items_purchased":[],"campfire_rested":2,"item_purchase_floors":[],"current_hp_per_floor":[70,70,68,68,68,30,30,15,15,36,36,36,24,23,44,0],"gold":186,"neow_bonus":"THREE_SMALL_POTIONS","is_prod":false,"is_daily":false,"chose_seed":false,"campfire_upgraded":2,"win_rate":0,"timestamp":1548968605,"path_taken":["M","?","M","?","$","E","R","E","T","R","M","R","?","M","R","BOSS"],"build_version":"2019-01-23","purchased_purges":1,"victory":false,"max_hp_per_floor":[70,70,70,70,70,70,70,70,70,70,70,70,70,70,70,70],"card_choices":[{"not_picked":["Poisoned Stab","Outmaneuver","Skewer"],"picked":"SKIP","floor":1},{"not_picked":["Infinite Blades","Sucker Punch"],"picked":"Dodge and Roll","floor":3},{"not_picked":["Blade Dance","Dagger Throw"],"picked":"Infinite Blades","floor":6},{"not_picked":["Dodge and Roll","Calculated Gamble"],"picked":"Doppelganger","floor":8},{"not_picked":["Poisoned Stab","Outmaneuver"],"picked":"Cloak And Dagger","floor":11},{"not_picked":["Dodge and Roll","Slice"],"picked":"Acrobatics","floor":13},{"not_picked":["Deflect","Eviscerate","Flying Knee"],"picked":"SKIP","floor":14}],"player_experience":130378,"relics_obtained":[{"floor":6,"key":"Tiny Chest"},{"floor":8,"key":"Ancient Tea Set"},{"floor":9,"key":"Omamori"}],"event_choices":[{"cards_removed":["Strike_G"],"damage_healed":0,"gold_gain":0,"player_choice":"Card Removal","damage_taken":0,"max_hp_gain":0,"max_hp_loss":0,"event_name":"The Cleric","floor":2,"gold_loss":50},{"cards_removed":["Strike_G"],"damage_healed":0,"gold_gain":0,"player_choice":"Offered Basic","damage_taken":0,"max_hp_gain":0,"max_hp_loss":0,"event_name":"Bonfire Elementals","floor":4,"gold_loss":0}],"is_beta":false,"boss_relics":[],"items_purged_floors":[5],"is_endless":false,"potions_floor_spawned":[6,11,14],"killed_by":"Hexaghost","ascension_level":2}