{"path_per_floor":["M","M","?","?","?","R","?","$","T","E","M","R","$","?","R","B",null,"M","?","?","M","?","R","E","R","T","$","M","?","?","?","R","B",null,"M","?","?","?","M","E","?","R","T","T","M","$","?","?","R","B"],"character_chosen":"DEFECT","items_purchased":["Capacitor","White Noise","Consume","Juzu Bracelet","Biased Cognition","Lee\u0027s Waffle","Heatsinks","Conserve Battery","Mummified Hand","Apotheosis"],"gold_per_floor":[116,132,307,307,382,382,404,59,137,163,173,173,24,24,24,155,155,168,168,168,182,182,182,216,216,241,48,71,71,71,71,71,202,202,218,218,551,551,564,593,593,593,593,593,606,52,52,52,52,52],"floor_reached":51,"campfire_rested":5,"playtime":1918,"item_purchase_floors":[],"current_hp_per_floor":[73,72,72,72,61,61,49,49,49,16,5,27,27,27,49,6,75,61,61,61,29,13,35,19,42,42,84,86,86,86,86,86,56,86,56,56,56,56,56,35,35,60,60,60,64,64,64,53,53,82],"items_purged":[],"gold":52,"score":816,"play_id":"11a99c25-5632-4512-a718-e77210b3a1dd","local_time":"20180601154014","is_prod":false,"is_daily":false,"chose_seed":false,"is_ascension_mode":true,"campfire_upgraded":3,"win_rate":0.0,"timestamp":1527831614,"campfire_choices":[{"data":"Zap","floor":6.0,"key":"SMITH"},{"floor":12.0,"key":"REST"},{"floor":15.0,"key":"REST"},{"floor":23.0,"key":"REST"},{"floor":25.0,"key":"REST"},{"data":"Creative AI","floor":32.0,"key":"SMITH"},{"floor":42,"key":"REST"},{"data":"Creative AI","floor":49,"key":"SMITH"}],"path_taken":["M","M","?","?","?","R","?","?","T","E","M","R","$","?","R","BOSS","M","?","?","M","?","R","E","R","T","$","M","?","?","?","R","BOSS","M","?","?","?","M","E","?","R","T","?","M","$","?","?","R","BOSS"],"build_version":"2018-05-31","seed_source_timestamp":0,"purchased_purges":0,"victory":true,"master_deck":["Zap+1","Redo","Defragment+1","Doubt","Barrage","Capacitor","White Noise","Consume","White Noise","White Noise","Biased Cognition","Injury","Creative AI+1","Heatsinks","Ball Lightning","Streamline","Steam","Darkness","Glacier","Heatsinks","Fusion","White Noise+1","Creative AI+1","Undo+1","Hologram","Stack+1","Secret Technique","Ball Lightning+1","Heatsinks","Conserve Battery","Apotheosis","Stack","Madness","Madness"],"max_hp_per_floor":[75,75,75,75,75,75,75,75,75,75,75,75,75,75,75,75,75,75,75,75,75,75,75,77,77,77,84,86,86,86,86,86,86,86,86,86,86,86,86,86,86,86,86,86,86,86,86,86,86,86],"relics":["Cracked Core","Bronze Scales","Odd Mushroom","Juzu Bracelet","Question Card","Singing Bowl","Pandora\u0027s Box","Enchiridion","Dodecahedron","Bag of Marbles","Lee\u0027s Waffle","Oddly Smooth Stone","Sozu","Meat on the Bone","Mercury Hourglass","Pantograph","Mummified Hand"],"card_choices":[{"not_picked":["Gash","Coolheaded"],"picked":"Redo","floor":1.0},{"not_picked":["Stack","Hello World"],"picked":"Defragment","floor":2.0},{"not_picked":["Gash","Conserve Battery"],"picked":"Barrage","floor":7.0},{"not_picked":["Sweeping Beam","BootSequence","Fission"],"picked":"White Noise","floor":10.0},{"not_picked":["Cold Snap","Chaos","Tempest"],"picked":"White Noise","floor":11.0},{"not_picked":["Biased Cognition","Reboot","Fission"],"picked":"Creative AI","floor":16.0},{"not_picked":["Rebound","Go for the Eyes","Cold Snap+1"],"picked":"Fusion","floor":18.0},{"not_picked":["Reprogram","Streamline","Ball Lightning+1"],"picked":"White Noise+1","floor":21.0},{"not_picked":["Steam","Seek","Gash","Doom and Gloom"],"picked":"Singing Bowl","floor":24.0},{"not_picked":["Lockon+1","Rebound","Cold Snap","Barrage"],"picked":"Singing Bowl","floor":28.0},{"not_picked":["Fission","Reboot","Buffer"],"picked":"Creative AI","floor":33.0},{"not_picked":["Reinforced Body","Glacier","Doom and Gloom+1"],"picked":"Undo+1","floor":35.0},{"not_picked":["Rebound+1","Chaos+1","Coolheaded"],"picked":"Hologram","floor":39.0},{"not_picked":["Tempest+1","Fusion","Darkness"],"picked":"Stack+1","floor":40.0},{"not_picked":["Deep Breath","Jack Of All Trades","Dramatic Entrance"],"picked":"Secret Technique","floor":41.0},{"not_picked":["Beam Cell","Redo+1","Stack"],"picked":"Ball Lightning+1","floor":45}],"player_experience":127676,"potions_floor_usage":[],"damage_taken":[{"damage":2.0,"enemies":"Small Slimes","floor":1.0,"turns":3.0},{"damage":1.0,"enemies":"2 Louse","floor":2.0,"turns":2.0},{"damage":12.0,"enemies":"The Mushroom Lair","floor":7.0,"turns":4.0},{"damage":33.0,"enemies":"3 Sentries","floor":10.0,"turns":5.0},{"damage":11.0,"enemies":"Jaw Worm","floor":11.0,"turns":2.0},{"damage":43.0,"enemies":"The Guardian","floor":16.0,"turns":8.0},{"damage":14.0,"enemies":"Shell Parasite","floor":18.0,"turns":5.0},{"damage":32.0,"enemies":"Chosen","floor":21.0,"turns":4.0},{"damage":18.0,"enemies":"Gremlin Leader","floor":24.0,"turns":5.0},{"damage":0.0,"enemies":"Snake Plant","floor":28.0,"turns":2.0},{"damage":37.0,"enemies":"Automaton","floor":33.0,"turns":7.0},{"damage":30.0,"enemies":"Orb Walker","floor":35.0,"turns":3.0},{"damage":0.0,"enemies":"3 Shapes","floor":39.0,"turns":1.0},{"damage":21.0,"enemies":"Giant Head","floor":40.0,"turns":7.0},{"damage":3,"enemies":"Sphere and 2 Shapes","floor":45,"turns":4},{"damage":3,"enemies":"Donu and Deca","floor":50,"turns":6}],"relics_obtained":[{"floor":7.0,"key":"Odd Mushroom"},{"floor":9.0,"key":"Question Card"},{"floor":10.0,"key":"Singing Bowl"},{"floor":22.0,"key":"Enchiridion"},{"floor":24.0,"key":"Dodecahedron"},{"floor":26.0,"key":"Bag of Marbles"},{"floor":40.0,"key":"Meat on the Bone"},{"floor":43,"key":"Mercury Hourglass"},{"floor":44,"key":"Pantograph"}],"event_choices":[{"event_name":"Liars Game","player_choice":"agreed","floor":3.0,"damage_taken":0.0},{"event_name":"Living Wall","player_choice":"Grow","floor":4.0,"damage_taken":0.0},{"event_name":"World of Goop","player_choice":"Gather Gold","floor":5.0,"damage_taken":0.0},{"event_name":"Mushrooms","player_choice":"Fought Mushrooms","floor":7.0,"damage_taken":0.0},{"event_name":"Golden Idol","player_choice":"Take Wound","floor":14.0,"damage_taken":0.0},{"event_name":"Vampires","player_choice":"Ignored","floor":19.0,"damage_taken":0.0},{"event_name":"Ghosts","player_choice":"Ignored","floor":20.0,"damage_taken":0.0},{"event_name":"Cursed Tome","player_choice":"Obtained Book","floor":22.0,"damage_taken":0.0},{"event_name":"Beggar","player_choice":"Ignored","floor":29.0,"damage_taken":0.0},{"event_name":"Addict","player_choice":"Ignored","floor":30.0,"damage_taken":0.0},{"event_name":"The Mausoleum","player_choice":"Yes","floor":31.0,"damage_taken":0.0},{"event_name":"The Moai Head","player_choice":"Gave Idol","floor":37.0,"damage_taken":0.0},{"event_name":"SecretPortal","player_choice":"Rejected Portal.","floor":38.0,"damage_taken":0.0},{"event_name":"SensoryStone","player_choice":"Memory 1","floor":41.0,"damage_taken":0.0},{"event_name":"Transmorgrifier","player_choice":"Transform","floor":47,"damage_taken":0},{"event_name":"Winding Halls","player_choice":"Embrace Madness","floor":48,"damage_taken":0}],"boss_relics":[],"items_purged_floors":[],"potions_floor_spawned":[11,18,21,28,35,40],"seed_played":"-8226378371043253352","ascension_level":1,"potions_obtained":[{"floor":11.0,"key":"FearPotion"},{"floor":18.0,"key":"AttackPotion"},{"floor":21.0,"key":"GamblersBrew"},{"floor":28.0,"key":"Weak Potion"}],"is_trial":false}