{"gold_per_floor":[115,190,190,41,57,85,85,101,152,166,166,166,180,215,215,287,287,303,315,1,12,25,25,25,25,25,40,52,82,116,131,131,131],"floor_reached":33,"playtime":961,"items_purged":[],"score":532,"play_id":"428cd739-ed87-4d0a-bd46-f746bad4dc4b","local_time":"20190212175732","is_ascension_mode":true,"campfire_choices":[{"data":"Zap","floor":11.0,"key":"SMITH"},{"data":"Dualcast","floor":15.0,"key":"SMITH"},{"data":"Defragment","floor":23.0,"key":"SMITH"},{"data":"White Noise","floor":25.0,"key":"SMITH"},{"floor":32.0,"key":"REST"}],"neow_cost":"NONE","seed_source_timestamp":0,"circlet_count":0,"master_deck":["AscendersBane","Strike_B","Strike_B","Strike_B","Strike_B","Defend_B","Defend_B","Defend_B","Defend_B","Zap+1","Dualcast+1","Cold Snap","Sunder","Cold Snap","Go for the Eyes","Ball Lightning","Leap","Skim","Biased Cognition","Chill","White Noise+1","Defragment+1","Melter+1","Turbo+1","Sweeping Beam+1","Coolheaded+1","Shame","Machine Learning","Go for the Eyes+1"],"special_seed":0,"relics":["Cracked Core","NeowsBlessing","Strawberry","DataDisk","Ancient Tea Set","Pen Nib","Peace Pipe","Inserter","Molten Egg 2","Shuriken","Tiny Chest","Bronze Scales"],"potions_floor_usage":[],"damage_taken":[{"damage":0.0,"enemies":"Small Slimes","floor":1.0,"turns":1.0},{"damage":0.0,"enemies":"2 Louse","floor":5.0,"turns":1.0},{"damage":0.0,"enemies":"3 Sentries","floor":6.0,"turns":1.0},{"damage":4.0,"enemies":"Jaw Worm","floor":8.0,"turns":3.0},{"damage":0.0,"enemies":"3 Louse","floor":10.0,"turns":3.0},{"damage":6.0,"enemies":"Looter","floor":13.0,"turns":2.0},{"damage":15.0,"enemies":"Lagavulin","floor":14.0,"turns":5.0},{"damage":6.0,"enemies":"Slime Boss","floor":16.0,"turns":11.0},{"damage":26.0,"enemies":"2 Thieves","floor":18.0,"turns":4.0},{"damage":0.0,"enemies":"Spheric Guardian","floor":19.0,"turns":3.0},{"damage":11.0,"enemies":"Snake Plant","floor":21.0,"turns":3.0},{"damage":6.0,"enemies":"Snecko","floor":22.0,"turns":5.0},{"damage":13.0,"enemies":"Centurion and Healer","floor":27.0,"turns":6.0},{"damage":16.0,"enemies":"Snake Plant","floor":28.0,"turns":4.0},{"damage":3.0,"enemies":"Slavers","floor":30.0,"turns":4.0},{"damage":0.0,"enemies":"3 Cultists","floor":31.0,"turns":4.0},{"damage":36,"enemies":"Collector","floor":33,"turns":5}],"seed_played":"450595000054106461","potions_obtained":[{"floor":5.0,"key":"Dexterity Potion"},{"floor":13.0,"key":"Regen Potion"},{"floor":18.0,"key":"PowerPotion"},{"floor":19.0,"key":"Dexterity Potion"},{"floor":30.0,"key":"Poison Potion"}],"is_trial":false,"path_per_floor":["M","?","?","$","M","E","?","M","T","M","R","?","M","E","R","B",null,"M","M","$","M","M","R","?","R","T","M","M","?","E","M","R","B"],"character_chosen":"DEFECT","items_purchased":["DataDisk","Defragment","Molten Egg 2"],"campfire_rested":1,"item_purchase_floors":[4,20,20],"current_hp_per_floor":[64,53,55,55,55,55,55,51,51,51,51,56,50,35,35,29,70,44,53,53,42,36,36,36,36,36,23,7,7,4,4,28,0],"gold":131,"neow_bonus":"THREE_ENEMY_KILL","is_prod":false,"is_daily":false,"chose_seed":false,"campfire_upgraded":4,"win_rate":0,"timestamp":1550015852,"path_taken":["M","?","?","$","M","E","?","M","T","M","R","?","?","E","R","BOSS","M","M","$","M","M","R","?","R","T","M","M","?","E","M","R","BOSS"],"build_version":"2019-01-23","purchased_purges":0,"victory":false,"max_hp_per_floor":[71,71,78,78,78,78,78,78,78,78,78,83,83,83,83,83,83,83,83,83,83,83,83,83,83,83,83,83,83,83,83,83,83],"card_choices":[{"not_picked":["Gash","Compile Driver"],"picked":"Cold Snap","floor":1.0},{"not_picked":["Stack","Compile Driver"],"picked":"Sunder","floor":5.0},{"not_picked":["Barrage","Static Discharge"],"picked":"Cold Snap","floor":6.0},{"not_picked":["Lockon","Gash"],"picked":"Go for the Eyes","floor":8.0},{"not_picked":["Static Discharge","FTL"],"picked":"Ball Lightning","floor":10.0},{"not_picked":["Barrage","Sweeping Beam"],"picked":"Leap","floor":13.0},{"not_picked":["Lockon","Hyperbeam"],"picked":"Skim","floor":14.0},{"not_picked":["Amplify","Fission"],"picked":"Biased Cognition","floor":16.0},{"not_picked":["Steam Power","Hologram"],"picked":"Chill","floor":18.0},{"not_picked":["Cold Snap","Lockon"],"picked":"White Noise","floor":19.0},{"not_picked":["Go for the Eyes+1","Static Discharge+1"],"picked":"Melter+1","floor":21.0},{"not_picked":["Gash+1","Double Energy"],"picked":"Turbo+1","floor":22.0},{"not_picked":["Barrage+1","Stack"],"picked":"Sweeping Beam+1","floor":27.0},{"not_picked":["Storm","Fusion+1"],"picked":"Coolheaded+1","floor":28.0},{"not_picked":["Stack","Reinforced Body"],"picked":"Machine Learning","floor":30.0},{"not_picked":["Redo","Gash+1"],"picked":"Go for the Eyes+1","floor":31.0}],"player_experience":182637,"relics_obtained":[{"floor":6.0,"key":"Ancient Tea Set"},{"floor":9.0,"key":"Pen Nib"},{"floor":14.0,"key":"Peace Pipe"},{"floor":26.0,"key":"Shuriken"},{"floor":30.0,"key":"Bronze Scales"}],"event_choices":[{"damage_healed":0.0,"max_hp_gain":0.0,"max_hp_loss":0.0,"gold_gain":75.0,"event_name":"World of Goop","player_choice":"Gather Gold","floor":2.0,"gold_loss":0.0,"damage_taken":11.0},{"damage_healed":0.0,"max_hp_gain":0.0,"max_hp_loss":0.0,"gold_gain":0.0,"event_name":"Scrap Ooze","player_choice":"Success","floor":3.0,"gold_loss":0.0,"damage_taken":5.0,"relics_obtained":["Strawberry"]},{"damage_healed":0.0,"max_hp_gain":0.0,"max_hp_loss":0.0,"gold_gain":0.0,"event_name":"Liars Game","player_choice":"Ignored","floor":7.0,"gold_loss":0.0,"damage_taken":0.0},{"damage_healed":0.0,"max_hp_gain":5.0,"max_hp_loss":0.0,"gold_gain":0.0,"event_name":"Big Fish","player_choice":"Donut","floor":12.0,"gold_loss":0.0,"damage_taken":0.0},{"damage_healed":0.0,"max_hp_gain":0.0,"max_hp_loss":0.0,"gold_gain":0.0,"event_name":"Beggar","player_choice":"Ignored","floor":24.0,"gold_loss":0.0,"damage_taken":0.0},{"damage_healed":0.0,"max_hp_gain":0.0,"max_hp_loss":0.0,"gold_gain":0.0,"event_name":"Addict","player_choice":"Stole Relic","floor":29.0,"gold_loss":0.0,"damage_taken":0.0,"relics_obtained":["Tiny Chest"],"cards_obtained":["Shame"]}],"is_beta":false,"boss_relics":[{"not_picked":["Philosopher\u0027s Stone","Snecko Eye"],"picked":"Inserter"}],"items_purged_floors":[],"is_endless":false,"potions_floor_spawned":[5,13,14,18,19,30],"killed_by":"Collector","ascension_level":15}