{"gold_per_floor":[112,127,202,215,227,255,255,275,349,349,349,365,383,398,398,498,498,513,23,43,43,43],"floor_reached":22,"playtime":2057,"items_purged":["Strike_R"],"score":190,"play_id":"422b8a30-9a7f-43f1-ba5f-61c8734f29bb","local_time":"20180702140429","is_ascension_mode":false,"campfire_choices":[{"floor":7,"key":"REST"},{"floor":10,"key":"REST"},{"floor":15,"key":"REST"}],"neow_cost":"NONE","seed_source_timestamp":4917941231389,"circlet_count":0,"master_deck":["Strike_R","Strike_R","Defend_R","Defend_R","Defend_R","Defend_R","Bash","Clash","Combust","Blood for Blood","Dual Wield","Rage","Juggernaut","Carnage","Shrug It Off","Juggernaut","Inflame+1","Twin Strike+1","Bloodletting+1","Body Slam+1","Metallicize","Flash of Steel","Shrug It Off","Shrug It Off"],"relics":["Lizard Tail","Magic Flower","Dodecahedron","Astrolabe","Kunai"],"potions_floor_usage":[6,12,16,16,16,20,22],"damage_taken":[{"damage":2,"enemies":"Small Slimes","floor":1,"turns":4},{"damage":1,"enemies":"Jaw Worm","floor":2,"turns":3},{"damage":3,"enemies":"Cultist","floor":4,"turns":3},{"damage":25,"enemies":"Exordium Thugs","floor":5,"turns":3},{"damage":30,"enemies":"Lagavulin","floor":6,"turns":6},{"damage":5,"enemies":"Looter","floor":8,"turns":3},{"damage":13,"enemies":"Lots of Slimes","floor":12,"turns":4},{"damage":7,"enemies":"Blue Slaver","floor":13,"turns":2},{"damage":0,"enemies":"Large Slime","floor":14,"turns":4},{"damage":68,"enemies":"Hexaghost","floor":16,"turns":9},{"damage":28,"enemies":"Shell Parasite","floor":18,"turns":4},{"damage":37,"enemies":"3 Byrds","floor":20,"turns":5},{"damage":35,"enemies":"3 Cultists","floor":22,"turns":3}],"seed_played":"219712454315374939","potions_obtained":[{"floor":4,"key":"Block Potion"},{"floor":8,"key":"Fruit Juice"},{"floor":11,"key":"Fire Potion"},{"floor":11,"key":"LiquidBronze"},{"floor":12,"key":"AttackPotion"},{"floor":18,"key":"BloodPotion"},{"floor":20,"key":"SneckoOil"}],"is_trial":false,"path_per_floor":["M","M","?","M","M","E","R","M","T","R","?","M","M","M","R","B",null,"M","$","M","?"],"character_chosen":"IRONCLAD","items_purchased":["Metallicize","Flash of Steel","Kunai"],"campfire_rested":3,"item_purchase_floors":[19,19,19],"current_hp_per_floor":[78,77,66,63,38,8,32,27,27,51,51,46,39,39,64,62,85,57,57,32,32,0],"gold":43,"neow_bonus":"BOSS_RELIC","is_prod":false,"is_daily":false,"chose_seed":false,"campfire_upgraded":0,"win_rate":0.0,"timestamp":1530533069,"path_taken":["M","M","?","M","M","E","R","M","T","R","?","M","M","M","R","BOSS","M","$","M","?","M"],"build_version":"2018-06-28","purchased_purges":1,"victory":false,"max_hp_per_floor":[80,80,80,80,80,80,80,80,80,80,80,85,85,85,85,85,85,85,85,85,85,85],"card_choices":[{"not_picked":["Flex","Searing Blow"],"picked":"Clash","floor":1},{"not_picked":["Flame Barrier","Body Slam"],"picked":"Combust","floor":2},{"not_picked":["Reckless Charge","Body Slam"],"picked":"Blood for Blood","floor":4},{"not_picked":["Iron Wave","Intimidate"],"picked":"Thunderclap","floor":5},{"not_picked":["Clothesline","Twin Strike"],"picked":"Dual Wield","floor":6},{"not_picked":["True Grit","Anger"],"picked":"Rage","floor":8},{"not_picked":["Twin Strike","Thunderclap"],"picked":"Juggernaut","floor":12},{"not_picked":["Flex","Seeing Red"],"picked":"Carnage","floor":13},{"not_picked":["Flex","Twin Strike"],"picked":"Shrug It Off","floor":14},{"not_picked":["Reaper","Berserk"],"picked":"Juggernaut","floor":16},{"not_picked":["Uppercut","Sword Boomerang"],"picked":"Body Slam+1","floor":18},{"not_picked":["Warcry","Feel No Pain+1"],"picked":"Shrug It Off","floor":20}],"player_experience":2839,"relics_obtained":[{"floor":6,"key":"Magic Flower"},{"floor":9,"key":"Dodecahedron"}],"event_choices":[{"event_name":"World of Goop","player_choice":"Gather Gold","floor":3,"damage_taken":0},{"event_name":"The Lab","player_choice":"Got Potions","floor":11,"damage_taken":0},{"event_name":"Duplicator","player_choice":"One dupe","floor":21,"damage_taken":0}],"boss_relics":[{"not_picked":["Tiny House","Cursed Key"],"picked":"Astrolabe"}],"items_purged_floors":[19],"is_endless":false,"potions_floor_spawned":[4,8,12,14,18,20],"killed_by":"3 Cultists","ascension_level":0}