{"gold_per_floor":[116,116,116,129,141,141,158,187,187,202,232,247,262,26,26,129,129,102,102,102,120,20,20,47,47,47,47,63,83,83],"floor_reached":30,"playtime":3204,"items_purged":["Strike_G","Strike_G"],"score":354,"play_id":"6606505a-1196-4966-9d6c-17a3dec73b2e","local_time":"20180801185454","is_ascension_mode":true,"campfire_choices":[{"data":"Skewer","floor":6,"key":"SMITH"},{"floor":15,"key":"DIG"},{"floor":23,"key":"DIG"},{"floor":25,"key":"DIG"},{"floor":27,"key":"DIG"}],"neow_cost":"NONE","seed_source_timestamp":4351862342222,"circlet_count":0,"master_deck":["Defend_G","Defend_G","Defend_G","Defend_G","Defend_G","Strike_G","Strike_G","Strike_G","Survivor+1","Neutralize","Leg Sweep+1","Blur","Skewer+1","Backflip","Leg Sweep","Deflect","Deflect+1","Backflip+1","Catalyst+1","Noxious Fumes","Noxious Fumes","Good Instincts+1","Burst+1","Dodge and Roll+1","Noxious Fumes","Deflect+1","Escape Plan+1"],"relics":["Ring of the Snake","Happy Flower","Toxic Egg 2","Shovel","Gremlin Horn","Fusion Hammer","Matryoshka","Shuriken","Bronze Scales","Ancient Tea Set","War Paint","Ornamental Fan","Frozen Egg 2"],"potions_floor_usage":[8,10,18,24,30],"damage_taken":[{"damage":0,"enemies":"Cultist","floor":1,"turns":5},{"damage":1,"enemies":"2 Louse","floor":4,"turns":3},{"damage":0,"enemies":"Jaw Worm","floor":5,"turns":7},{"damage":6,"enemies":"2 Fungi Beasts","floor":7,"turns":4},{"damage":11,"enemies":"3 Sentries","floor":8,"turns":14},{"damage":3,"enemies":"Lots of Slimes","floor":10,"turns":10},{"damage":26,"enemies":"Lagavulin","floor":11,"turns":11},{"damage":3,"enemies":"Exordium Thugs","floor":12,"turns":9},{"damage":0,"enemies":"Blue Slaver","floor":13,"turns":4},{"damage":18,"enemies":"The Guardian","floor":16,"turns":9},{"damage":0,"enemies":"2 Thieves","floor":18,"turns":5},{"damage":0,"enemies":"Spheric Guardian","floor":21,"turns":6},{"damage":22,"enemies":"Slavers","floor":24,"turns":7},{"damage":0,"enemies":"Centurion and Healer","floor":28,"turns":8},{"damage":0,"enemies":"Snecko","floor":29,"turns":6},{"damage":33,"enemies":"Gremlin Leader","floor":30,"turns":6}],"seed_played":"-2586071545229179488","potions_obtained":[{"floor":1,"key":"LiquidBronze"},{"floor":5,"key":"SpeedPotion"},{"floor":10,"key":"Explosive Potion"},{"floor":16,"key":"SteroidPotion"},{"floor":24,"key":"SpeedPotion"}],"is_trial":false,"path_per_floor":["M","?","?","M","M","R","M","E","T","M","E","M","M","$","R","B",null,"M","?","T","M","$","R","E","R","T","R","M","M"],"character_chosen":"THE_SILENT","items_purchased":["Noxious Fumes","Good Instincts+1"],"campfire_rested":0,"item_purchase_floors":[14,14],"current_hp_per_floor":[63,63,70,69,69,69,63,52,52,49,23,20,20,20,20,2,53,53,53,53,53,53,53,31,31,31,31,31,31,0],"gold":83,"neow_bonus":"THREE_CARDS","is_prod":false,"is_daily":false,"chose_seed":false,"campfire_upgraded":1,"win_rate":0,"timestamp":1533142494,"path_taken":["M","?","?","M","M","R","M","E","T","M","E","?","M","?","R","BOSS","M","?","?","M","$","R","E","R","T","R","M","M","E"],"build_version":"2018-07-26","purchased_purges":2,"victory":false,"max_hp_per_floor":[70,70,70,70,70,70,70,70,70,70,70,70,70,70,70,70,70,70,70,70,70,70,70,70,70,70,70,70,70,70],"card_choices":[{"not_picked":["Reflex","Skewer"],"picked":"Leg Sweep","floor":0},{"not_picked":["Cloak And Dagger","Flying Knee"],"picked":"Blur","floor":1},{"not_picked":["Bane","PiercingWail"],"picked":"Skewer","floor":4},{"not_picked":["Quick Slash","Unload"],"picked":"Backflip","floor":5},{"not_picked":["Underhanded Strike","Dash"],"picked":"Leg Sweep","floor":7},{"not_picked":["PiercingWail","Choke"],"picked":"Deflect","floor":8},{"not_picked":["Slice","Deadly Poison+1"],"picked":"Deflect+1","floor":10},{"not_picked":["Underhanded Strike","Crippling Poison+1"],"picked":"Backflip+1","floor":11},{"not_picked":["Deflect+1","Distraction+1"],"picked":"Catalyst+1","floor":12},{"not_picked":["Expertise+1","Flying Knee"],"picked":"Noxious Fumes","floor":13},{"not_picked":["After Image","Glass Knife"],"picked":"Burst+1","floor":16},{"not_picked":["Deadly Poison+1","Poisoned Stab"],"picked":"Dodge and Roll+1","floor":18},{"not_picked":["Poisoned Stab","Dagger Throw"],"picked":"Noxious Fumes","floor":21},{"not_picked":["Riddle With Holes","Tools of the Trade"],"picked":"Deflect+1","floor":24},{"not_picked":["Flechettes","Dagger Spray","Flying Knee+1"],"picked":"SKIP","floor":28},{"not_picked":["Well Laid Plans+1","Riddle With Holes+1"],"picked":"Escape Plan+1","floor":29}],"player_experience":249968,"relics_obtained":[{"floor":8,"key":"Happy Flower"},{"floor":9,"key":"Toxic Egg 2"},{"floor":11,"key":"Shovel"},{"floor":15,"key":"Gremlin Horn"},{"floor":20,"key":"Matryoshka"},{"floor":23,"key":"Shuriken"},{"floor":24,"key":"Bronze Scales"},{"floor":25,"key":"Ancient Tea Set"},{"floor":26,"key":"War Paint"},{"floor":26,"key":"Ornamental Fan"},{"floor":27,"key":"Frozen Egg 2"}],"event_choices":[{"event_name":"Liars Game","player_choice":"disagreed","floor":2,"damage_taken":0},{"event_name":"Wheel of Change","player_choice":"Full Heal","floor":3,"damage_taken":0},{"event_name":"Ghosts","player_choice":"Ignored","floor":19,"damage_taken":0}],"is_beta":false,"boss_relics":[{"not_picked":["Lizard Tail","Orrery"],"picked":"Fusion Hammer"}],"items_purged_floors":[14,22],"is_endless":false,"potions_floor_spawned":[1,5,10,16,24],"killed_by":"Gremlin Leader","ascension_level":7}