{"path_per_floor":["M","?","M","?","?","R","M","M","T","M","M","E","R","M","R","B",null,"M","M","?","M"],"character_chosen":"DEFECT","items_purchased":[],"gold_per_floor":[111,111,130,200,200,200,214,237,263,279,295,329,329,352,352,475,513,534,552,552,565,565],"floor_reached":22,"campfire_rested":2,"playtime":856,"current_hp_per_floor":[75,75,75,75,50,50,44,37,37,29,21,9,33,31,55,2,87,60,59,43,24,0],"items_purged":[],"gold":565,"score":190,"play_id":"ae6f88d7-2e92-408d-a871-76c70592c7de","local_time":"20180502213107","is_prod":false,"is_daily":false,"chose_seed":false,"is_ascension_mode":false,"campfire_upgraded":1,"timestamp":1525260667,"path_taken":["M","?","M","?","?","R","?","M","T","?","M","E","R","M","R","BOSS","M","M","?","?","?"],"build_version":"2018-05-01v2","seed_source_timestamp":264385980795255,"purchased_purges":0,"victory":false,"master_deck":["Strike_B","Strike_B","Strike_B","Strike_B","Defend_B","Defend_B","Defend_B","Defend_B+1","Zap","Dualcast","Hyperbeam","Beam Cell","Injury","Gash+1","Beam Cell","Scrape","Hologram","Go for the Eyes","Steam Power","Go for the Eyes","Axe Kick","Go for the Eyes","Conserve Battery+1"],"max_hp_per_floor":[75,75,75,75,75,75,75,75,75,75,75,82,82,82,82,82,87,87,87,87,87,87],"relics":["Cracked Core","Golden Idol","Orichalcum","Prayer Wheel","Strawberry","Tiny House","Nilry\u0027s Codex"],"card_choices":[{"not_picked":["Skim","Chill"],"picked":"Beam Cell","floor":1},{"not_picked":["Barrage","Cold Snap"],"picked":"Gash","floor":3},{"not_picked":["Blizzard","Blaster"],"picked":"Beam Cell","floor":7},{"not_picked":["Streamline","Prime"],"picked":"Scrape","floor":8},{"not_picked":["Doom and Gloom","Skim"],"picked":"Hologram","floor":10},{"not_picked":["Darkness","Axe Kick"],"picked":"Go for the Eyes","floor":12},{"not_picked":["Blaster","Glacier"],"picked":"Steam Power","floor":14},{"not_picked":["Undo","Hologram"],"picked":"Go for the Eyes","floor":17},{"not_picked":["Impulse","Aggregate"],"picked":"Axe Kick","floor":18},{"not_picked":["Multi-Cast","Storm"],"picked":"Go for the Eyes","floor":19},{"not_picked":["Barrage","Double Energy"],"picked":"Conserve Battery","floor":21}],"player_experience":27977,"potions_floor_usage":[12,12,12,19,21],"damage_taken":[{"damage":0,"enemies":"Cultist","floor":1,"turns":3},{"damage":0,"enemies":"Small Slimes","floor":3,"turns":2},{"damage":6,"enemies":"Jaw Worm","floor":7,"turns":3},{"damage":7,"enemies":"Blue Slaver","floor":8,"turns":2},{"damage":8,"enemies":"Exordium Wildlife","floor":10,"turns":3},{"damage":8,"enemies":"Large Slime","floor":11,"turns":2},{"damage":28,"enemies":"Lagavulin","floor":12,"turns":6},{"damage":2,"enemies":"2 Fungi Beasts","floor":14,"turns":3},{"damage":53,"enemies":"Hexaghost","floor":16,"turns":10},{"damage":27,"enemies":"Spheric Guardian","floor":18,"turns":5},{"damage":1,"enemies":"3 Byrds","floor":19,"turns":3},{"damage":19,"enemies":"Centurion and Healer","floor":21,"turns":4},{"damage":40,"enemies":"Masked Bandits","floor":22,"turns":3}],"event_choices":[{"event_name":"Golden Idol","player_choice":"Take Wound","floor":2,"damage_taken":0},{"event_name":"Golden Wing","player_choice":"Gained Gold","floor":4,"damage_taken":0},{"event_name":"Scrap Ooze","player_choice":"success","floor":5,"damage_taken":25},{"event_name":"Cursed Tome","player_choice":"Obtained Book","floor":20,"damage_taken":0},{"event_name":"Masked Bandits","player_choice":"Fought over 565 gold","floor":22,"damage_taken":0}],"boss_relics":[{"not_picked":["Eternal Feather","Runic Dome"],"picked":"Tiny House"}],"potions_floor_spawned":[7,8,10,16,21],"seed_played":"128849788105882202","killed_by":"Masked Bandits","ascension_level":0,"is_trial":false}