{"gold_per_floor":[212,212,212,233,29,29,42,3,3,23,23,23,23,43,43,43],"floor_reached":16,"playtime":354,"items_purged":[],"score":180,"play_id":"343aa5b6-766d-4329-9eed-ca604be70955","local_time":"20190223163410","is_ascension_mode":true,"campfire_choices":[{"data":"Go for the Eyes","floor":6,"key":"SMITH"},{"data":"Zap","floor":11,"key":"SMITH"},{"data":"Genetic Algorithm","floor":13,"key":"SMITH"},{"floor":15,"key":"REST"}],"neow_cost":"NONE","seed_source_timestamp":10727718743400,"circlet_count":0,"master_deck":["AscendersBane","Strike_B","Strike_B","Strike_B","Strike_B","Defend_B","Defend_B","Defend_B","Zap+1","Dualcast","Conserve Battery","Go for the Eyes+1","BootSequence","Cold Snap","Genetic Algorithm+1","Conserve Battery"],"relics":["Cracked Core","Golden Idol","Regal Pillow","Question Card"],"potions_floor_usage":[4],"damage_taken":[{"damage":14,"enemies":"Small Slimes","floor":1,"turns":4},{"damage":6,"enemies":"2 Louse","floor":4,"turns":2},{"damage":0,"enemies":"Jaw Worm","floor":7,"turns":2},{"damage":2,"enemies":"3 Louse","floor":10,"turns":5},{"damage":18,"enemies":"Exordium Thugs","floor":14,"turns":5},{"damage":66,"enemies":"Slime Boss","floor":16,"turns":10}],"seed_played":"-4807016048779079550","potions_obtained":[{"floor":4,"key":"Fruit Juice"}],"is_trial":false,"path_per_floor":["M","?","?","M","$","R","M","$","T","M","R","$","R","M","R","B"],"character_chosen":"DEFECT","items_purchased":["Regal Pillow","BootSequence","Genetic Algorithm"],"campfire_rested":1,"item_purchase_floors":[5,5,8],"current_hp_per_floor":[50,50,50,49,49,49,49,49,49,47,47,47,47,29,64,0],"gold":43,"neow_bonus":"HUNDRED_GOLD","is_prod":false,"is_daily":false,"chose_seed":false,"campfire_upgraded":3,"win_rate":0,"timestamp":1550932450,"path_taken":["M","?","?","M","$","R","M","$","T","M","R","$","R","M","R","BOSS"],"build_version":"2019-01-23","purchased_purges":0,"victory":false,"max_hp_per_floor":[71,64,64,69,69,69,69,69,69,69,69,69,69,69,69,69],"card_choices":[{"not_picked":["Steam","Hologram"],"picked":"Conserve Battery","floor":1},{"not_picked":["Reprogram","Redo"],"picked":"Go for the Eyes","floor":4},{"not_picked":["Hyperbeam","Steam"],"picked":"Cold Snap","floor":7},{"not_picked":["Stack","Steam","Coolheaded"],"picked":"Conserve Battery","floor":10},{"not_picked":["Hyperbeam","Barrage","Blizzard","Coolheaded"],"picked":"SKIP","floor":14}],"player_experience":916093,"relics_obtained":[{"floor":9,"key":"Question Card"}],"event_choices":[{"damage_healed":0,"gold_gain":0,"player_choice":"Lose Max HP","damage_taken":0,"relics_obtained":["Golden Idol"],"max_hp_gain":0,"max_hp_loss":7,"event_name":"Golden Idol","floor":2,"gold_loss":0},{"cards_removed":["Defend_B"],"damage_healed":0,"gold_gain":0,"player_choice":"Forget","damage_taken":0,"max_hp_gain":0,"max_hp_loss":0,"event_name":"Living Wall","floor":3,"gold_loss":0}],"is_beta":false,"boss_relics":[],"items_purged_floors":[],"is_endless":false,"potions_floor_spawned":[4],"killed_by":"Slime Boss","ascension_level":20}