{"gold_per_floor":[114,114,264,277,277,303,303,333,333,348,348,192,122,122,122,122],"floor_reached":16,"playtime":547,"items_purged":["Doubt"],"score":229,"play_id":"a89d27d3-9d2f-4b86-846b-5b75ef3a74d1","local_time":"20190223092850","is_ascension_mode":true,"campfire_choices":[{"data":"Neutralize","floor":7,"key":"SMITH"},{"floor":11,"key":"REST"},{"floor":15,"key":"REST"}],"neow_cost":"NONE","seed_source_timestamp":723926141916022,"circlet_count":0,"master_deck":["AscendersBane","Defend_G","Defend_G","Defend_G+1","Defend_G+1","Defend_G","Strike_G","Strike_G","Strike_G+1","Strike_G","Survivor+1","Neutralize+1","Finisher","Escape Plan","Accuracy","Finisher","Escape Plan","Slice","Accuracy","Accuracy"],"relics":["Ring of the Snake","NeowsBlessing","War Paint","Strawberry","Pear","Letter Opener"],"potions_floor_usage":[8,16],"damage_taken":[{"damage":0,"enemies":"2 Louse","floor":1,"turns":1},{"damage":0,"enemies":"Jaw Worm","floor":4,"turns":1},{"damage":0,"enemies":"Gremlin Nob","floor":6,"turns":1},{"damage":38,"enemies":"3 Sentries","floor":8,"turns":15},{"damage":1,"enemies":"Small Slimes","floor":10,"turns":4},{"damage":61,"enemies":"Slime Boss","floor":16,"turns":11}],"seed_played":"-2142758313954579418","potions_obtained":[{"floor":1,"key":"Fire Potion"},{"floor":6,"key":"Weak Potion"}],"is_trial":false,"path_per_floor":["M","?","?","M","T","E","R","E","T","M","R","$","$","?","R","B"],"character_chosen":"THE_SILENT","items_purchased":["Accuracy","Accuracy"],"campfire_rested":2,"item_purchase_floors":[12,13],"current_hp_per_floor":[59,59,59,59,59,66,66,38,38,37,61,61,61,36,60,0],"gold":122,"neow_bonus":"THREE_ENEMY_KILL","is_prod":false,"is_daily":false,"chose_seed":false,"campfire_upgraded":1,"win_rate":0,"timestamp":1550935730,"path_taken":["M","?","?","M","?","E","R","E","T","M","R","?","$","?","R","BOSS"],"build_version":"2019-01-23","purchased_purges":1,"victory":false,"max_hp_per_floor":[66,66,66,66,66,73,73,83,83,83,83,83,83,83,83,83],"card_choices":[{"not_picked":["Masterful Stab","Choke"],"picked":"Finisher","floor":1},{"not_picked":["Distraction","Deflect"],"picked":"Accuracy","floor":4},{"not_picked":["Outmaneuver","Catalyst"],"picked":"Finisher","floor":6},{"not_picked":["Acrobatics","Underhanded Strike"],"picked":"Escape Plan","floor":8},{"not_picked":["Bane","Underhanded Strike"],"picked":"Slice","floor":10}],"player_experience":589815,"relics_obtained":[{"floor":5,"key":"War Paint"},{"floor":6,"key":"Strawberry"},{"floor":8,"key":"Pear"},{"floor":9,"key":"Letter Opener"}],"event_choices":[{"damage_healed":0,"gold_gain":0,"cards_transformed":["Strike_G"],"player_choice":"Change","damage_taken":0,"max_hp_gain":0,"max_hp_loss":0,"event_name":"Living Wall","floor":2,"gold_loss":0,"cards_obtained":["Escape Plan"]},{"damage_healed":0,"gold_gain":150,"player_choice":"AGREE","damage_taken":0,"max_hp_gain":0,"max_hp_loss":0,"event_name":"Liars Game","floor":3,"gold_loss":0,"cards_obtained":["Doubt"]},{"damage_healed":0,"gold_gain":0,"player_choice":"Entered Light","damage_taken":25,"max_hp_gain":0,"max_hp_loss":0,"event_name":"Shining Light","floor":14,"gold_loss":0,"cards_upgraded":["Strike_G","Defend_G"]}],"is_beta":false,"boss_relics":[],"items_purged_floors":[12],"is_endless":false,"potions_floor_spawned":[1,6],"killed_by":"Slime Boss","ascension_level":15}