{"gold_per_floor":[110,60,335,348,367,367,398,416,441,470,486,486,497,256,256,256],"floor_reached":16,"playtime":820,"items_purged":["Pain"],"score":118,"play_id":"b37de289-23d6-4ab2-9488-5f08d76a8550","local_time":"20190107003054","is_ascension_mode":true,"campfire_choices":[{"data":"Glacier","floor":6,"key":"SMITH"},{"floor":15,"key":"REST"}],"neow_cost":"NONE","seed_source_timestamp":650246956848357,"circlet_count":0,"master_deck":["Strike_B","Strike_B","Strike_B","Defend_B","Defend_B","Defend_B","Defend_B","Zap","Dualcast","Glacier+1","Regret","Redo","Conserve Battery","Go for the Eyes","Consume","Seek","Turbo","Flash of Steel","Loop","Cold Snap"],"relics":["Cracked Core","NeowsBlessing","Blood Vial","Dream Catcher","Regal Pillow","WarpedTongs"],"potions_floor_usage":[10],"damage_taken":[{"damage":0,"enemies":"Jaw Worm","floor":1,"turns":1},{"damage":0,"enemies":"Small Slimes","floor":4,"turns":1},{"damage":0,"enemies":"Cultist","floor":5,"turns":1},{"damage":34,"enemies":"Lagavulin","floor":7,"turns":11},{"damage":2,"enemies":"Looter","floor":8,"turns":4},{"damage":19,"enemies":"3 Sentries","floor":10,"turns":11},{"damage":3,"enemies":"Red Slaver","floor":11,"turns":7},{"damage":0,"enemies":"2 Fungi Beasts","floor":13,"turns":3},{"damage":70,"enemies":"Hexaghost","floor":16,"turns":17}],"seed_played":"-589834907040384093","potions_obtained":[{"floor":1,"key":"Weak Potion"},{"floor":4,"key":"FearPotion"},{"floor":8,"key":"Fire Potion"}],"is_trial":false,"path_per_floor":["M","?","?","M","M","R","E","M","T","E","M","?","M","$","R","B"],"character_chosen":"DEFECT","items_purchased":["Flash of Steel","Loop"],"campfire_rested":1,"item_purchase_floors":[14,14],"current_hp_per_floor":[75,75,75,75,75,75,41,41,41,24,23,23,25,25,62,0],"gold":256,"neow_bonus":"THREE_ENEMY_KILL","is_prod":false,"is_daily":false,"chose_seed":false,"campfire_upgraded":1,"win_rate":0,"timestamp":1546842654,"path_taken":["M","?","?","M","M","R","E","?","T","E","M","?","?","$","R","BOSS"],"build_version":"2019-01-03v4","purchased_purges":1,"victory":false,"max_hp_per_floor":[75,75,75,75,75,75,75,75,75,75,75,75,75,75,75,75],"card_choices":[{"not_picked":["Scrape","Reinforced Body"],"picked":"Glacier","floor":1},{"not_picked":["Blizzard","BootSequence"],"picked":"Redo","floor":4},{"not_picked":["Turbo","Beam Cell"],"picked":"Conserve Battery","floor":5},{"not_picked":["Auto Shields","All For One"],"picked":"Go for the Eyes","floor":7},{"not_picked":["Lockon","Barrage","Gash"],"picked":"SKIP","floor":8},{"not_picked":["Beam Cell","Auto Shields"],"picked":"Consume","floor":10},{"not_picked":["Rebound","Streamline"],"picked":"Seek","floor":11},{"not_picked":["Redo","Recycle"],"picked":"Turbo","floor":13},{"not_picked":["Ball Lightning","Doom and Gloom"],"picked":"Cold Snap","floor":15}],"player_experience":50100,"relics_obtained":[{"floor":7,"key":"Blood Vial"},{"floor":9,"key":"Dream Catcher"},{"floor":10,"key":"Regal Pillow"}],"event_choices":[{"cards_removed":["Strike_B"],"damage_healed":0,"gold_gain":0,"player_choice":"Card Removal","damage_taken":0,"max_hp_gain":0,"max_hp_loss":0,"event_name":"The Cleric","floor":2,"gold_loss":50},{"damage_healed":0,"gold_gain":275,"player_choice":"Desecrate","damage_taken":0,"max_hp_gain":0,"max_hp_loss":0,"event_name":"Golden Shrine","floor":3,"gold_loss":0,"cards_obtained":["Regret"]},{"damage_healed":0,"gold_gain":0,"player_choice":"Rummage","damage_taken":0,"relics_obtained":["WarpedTongs"],"max_hp_gain":0,"max_hp_loss":0,"event_name":"Accursed Blacksmith","floor":12,"gold_loss":0,"cards_obtained":["Pain"]}],"is_beta":false,"boss_relics":[],"items_purged_floors":[14],"is_endless":false,"potions_floor_spawned":[1,4,8],"killed_by":"Hexaghost","ascension_level":1}