{"gold_per_floor":[13,24,199,209,228,228,228,240,240,240,251,265,265,285,285,383,683,697,714,725,39,53,53,73,88,136,89,89,89,89,109,109,212,212,222,14,26,26,26,26,38,38,38,51,69,69,89,108,108,108],"floor_reached":51,"playtime":2976,"items_purged":["Pain"],"score":786,"play_id":"a0bf78a1-579d-4baf-8cb0-67349d375bde","local_time":"20190128131614","is_ascension_mode":true,"campfire_choices":[{"data":"Zap","floor":6,"key":"SMITH"},{"data":"Go for the Eyes","floor":10,"key":"SMITH"},{"data":"Loop","floor":13,"key":"SMITH"},{"floor":15,"key":"REST"},{"floor":23,"key":"REST"},{"floor":29,"key":"REST"},{"data":"Glacier","floor":32,"key":"SMITH"},{"floor":46,"key":"REST"},{"floor":49,"key":"REST"}],"neow_cost":"NO_GOLD","seed_source_timestamp":1008561793309590,"circlet_count":0,"master_deck":["Strike_B","Strike_B","Strike_B","Defend_B","Defend_B","Defend_B","Defend_B","Zap+1","Dualcast","Hologram","Go for the Eyes+1","Doubt","Conserve Battery","Cold Snap","Reinforced Body","Conserve Battery","Loop+1","Conserve Battery","Seek+1","Decay","Writhe","Conserve Battery","Coolheaded","Capacitor","Dark Shackles","Glacier+1","Conserve Battery","Glacier+1","Cold Snap","All For One","Cold Snap+1","Double Energy+1","Loop+1","Leap+1","Coolheaded+1","Redo","Ball Lightning"],"relics":["Cracked Core","Du-Vu Doll","Symbiotic Virus","Darkstone Periapt","Calling Bell","Smiling Mask","Meat on the Bone","Old Coin","Mercury Hourglass","Potion Belt","Oddly Smooth Stone","Inserter","ClockworkSouvenir","Mummified Hand"],"potions_floor_usage":[16,22,22,30,33,33,33,45,47,50],"damage_taken":[{"damage":0,"enemies":"Small Slimes","floor":1,"turns":3},{"damage":0,"enemies":"Cultist","floor":2,"turns":4},{"damage":6,"enemies":"Jaw Worm","floor":4,"turns":4},{"damage":3,"enemies":"Red Slaver","floor":5,"turns":4},{"damage":8,"enemies":"Large Slime","floor":8,"turns":4},{"damage":0,"enemies":"3 Louse","floor":11,"turns":3},{"damage":0,"enemies":"Exordium Thugs","floor":12,"turns":4},{"damage":0,"enemies":"Large Slime","floor":14,"turns":3},{"damage":4,"enemies":"Slime Boss","floor":16,"turns":10},{"damage":13,"enemies":"Spheric Guardian","floor":18,"turns":4},{"damage":36,"enemies":"2 Thieves","floor":19,"turns":5},{"damage":22,"enemies":"Snecko","floor":20,"turns":6},{"damage":6,"enemies":"Centurion and Healer","floor":22,"turns":9},{"damage":4,"enemies":"Snake Plant","floor":24,"turns":7},{"damage":11,"enemies":"Shelled Parasite and Fungi","floor":25,"turns":10},{"damage":0,"enemies":"Cultist and Chosen","floor":30,"turns":1},{"damage":14,"enemies":"3 Cultists","floor":31,"turns":7},{"damage":12,"enemies":"Collector","floor":33,"turns":28},{"damage":10,"enemies":"3 Shapes","floor":35,"turns":7},{"damage":30,"enemies":"3 Darklings","floor":37,"turns":8},{"damage":24,"enemies":"Sphere and 2 Shapes","floor":41,"turns":6},{"damage":2,"enemies":"Maw","floor":44,"turns":10},{"damage":21,"enemies":"3 Darklings","floor":45,"turns":12},{"damage":45,"enemies":"Transient","floor":47,"turns":5},{"damage":17,"enemies":"Jaw Worm Horde","floor":48,"turns":9},{"damage":11,"enemies":"Awakened One","floor":50,"turns":29}],"seed_played":"-7537775519020964206","potions_obtained":[{"floor":2,"key":"SkillPotion"},{"floor":4,"key":"Energy Potion"},{"floor":14,"key":"Strength Potion"},{"floor":20,"key":"FocusPotion"},{"floor":22,"key":"FocusPotion"},{"floor":28,"key":"SteroidPotion"},{"floor":28,"key":"SneckoOil"},{"floor":28,"key":"SmokeBomb"},{"floor":33,"key":"Weak Potion"},{"floor":41,"key":"SteroidPotion"},{"floor":47,"key":"SpeedPotion"},{"floor":48,"key":"FocusPotion"}],"is_trial":false,"path_per_floor":["M","M","?","M","M","R","?","M","T","R","M","M","R","M","R","B",null,"M","M","M","$","M","R","M","M","T","$","?","R","M","M","R","B",null,"M","$","M","$","?","?","M","$","T","M","M","R","M","M","R","B",null],"character_chosen":"DEFECT","items_purchased":["Mercury Hourglass","Capacitor","Potion Belt","EssenceOfSteel","Dark Shackles","Cold Snap","ClockworkSouvenir"],"campfire_rested":5,"item_purchase_floors":[21,21,21,21,21,27,36],"current_hp_per_floor":[75,75,75,69,66,66,66,58,58,58,58,58,58,58,75,71,93,80,56,46,46,52,79,75,64,64,64,64,91,91,77,77,65,93,83,83,53,53,53,53,41,41,41,51,42,69,36,31,58,47],"gold":108,"neow_bonus":"ONE_RARE_RELIC","is_prod":false,"is_daily":false,"chose_seed":false,"campfire_upgraded":4,"win_rate":0,"timestamp":1548699374,"path_taken":["M","M","?","M","M","R","?","M","T","R","M","M","R","M","R","BOSS","M","M","?","$","M","R","M","M","T","$","?","R","M","M","R","BOSS","M","?","M","$","?","?","M","$","T","M","M","R","M","M","R","BOSS"],"build_version":"2019-01-23","purchased_purges":1,"victory":true,"max_hp_per_floor":[75,75,75,75,75,75,75,75,75,75,75,75,75,75,75,75,93,93,93,93,93,93,93,93,93,93,93,93,93,93,93,93,93,93,93,93,93,93,93,93,93,93,93,93,93,93,93,93,93,93],"card_choices":[{"not_picked":["Streamline","Steam Power"],"picked":"Hologram","floor":1},{"not_picked":["Stack","Compile Driver"],"picked":"Go for the Eyes","floor":2},{"not_picked":["Streamline","Leap"],"picked":"Conserve Battery","floor":4},{"not_picked":["Lockon","Sweeping Beam"],"picked":"Cold Snap","floor":5},{"not_picked":["Stack","Steam"],"picked":"Reinforced Body","floor":8},{"not_picked":["Streamline","Force Field"],"picked":"Conserve Battery","floor":11},{"not_picked":["Stack","Coolheaded"],"picked":"Loop","floor":12},{"not_picked":["Turbo","Chaos"],"picked":"Conserve Battery","floor":14},{"not_picked":["Biased Cognition","Machine Learning"],"picked":"Seek","floor":16},{"not_picked":["Beam Cell","Redo"],"picked":"Conserve Battery","floor":18},{"not_picked":["Auto Shields","Leap","Turbo"],"picked":"SKIP","floor":19},{"not_picked":["Ball Lightning+1","Hologram"],"picked":"Coolheaded","floor":20},{"not_picked":["Storm","Meteor Strike"],"picked":"Glacier+1","floor":22},{"not_picked":["Force Field","Stack"],"picked":"Conserve Battery","floor":24},{"not_picked":["Hello World+1","Sweeping Beam"],"picked":"Glacier","floor":25},{"not_picked":["Scrape","Hologram","Streamline"],"picked":"SKIP","floor":31},{"not_picked":["Fission","Rainbow"],"picked":"All For One","floor":33},{"not_picked":["Conserve Battery","Stack+1"],"picked":"Cold Snap+1","floor":35},{"not_picked":["Compile Driver+1","Redo+1"],"picked":"Double Energy+1","floor":37},{"not_picked":["Streamline+1","Reboot"],"picked":"Loop+1","floor":41},{"not_picked":["Steam Power+1","Beam Cell+1"],"picked":"Leap+1","floor":44},{"not_picked":["Rip and Tear","Barrage"],"picked":"Coolheaded+1","floor":45},{"not_picked":["Compile Driver+1","Skim"],"picked":"Redo","floor":47},{"not_picked":["Steam+1","Rebound"],"picked":"Ball Lightning","floor":48}],"player_experience":245506,"relics_obtained":[{"floor":9,"key":"Darkstone Periapt"},{"floor":17,"key":"Smiling Mask"},{"floor":17,"key":"Meat on the Bone"},{"floor":17,"key":"Old Coin"},{"floor":26,"key":"Oddly Smooth Stone"},{"floor":43,"key":"Mummified Hand"}],"event_choices":[{"damage_healed":0,"gold_gain":175,"player_choice":"AGREE","damage_taken":0,"max_hp_gain":0,"max_hp_loss":0,"event_name":"Liars Game","floor":3,"gold_loss":0,"cards_obtained":["Doubt"]},{"damage_healed":0,"gold_gain":0,"player_choice":"Gave Potion","damage_taken":0,"relics_obtained":["Symbiotic Virus"],"max_hp_gain":0,"max_hp_loss":0,"event_name":"WeMeetAgain","floor":7,"gold_loss":0},{"damage_healed":0,"gold_gain":0,"player_choice":"Got Potions","damage_taken":0,"max_hp_gain":0,"max_hp_loss":0,"event_name":"Lab","floor":28,"gold_loss":0},{"cards_removed":["Strike_B"],"damage_healed":0,"gold_gain":0,"player_choice":"Removed Attack","damage_taken":0,"max_hp_gain":0,"max_hp_loss":0,"event_name":"Falling","floor":39,"gold_loss":0},{"damage_healed":0,"gold_gain":0,"player_choice":"Forge","damage_taken":0,"max_hp_gain":0,"max_hp_loss":0,"event_name":"Accursed Blacksmith","floor":40,"gold_loss":0,"cards_upgraded":["Seek"]}],"is_beta":false,"boss_relics":[{"not_picked":["Runic Pyramid","Runic Dome"],"picked":"Calling Bell"},{"not_picked":["White Beast Statue","Pandora\u0027s Box"],"picked":"Inserter"}],"items_purged_floors":[21],"is_endless":false,"potions_floor_spawned":[2,4,14,20,22,33,41,47,48],"ascension_level":2}