{"gold_per_floor":[119,84,9,9,20,45,45,45,45,45],"floor_reached":10,"playtime":564,"items_purged":["Decay"],"score":102,"play_id":"603f342e-9f45-44c3-a643-6c51511239d5","local_time":"20181102232602","is_ascension_mode":true,"campfire_choices":[{"floor":7,"key":"DIG"}],"neow_cost":"CURSE","seed_source_timestamp":27621475702317,"circlet_count":0,"master_deck":["AscendersBane","Strike_B","Strike_B","Strike_B","Defend_B","Defend_B","Defend_B","Defend_B","Zap","Dualcast","Conserve Battery","Self Repair","Conserve Battery","Creative AI+1"],"relics":["Cracked Core","Shovel","Mercury Hourglass","Bottled Lightning","Pantograph"],"potions_floor_usage":[6],"damage_taken":[{"damage":0,"enemies":"Cultist","floor":1,"turns":3},{"damage":4,"enemies":"Small Slimes","floor":5,"turns":3},{"damage":16,"enemies":"Lagavulin","floor":6,"turns":10},{"damage":75,"enemies":"Gremlin Nob","floor":10,"turns":5}],"seed_played":"1194079331088565165","potions_obtained":[{"floor":5,"key":"Dexterity Potion"}],"is_trial":false,"path_per_floor":["M","$","$","?","M","E","R","?","T","E"],"character_chosen":"DEFECT","items_purchased":["Self Repair"],"campfire_rested":0,"item_purchase_floors":[2],"current_hp_per_floor":[68,68,68,61,64,55,55,55,55,0],"gold":45,"neow_bonus":"ONE_RARE_RELIC","is_prod":false,"is_daily":false,"chose_seed":false,"campfire_upgraded":0,"win_rate":0,"timestamp":1541197562,"path_taken":["M","?","$","?","M","E","R","?","T","E"],"build_version":"2018-11-01","purchased_purges":1,"victory":false,"max_hp_per_floor":[75,75,75,75,75,75,75,75,75,75],"card_choices":[{"not_picked":["Cold Snap","Sweeping Beam"],"picked":"Conserve Battery","floor":1},{"not_picked":["Leap","Coolheaded"],"picked":"Conserve Battery","floor":5},{"not_picked":["Static Discharge","Blizzard"],"picked":"Creative AI","floor":6}],"player_experience":500340,"relics_obtained":[{"floor":6,"key":"Mercury Hourglass"},{"floor":7,"key":"Bottled Lightning"},{"floor":9,"key":"Pantograph"}],"event_choices":[{"cards_removed":["Strike_B"],"damage_healed":0,"gold_gain":0,"player_choice":"Card Removal","damage_taken":7,"max_hp_gain":0,"max_hp_loss":0,"event_name":"Golden Wing","floor":4,"gold_loss":0},{"damage_healed":0,"gold_gain":0,"player_choice":"Upgraded","damage_taken":0,"max_hp_gain":0,"max_hp_loss":0,"event_name":"Upgrade Shrine","floor":8,"gold_loss":0,"cards_upgraded":["Creative AI"]}],"is_beta":false,"boss_relics":[],"items_purged_floors":[3],"is_endless":false,"potions_floor_spawned":[5],"killed_by":"Gremlin Nob","ascension_level":12}