{"gold_per_floor":[112,131,16,30,41,41,74,85,108,123,123,138,150,169,169,265,265,284,302,329,344,37,37,68,68,68,79,94,94,113,113,113,113],"floor_reached":33,"playtime":1356,"items_purged":["Strike_B"],"score":480,"play_id":"7e7e380a-332a-4044-b905-9667bbc29044","local_time":"20190220174444","is_ascension_mode":true,"campfire_choices":[{"floor":6,"key":"REST"},{"data":"Zap","floor":11,"key":"SMITH"},{"floor":15,"key":"REST"},{"floor":23,"key":"REST"},{"floor":25,"key":"REST"},{"data":"Defragment","floor":29,"key":"SMITH"},{"floor":32,"key":"REST"}],"neow_cost":"NONE","seed_source_timestamp":44098243255582,"circlet_count":0,"master_deck":["AscendersBane","Strike_B","Strike_B","Strike_B","Defend_B","Defend_B","Defend_B","Defend_B","Zap+1","Dualcast","FTL","Cold Snap","Self Repair","Go for the Eyes","Defragment+1","BootSequence","Hologram","Electrodynamics","Seek","Melter+1","Gash","Coolheaded+1","Darkness","Leap","Chill"],"relics":["Cracked Core","Boot","Bag of Marbles","Sozu","Red Mask","Torii","Regal Pillow","Mummified Hand","Enchiridion"],"potions_floor_usage":[2,7,14,16,19],"damage_taken":[{"damage":1,"enemies":"Cultist","floor":1,"turns":3},{"damage":0,"enemies":"Jaw Worm","floor":2,"turns":1},{"damage":14,"enemies":"Small Slimes","floor":4,"turns":3},{"damage":24,"enemies":"Red Slaver","floor":5,"turns":5},{"damage":18,"enemies":"Gremlin Nob","floor":7,"turns":4},{"damage":22,"enemies":"Gremlin Gang","floor":8,"turns":5},{"damage":0,"enemies":"Large Slime","floor":10,"turns":6},{"damage":6,"enemies":"Blue Slaver","floor":12,"turns":3},{"damage":0,"enemies":"3 Louse","floor":13,"turns":3},{"damage":5,"enemies":"Gremlin Gang","floor":14,"turns":2},{"damage":65,"enemies":"Hexaghost","floor":16,"turns":13},{"damage":0,"enemies":"3 Byrds","floor":18,"turns":2},{"damage":5,"enemies":"Shell Parasite","floor":19,"turns":3},{"damage":34,"enemies":"Masked Bandits","floor":20,"turns":4},{"damage":28,"enemies":"Snecko","floor":21,"turns":5},{"damage":0,"enemies":"Gremlin Leader","floor":24,"turns":6},{"damage":19,"enemies":"Shelled Parasite and Fungi","floor":27,"turns":6},{"damage":1,"enemies":"3 Cultists","floor":28,"turns":3},{"damage":1,"enemies":"Cultist and Chosen","floor":30,"turns":7},{"damage":102,"enemies":"Champ","floor":33,"turns":13}],"seed_played":"6316736687871803321","potions_obtained":[{"floor":1,"key":"Fire Potion"},{"floor":4,"key":"FearPotion"},{"floor":12,"key":"SteroidPotion"},{"floor":13,"key":"LiquidBronze"},{"floor":16,"key":"SteroidPotion"}],"is_trial":false,"path_per_floor":["M","M","$","M","M","R","E","M","T","M","R","M","M","M","R","B",null,"M","M","?","M","$","R","E","R","T","M","M","R","M","?","R","B"],"character_chosen":"DEFECT","items_purchased":["Self Repair","Torii"],"campfire_rested":5,"item_purchase_floors":[3,22],"current_hp_per_floor":[74,74,74,60,43,67,49,34,34,41,41,42,49,51,75,17,66,73,75,48,27,27,51,58,82,82,70,69,69,75,59,82,0],"gold":113,"neow_bonus":"TEN_PERCENT_HP_BONUS","is_prod":false,"is_daily":false,"chose_seed":false,"campfire_upgraded":2,"win_rate":0,"timestamp":1550702684,"path_taken":["M","?","$","M","M","R","E","M","T","M","R","M","M","?","R","BOSS","M","M","?","M","$","R","E","R","T","M","M","R","M","?","R","BOSS"],"build_version":"2019-01-23","purchased_purges":1,"victory":false,"max_hp_per_floor":[82,82,82,82,82,82,82,82,82,82,82,82,82,82,82,82,82,82,82,82,82,82,82,82,82,82,82,82,82,82,82,82,82],"card_choices":[{"not_picked":["BootSequence","Turbo"],"picked":"FTL","floor":1},{"not_picked":["Barrage","Loop"],"picked":"Cold Snap","floor":2},{"not_picked":["Barrage","Static Discharge","Turbo"],"picked":"SKIP","floor":4},{"not_picked":["Stack","Consume","Steam"],"picked":"SKIP","floor":5},{"not_picked":["Barrage","Genetic Algorithm"],"picked":"Go for the Eyes","floor":7},{"not_picked":["Rebound","Streamline"],"picked":"Defragment","floor":8},{"not_picked":["Gash","Consume"],"picked":"BootSequence","floor":10},{"not_picked":["Compile Driver","Gash"],"picked":"Hologram","floor":12},{"not_picked":["Rebound","Chaos"],"picked":"Electrodynamics","floor":13},{"not_picked":["Steam","Stack","Lockon"],"picked":"SKIP","floor":14},{"not_picked":["Thunder Strike","Machine Learning"],"picked":"Seek","floor":16},{"not_picked":["Ball Lightning","Barrage"],"picked":"Melter+1","floor":18},{"not_picked":["Melter","Turbo"],"picked":"Gash","floor":19},{"not_picked":["Beam Cell","FTL"],"picked":"Coolheaded+1","floor":20},{"not_picked":["Aggregate","Hello World","Rebound"],"picked":"SKIP","floor":21},{"not_picked":["Go for the Eyes","Genetic Algorithm+1"],"picked":"Darkness","floor":24},{"not_picked":["Reprogram","Barrage"],"picked":"Leap","floor":27},{"not_picked":["Turbo","Steam","Steam Power"],"picked":"SKIP","floor":28},{"not_picked":["Scrape+1","Static Discharge"],"picked":"Chill","floor":30}],"player_experience":560575,"relics_obtained":[{"floor":7,"key":"Boot"},{"floor":9,"key":"Bag of Marbles"},{"floor":20,"key":"Red Mask"},{"floor":24,"key":"Regal Pillow"},{"floor":26,"key":"Mummified Hand"},{"floor":31,"key":"Enchiridion"}],"event_choices":[{"damage_healed":0,"gold_gain":0,"player_choice":"Fought Bandits","damage_taken":0,"max_hp_gain":0,"max_hp_loss":0,"event_name":"Masked Bandits","floor":20,"gold_loss":0},{"damage_healed":0,"gold_gain":0,"player_choice":"Obtained Book","damage_taken":16,"max_hp_gain":0,"max_hp_loss":0,"event_name":"Cursed Tome","floor":31,"gold_loss":0}],"is_beta":false,"boss_relics":[{"not_picked":["Calling Bell","Inserter"],"picked":"Sozu"}],"items_purged_floors":[3],"is_endless":false,"potions_floor_spawned":[1,4,12,13,16,24,27,28],"killed_by":"Champ","ascension_level":12}