{"gold_per_floor":[117,117,130,144,163,204,204,242,314,314,33,49,49,49,49,148,148,167,62,62,87,100,100,100,115,115,131,150,170,170,189,189,189],"floor_reached":33,"playtime":2528,"items_purged":["Strike_G"],"score":544,"play_id":"e6ec9dd0-8c1d-48e7-b9a7-40df6a42263e","local_time":"20181215190533","is_ascension_mode":true,"campfire_choices":[{"data":"Blade Dance","floor":7.0,"key":"SMITH"},{"data":"Survivor","floor":10.0,"key":"SMITH"},{"data":"Blur","floor":13.0,"key":"SMITH"},{"data":"Deflect","floor":15.0,"key":"SMITH"},{"data":"After Image","floor":23.0,"key":"SMITH"},{"data":"Footwork","floor":30.0,"key":"SMITH"},{"data":"Panache","floor":32.0,"key":"SMITH"}],"neow_cost":"NONE","seed_source_timestamp":0,"circlet_count":0,"master_deck":["AscendersBane","Defend_G","Defend_G","Defend_G+1","Defend_G","Defend_G","Strike_G","Strike_G","Strike_G","Strike_G","Survivor+1","Neutralize","Choke","Blade Dance+1","Blade Dance","Blade Dance","Escape Plan","Cloak And Dagger","Deflect+1","Panache+1","Blur+1","After Image+1","Shame","Terror+1","Dodge and Roll+1","Footwork","Cloak And Dagger","Writhe","Cloak And Dagger+1","Escape Plan","Footwork+1","Leg Sweep","Blur"],"special_seed":0,"relics":["Coffee Dripper","Golden Idol","Tingsha","Turnip","Matryoshka","Omamori","Calling Bell","Lantern","Gremlin Horn","Prayer Wheel","Strawberry","FaceOfCleric","Ninja Scroll","War Paint"],"potions_floor_usage":[33],"damage_taken":[{"damage":0.0,"enemies":"Jaw Worm","floor":1.0,"turns":4.0},{"damage":0.0,"enemies":"Small Slimes","floor":3.0,"turns":3.0},{"damage":0.0,"enemies":"Cultist","floor":4.0,"turns":3.0},{"damage":4.0,"enemies":"Blue Slaver","floor":5.0,"turns":3.0},{"damage":12.0,"enemies":"Lagavulin","floor":6.0,"turns":5.0},{"damage":30.0,"enemies":"Gremlin Nob","floor":8.0,"turns":4.0},{"damage":10.0,"enemies":"Large Slime","floor":12.0,"turns":4.0},{"damage":0.0,"enemies":"The Guardian","floor":16.0,"turns":10.0},{"damage":25.0,"enemies":"Chosen","floor":18.0,"turns":8.0},{"damage":5.0,"enemies":"Shell Parasite","floor":21.0,"turns":7.0},{"damage":4.0,"enemies":"Centurion and Healer","floor":22.0,"turns":7.0},{"damage":4.0,"enemies":"Shelled Parasite and Fungi","floor":25.0,"turns":5.0},{"damage":2.0,"enemies":"Snecko","floor":27.0,"turns":5.0},{"damage":5.0,"enemies":"3 Cultists","floor":28.0,"turns":6.0},{"damage":6.0,"enemies":"Snake Plant","floor":29.0,"turns":6.0},{"damage":0.0,"enemies":"Sentry and Sphere","floor":31.0,"turns":10.0},{"damage":8,"enemies":"Collector","floor":33,"turns":3}],"seed_played":"3736270235406477582","potions_obtained":[{"floor":3.0,"key":"Strength Potion"},{"floor":6.0,"key":"Dexterity Potion"},{"floor":8.0,"key":"PowerPotion"},{"floor":16.0,"key":"FearPotion"},{"floor":22.0,"key":"Fire Potion"},{"floor":27.0,"key":"SpeedPotion"},{"floor":28.0,"key":"Explosive Potion"},{"floor":31.0,"key":"FearPotion"}],"is_trial":false,"path_per_floor":["M","?","M","M","M","E","R","E","T","R","$","M","R","?","R","B",null,"M","$","?","M","M","R","?","M","T","M","M","M","R","M","R","B"],"character_chosen":"THE_SILENT","items_purchased":["Deflect","Panache","Footwork","Cloak And Dagger"],"campfire_rested":0,"item_purchase_floors":[11,11,19,19],"current_hp_per_floor":[59,59,59,59,55,43,43,13,13,13,13,3,3,3,3,3,46,21,21,28,23,19,19,19,16,16,15,11,6,6,7,7,0],"gold":189,"neow_bonus":"BOSS_RELIC","is_prod":false,"is_daily":false,"chose_seed":false,"campfire_upgraded":7,"win_rate":0,"timestamp":1544897133,"path_taken":["M","?","M","M","M","E","R","E","T","R","$","M","R","?","R","BOSS","M","?","?","M","M","R","?","?","T","M","M","M","R","M","R","BOSS"],"build_version":"2018-12-13","purchased_purges":1,"victory":false,"max_hp_per_floor":[66,60,60,60,60,60,60,60,60,60,60,60,60,60,60,60,60,60,60,67,67,67,67,67,68,68,69,70,71,71,72,72,72],"card_choices":[{"not_picked":["Bane","Terror"],"picked":"Choke","floor":1.0},{"not_picked":["Deadly Poison","Dodge and Roll"],"picked":"Blade Dance","floor":3.0},{"not_picked":["All Out Attack","Quick Slash"],"picked":"Blade Dance","floor":4.0},{"not_picked":["Distraction","Acrobatics"],"picked":"Blade Dance","floor":5.0},{"not_picked":["All Out Attack","Masterful Stab"],"picked":"Escape Plan","floor":6.0},{"not_picked":["Noxious Fumes","Quick Slash"],"picked":"Cloak And Dagger","floor":8.0},{"not_picked":["PiercingWail","Acrobatics"],"picked":"Blur","floor":12.0},{"not_picked":["Tools of the Trade","Burst"],"picked":"After Image","floor":16.0},{"not_picked":["Riddle With Holes+1","Poisoned Stab"],"picked":"Terror+1","floor":18.0},{"not_picked":["Eviscerate","Deflect"],"picked":"Dodge and Roll","floor":18.0},{"not_picked":["Backflip","Wraith Form v2"],"picked":"Cloak And Dagger+1","floor":21.0},{"not_picked":["Bouncing Flask","Choke"],"picked":"Escape Plan","floor":21.0},{"not_picked":["Underhanded Strike+1","Expertise","Acrobatics"],"picked":"SKIP","floor":22.0},{"not_picked":["Cloak And Dagger","Endless Agony","Terror"],"picked":"SKIP","floor":22.0},{"not_picked":["Dagger Spray","PiercingWail","Deflect"],"picked":"SKIP","floor":25.0},{"not_picked":["Dagger Throw","Tactician","Predator"],"picked":"SKIP","floor":25.0},{"not_picked":["Deflect","Outmaneuver","Slice"],"picked":"SKIP","floor":27.0},{"not_picked":["Poisoned Stab","Slice","Dodge and Roll"],"picked":"SKIP","floor":27.0},{"not_picked":["Night Terror","Deadly Poison"],"picked":"Footwork","floor":28.0},{"not_picked":["Slice","Underhanded Strike","Catalyst"],"picked":"SKIP","floor":28.0},{"not_picked":["Sucker Punch","Prepared"],"picked":"Leg Sweep","floor":29.0},{"not_picked":["Poisoned Stab","Slice"],"picked":"Blur","floor":29.0},{"not_picked":["Deflect","Prepared","Terror"],"picked":"SKIP","floor":31.0},{"not_picked":["Flying Knee+1","Sucker Punch","Prepared"],"picked":"SKIP","floor":31.0}],"player_experience":615704,"relics_obtained":[{"floor":6.0,"key":"Tingsha"},{"floor":8.0,"key":"Turnip"},{"floor":9.0,"key":"Matryoshka"},{"floor":14.0,"key":"Omamori"},{"floor":17.0,"key":"Lantern"},{"floor":17.0,"key":"Gremlin Horn"},{"floor":17.0,"key":"Prayer Wheel"},{"floor":26.0,"key":"Ninja Scroll"},{"floor":26.0,"key":"War Paint"}],"event_choices":[{"damage_healed":0.0,"max_hp_gain":0.0,"max_hp_loss":6.0,"gold_gain":0.0,"event_name":"Golden Idol","player_choice":"Lose Max HP","floor":2.0,"gold_loss":0.0,"damage_taken":0.0,"relics_obtained":["Golden Idol"]},{"damage_healed":0.0,"max_hp_gain":0.0,"max_hp_loss":0.0,"gold_gain":0.0,"event_name":"Wheel of Change","player_choice":"Relic","floor":14.0,"gold_loss":0.0,"damage_taken":0.0},{"damage_healed":0.0,"max_hp_gain":0.0,"max_hp_loss":0.0,"gold_gain":0.0,"event_name":"The Mausoleum","player_choice":"Opened","floor":20.0,"gold_loss":0.0,"damage_taken":0.0,"relics_obtained":["Strawberry"],"cards_obtained":["Writhe"]},{"damage_healed":0.0,"max_hp_gain":0.0,"max_hp_loss":0.0,"gold_gain":0.0,"event_name":"FaceTrader","player_choice":"Trade","floor":24.0,"gold_loss":0.0,"damage_taken":0.0,"relics_obtained":["FaceOfCleric"]}],"is_beta":false,"boss_relics":[{"not_picked":["Orrery","Busted Crown"],"picked":"Calling Bell"}],"items_purged_floors":[11],"is_endless":false,"potions_floor_spawned":[3,6,8,16,22,27,28,31],"killed_by":"Collector","ascension_level":15}