{"gold_per_floor":[413,413,425,425,57,57,82,82,82,120,120,139,160,176,176,297,297,312,336,351,266,57,76,114,114,137,187,223,242,276,292,292,415,415,428,428,453,467,23,23,56,56,56,92,92,110,123,136,136,136],"floor_reached":50,"playtime":6950,"items_purged":["Shame","Defend_G"],"score":954,"play_id":"f753de6f-5884-4598-bb6c-cbb70f6a0443","local_time":"20180829182204","is_ascension_mode":true,"campfire_choices":[{"data":"Deflect","floor":6.0,"key":"SMITH"},{"floor":8.0,"key":"REST"},{"data":"Cloak And Dagger","floor":11.0,"key":"SMITH"},{"data":"Deflect","floor":15.0,"key":"SMITH"},{"data":"Infinite Blades","floor":25.0,"key":"SMITH"},{"data":"Dash","floor":32.0,"key":"SMITH"},{"data":"Accuracy","floor":40,"key":"SMITH"},{"data":"Dodge and Roll","floor":45,"key":"SMITH"},{"data":"Bullet Time","floor":49,"key":"SMITH"}],"neow_cost":"CURSE","seed_source_timestamp":0,"circlet_count":0,"master_deck":["Defend_G","Defend_G","Defend_G","Strike_G","Strike_G","Strike_G","Strike_G","Survivor","Neutralize","Deflect+1","Violence+1","Infinite Blades+1","Deflect+1","Cloak And Dagger+1","Deflect+1","Bullet Time+1","Cloak And Dagger+1","Concentrate+1","Escape Plan","Dash+1","Adrenaline","Endless Agony","Panache","Accuracy+1","Panache","Dodge and Roll+1","Choke+1","Writhe","Finisher+1","Dodge and Roll+1","Backflip"],"special_seed":0,"relics":["Ring of the Snake","Old Coin","Kunai","Golden Idol","Regal Pillow","War Paint","Runic Pyramid","Meat on the Bone","Sling","Potion Belt","Bag of Preparation","Vajra","The Courier","Empty Cage","Medical Kit","Tingsha","Torii","Bronze Scales"],"potions_floor_usage":[48,50,50,50],"damage_taken":[{"damage":10.0,"enemies":"Cultist","floor":1.0,"turns":5.0},{"damage":3.0,"enemies":"Small Slimes","floor":3.0,"turns":5.0},{"damage":0.0,"enemies":"2 Louse","floor":7.0,"turns":5.0},{"damage":11.0,"enemies":"Lagavulin","floor":10.0,"turns":12.0},{"damage":5.0,"enemies":"Large Slime","floor":12.0,"turns":7.0},{"damage":2.0,"enemies":"Exordium Thugs","floor":13.0,"turns":6.0},{"damage":0.0,"enemies":"2 Fungi Beasts","floor":14.0,"turns":4.0},{"damage":21.0,"enemies":"Slime Boss","floor":16.0,"turns":27.0},{"damage":5.0,"enemies":"Chosen","floor":18.0,"turns":8.0},{"damage":0.0,"enemies":"3 Byrds","floor":19.0,"turns":6.0},{"damage":1.0,"enemies":"3 Cultists","floor":20.0,"turns":9.0},{"damage":1.0,"enemies":"Sentry and Sphere","floor":23.0,"turns":12.0},{"damage":10.0,"enemies":"Slavers","floor":24.0,"turns":7.0},{"damage":0.0,"enemies":"Book of Stabbing","floor":28.0,"turns":7.0},{"damage":34.0,"enemies":"Cultist and Chosen","floor":29.0,"turns":11.0},{"damage":0.0,"enemies":"Slavers","floor":30.0,"turns":9.0},{"damage":0.0,"enemies":"Snecko","floor":31.0,"turns":7.0},{"damage":1.0,"enemies":"Automaton","floor":33.0,"turns":21.0},{"damage":0,"enemies":"3 Darklings","floor":35,"turns":8},{"damage":0,"enemies":"Flame Bruiser 1 Orb","floor":37,"turns":5},{"damage":0,"enemies":"Sphere and 2 Shapes","floor":38,"turns":4},{"damage":0,"enemies":"2 Orb Walkers","floor":41,"turns":3},{"damage":7,"enemies":"Nemesis","floor":44,"turns":5},{"damage":0,"enemies":"Transient","floor":46,"turns":5},{"damage":0,"enemies":"Maw","floor":47,"turns":5},{"damage":0,"enemies":"4 Shapes","floor":48,"turns":4},{"damage":65,"enemies":"Time Eater","floor":50,"turns":9}],"seed_played":"3510113410088034372","potions_obtained":[{"floor":1.0,"key":"SpeedPotion"},{"floor":7.0,"key":"SkillPotion"},{"floor":12.0,"key":"Block Potion"},{"floor":19.0,"key":"Swift Potion"},{"floor":23.0,"key":"Regen Potion"},{"floor":24.0,"key":"SpeedPotion"},{"floor":29.0,"key":"PowerPotion"},{"floor":33.0,"key":"LiquidBronze"},{"floor":38,"key":"AttackPotion"},{"floor":46,"key":"SkillPotion"},{"floor":48,"key":"AttackPotion"}],"is_trial":false,"path_per_floor":["M","T","M","?","$","R","M","R","T","E","R","M","M","M","R","B",null,"M","M","M","?","$","M","E","R","T","?","E","M","E","M","R","B",null,"M","?","M","M","$","R","E","?","T","E","R","M","M","M","R"],"character_chosen":"THE_SILENT","items_purchased":["Violence","Infinite Blades","Deflect","Sling","Accuracy","Medical Kit","Panache","Dodge and Roll"],"campfire_rested":1,"item_purchase_floors":[5,5,5,22,39,39,39,39],"current_hp_per_floor":[53,53,50,33,33,33,33,54,54,43,43,38,36,36,36,15,56,51,51,50,50,50,49,39,39,39,39,39,22,34,46,46,45,64,64,59,59,59,59,59,59,70,70,63,63,63,63,63,63,0],"gold":136,"neow_bonus":"ONE_RARE_RELIC","is_prod":false,"is_daily":false,"chose_seed":false,"campfire_upgraded":8,"win_rate":0,"timestamp":1535559724,"path_taken":["M","?","M","?","$","R","M","R","T","E","R","M","M","M","R","BOSS","M","M","M","?","$","M","E","R","T","?","E","M","E","M","R","BOSS","M","?","M","M","$","R","E","?","T","E","R","M","M","M","R","BOSS"],"build_version":"2018-08-23v2","purchased_purges":2,"victory":false,"max_hp_per_floor":[70,70,70,70,70,70,70,70,70,70,70,70,70,70,70,70,70,70,70,70,70,70,70,70,70,70,70,70,70,70,70,70,70,70,70,70,70,70,70,70,70,70,70,70,70,70,70,70,70,70],"card_choices":[{"not_picked":["Backflip","Prepared"],"picked":"Deflect","floor":1.0},{"not_picked":["Reflex","Poisoned Stab","Deadly Poison"],"picked":"SKIP","floor":3.0},{"not_picked":["Dagger Spray","Dagger Throw"],"picked":"Cloak And Dagger","floor":7.0},{"not_picked":["Calculated Gamble","Flying Knee","Underhanded Strike"],"picked":"SKIP","floor":10.0},{"not_picked":["Bane","Expertise","Catalyst"],"picked":"SKIP","floor":12.0},{"not_picked":["Eviscerate","Sucker Punch","Skewer"],"picked":"SKIP","floor":13.0},{"not_picked":["Outmaneuver","Quick Slash"],"picked":"Deflect","floor":14.0},{"not_picked":["Burst","Grand Finale"],"picked":"Bullet Time","floor":16.0},{"not_picked":["Poisoned Stab+1","Blade Dance"],"picked":"Cloak And Dagger+1","floor":18.0},{"not_picked":["Footwork+1","Reflex","Flying Knee"],"picked":"SKIP","floor":19.0},{"not_picked":["Deadly Poison","Cloak And Dagger"],"picked":"Concentrate+1","floor":20.0},{"not_picked":["Deflect+1","Expertise"],"picked":"Escape Plan","floor":23.0},{"not_picked":["Leg Sweep","Prepared","Expertise"],"picked":"SKIP","floor":24.0},{"not_picked":["Expertise","Dagger Throw","Poisoned Stab"],"picked":"SKIP","floor":28.0},{"not_picked":["Slice","Well Laid Plans"],"picked":"Dash","floor":29.0},{"not_picked":["Noxious Fumes","Distraction","After Image"],"picked":"SKIP","floor":30.0},{"not_picked":["Outmaneuver","Cloak And Dagger","All Out Attack"],"picked":"SKIP","floor":31.0},{"not_picked":["Grand Finale","Corpse Explosion"],"picked":"Adrenaline","floor":33.0},{"not_picked":["Reflex","Deadly Poison"],"picked":"Endless Agony","floor":35},{"not_picked":["Master of Strategy","Flash of Steel"],"picked":"Panache","floor":36},{"not_picked":["Dagger Throw","Flying Knee+1","Crippling Poison"],"picked":"SKIP","floor":37},{"not_picked":["Sucker Punch+1","Dagger Throw","Setup+1"],"picked":"SKIP","floor":38},{"not_picked":["Caltrops+1","Storm of Steel"],"picked":"Choke+1","floor":41},{"not_picked":["Flying Knee+1","All Out Attack"],"picked":"Finisher+1","floor":44},{"not_picked":["Underhanded Strike+1","Dash"],"picked":"Dodge and Roll+1","floor":46},{"not_picked":["Underhanded Strike+1","Quick Slash+1"],"picked":"Backflip","floor":47},{"not_picked":["Outmaneuver","Skewer+1","Underhanded Strike+1"],"picked":"SKIP","floor":48}],"player_experience":350415,"relics_obtained":[{"floor":2.0,"key":"Kunai"},{"floor":9.0,"key":"Regal Pillow"},{"floor":10.0,"key":"War Paint"},{"floor":24.0,"key":"Potion Belt"},{"floor":26.0,"key":"Bag of Preparation"},{"floor":28.0,"key":"Vajra"},{"floor":30.0,"key":"The Courier"},{"floor":41,"key":"Tingsha"},{"floor":43,"key":"Torii"},{"floor":44,"key":"Bronze Scales"}],"event_choices":[{"event_name":"Golden Idol","player_choice":"Take Damage","floor":4.0,"damage_taken":0.0},{"event_name":"Addict","player_choice":"Obtained Relic","floor":21.0,"damage_taken":0.0},{"event_name":"The Joust","player_choice":"Bet on Murderer","floor":27.0,"damage_taken":0.0},{"event_name":"SensoryStone","player_choice":"Memory 2","floor":36,"damage_taken":0},{"event_name":"Winding Halls","player_choice":"Writhe","floor":42,"damage_taken":0}],"is_beta":false,"boss_relics":[{"not_picked":["Sozu","Philosopher\u0027s Stone"],"picked":"Runic Pyramid"},{"not_picked":["Velvet Choker","Snecko Eye"],"picked":"Empty Cage"}],"items_purged_floors":[5,39],"is_endless":false,"potions_floor_spawned":[1,7,12,13,19,23,24,29,33,38,46,48],"killed_by":"Time Eater","ascension_level":9}