{"gold_per_floor":[369,444,83,83,96,96,126,126,126,146,126,151,168,168],"floor_reached":14,"playtime":273,"items_purged":["Normality"],"score":196,"play_id":"18d23748-497b-4a1c-8318-0677a1be1242","local_time":"20190223033514","is_ascension_mode":true,"campfire_choices":[{"data":"Defragment","floor":6,"key":"SMITH"},{"floor":8,"key":"REST"}],"neow_cost":"CURSE","seed_source_timestamp":48264732281700,"circlet_count":0,"master_deck":["AscendersBane","Strike_B","Strike_B","Strike_B","Strike_B","Defend_B","Defend_B","Defend_B","Zap","Dualcast","Genetic Algorithm","Defragment+1","Streamline"],"relics":["Cracked Core","Runic Capacitor","Dream Catcher","Darkstone Periapt","Gremlin Horn"],"potions_floor_usage":[7,12,13],"damage_taken":[{"damage":8,"enemies":"2 Louse","floor":1,"turns":2},{"damage":16,"enemies":"Small Slimes","floor":5,"turns":5},{"damage":8,"enemies":"Gremlin Nob","floor":7,"turns":3},{"damage":1,"enemies":"Cultist","floor":10,"turns":3},{"damage":30,"enemies":"Lagavulin","floor":12,"turns":6},{"damage":7,"enemies":"Exordium Wildlife","floor":13,"turns":4},{"damage":12,"enemies":"Exordium Thugs","floor":14,"turns":1}],"seed_played":"-4786733840972799537","potions_obtained":[{"floor":1,"key":"SteroidPotion"},{"floor":5,"key":"SpeedPotion"},{"floor":11,"key":"GamblersBrew"}],"is_trial":false,"path_per_floor":["M","?","$","?","M","R","E","R","T","M","?","E","M","M"],"character_chosen":"DEFECT","items_purchased":["Runic Capacitor","Defragment"],"campfire_rested":1,"item_purchase_floors":[3,3],"current_hp_per_floor":[56,45,45,45,29,29,21,42,42,41,41,11,4,0],"gold":168,"neow_bonus":"TWO_FIFTY_GOLD","is_prod":false,"is_daily":false,"chose_seed":false,"campfire_upgraded":1,"win_rate":0,"timestamp":1550885714,"path_taken":["M","?","$","?","?","R","E","R","T","M","?","E","M","M"],"build_version":"2019-01-23","purchased_purges":1,"victory":false,"max_hp_per_floor":[71,71,71,71,71,71,71,71,71,71,71,71,71,71],"card_choices":[{"not_picked":["Compile Driver","Leap"],"picked":"Genetic Algorithm","floor":1},{"not_picked":["Beam Cell","Rebound"],"picked":"Streamline","floor":5},{"not_picked":["Scrape","Gash","Tempest"],"picked":"SKIP","floor":7},{"not_picked":["Steam Power","Gash","Darkness"],"picked":"SKIP","floor":10},{"not_picked":["Chill","Reprogram","Reinforced Body"],"picked":"SKIP","floor":12},{"not_picked":["Stack","Sunder","Rebound"],"picked":"SKIP","floor":13}],"player_experience":903669,"relics_obtained":[{"floor":7,"key":"Dream Catcher"},{"floor":9,"key":"Darkstone Periapt"},{"floor":12,"key":"Gremlin Horn"}],"event_choices":[{"damage_healed":0,"gold_gain":75,"player_choice":"Gather Gold","damage_taken":11,"max_hp_gain":0,"max_hp_loss":0,"event_name":"World of Goop","floor":2,"gold_loss":0},{"cards_removed":["Defend_B"],"damage_healed":0,"gold_gain":0,"player_choice":"Purged","damage_taken":0,"max_hp_gain":0,"max_hp_loss":0,"event_name":"Purifier","floor":4,"gold_loss":0},{"damage_healed":0,"gold_gain":0,"player_choice":"Bought 1 Potion","damage_taken":0,"max_hp_gain":0,"max_hp_loss":0,"event_name":"The Woman in Blue","floor":11,"gold_loss":0}],"is_beta":false,"boss_relics":[],"items_purged_floors":[3],"is_endless":false,"potions_floor_spawned":[1,5],"killed_by":"Exordium Thugs","ascension_level":20}