{"gold_per_floor":[114,3,78,0,14,49,49,63,63,63,63,63,83,96,96,195,195,209,220,24,24],"floor_reached":21,"playtime":510,"items_purged":[],"score":224,"play_id":"973acfd5-1dcf-44b1-a851-8081ccc60f05","local_time":"20190126145517","is_ascension_mode":true,"campfire_choices":[{"data":"Defragment","floor":7,"key":"SMITH"},{"data":"Zap","floor":10,"key":"SMITH"},{"data":"Darkness","floor":12,"key":"SMITH"},{"floor":15,"key":"REST"}],"neow_cost":"NONE","seed_source_timestamp":844181926410257,"circlet_count":0,"master_deck":["Strike_B","Strike_B","Strike_B","Strike_B","Defend_B","Defend_B","Defend_B","Defend_B","Zap+1","Dualcast","Double Energy","Self Repair","Lockon","Defragment+1","Defragment+1","Redo","Darkness+1","Go for the Eyes","Cold Snap","Buffer","Go for the Eyes+1","Conserve Battery"],"relics":["Cracked Core","NeowsBlessing","Shuriken","Kunai","Cursed Key","Membership Card"],"potions_floor_usage":[16,16,18],"damage_taken":[{"damage":0,"enemies":"Cultist","floor":1,"turns":1},{"damage":0,"enemies":"2 Louse","floor":5,"turns":1},{"damage":0,"enemies":"3 Sentries","floor":6,"turns":2},{"damage":10,"enemies":"Small Slimes","floor":8,"turns":3},{"damage":28,"enemies":"Exordium Wildlife","floor":13,"turns":5},{"damage":10,"enemies":"2 Fungi Beasts","floor":14,"turns":3},{"damage":12,"enemies":"The Guardian","floor":16,"turns":6},{"damage":44,"enemies":"3 Byrds","floor":18,"turns":5},{"damage":19,"enemies":"Shell Parasite","floor":19,"turns":7},{"damage":36,"enemies":"Cultist and Chosen","floor":21,"turns":4}],"seed_played":"6694709320085337817","potions_obtained":[{"floor":8,"key":"PowerPotion"},{"floor":13,"key":"Strength Potion"},{"floor":16,"key":"Explosive Potion"},{"floor":18,"key":"SteroidPotion"}],"is_trial":false,"path_per_floor":["M","$","?","$","M","E","R","M","T","R","?","R","M","M","R","B",null,"M","M","$","M"],"character_chosen":"DEFECT","items_purchased":["Self Repair","Lockon","Defragment","Membership Card"],"campfire_rested":1,"item_purchase_floors":[2,2,4,20],"current_hp_per_floor":[75,75,64,64,64,71,71,68,68,68,68,68,47,37,59,54,75,38,26,26,0],"gold":24,"neow_bonus":"THREE_ENEMY_KILL","is_prod":false,"is_daily":false,"chose_seed":false,"campfire_upgraded":3,"win_rate":0,"timestamp":1548532517,"path_taken":["M","$","?","$","M","E","R","M","T","R","?","R","M","M","R","BOSS","M","M","$","M"],"build_version":"2019-01-23","purchased_purges":0,"victory":false,"max_hp_per_floor":[75,75,75,75,75,75,75,75,75,75,75,75,75,75,75,75,75,75,75,75,75],"card_choices":[{"not_picked":["Compile Driver","Streamline"],"picked":"Double Energy","floor":1},{"not_picked":["Conserve Battery","Tempest"],"picked":"Defragment","floor":5},{"not_picked":["Turbo","Hello World"],"picked":"Redo","floor":6},{"not_picked":["Gash","Lockon"],"picked":"Darkness","floor":8},{"not_picked":["Leap","Stack"],"picked":"Go for the Eyes","floor":13},{"not_picked":["Creative AI","Sweeping Beam"],"picked":"Cold Snap","floor":14},{"not_picked":["Rainbow","All For One"],"picked":"Buffer","floor":16},{"not_picked":["Turbo","Streamline"],"picked":"Go for the Eyes+1","floor":18},{"not_picked":["Reprogram","Leap"],"picked":"Conserve Battery","floor":19}],"player_experience":234360,"relics_obtained":[{"floor":6,"key":"Shuriken"},{"floor":9,"key":"Kunai"}],"event_choices":[{"damage_healed":0,"gold_gain":75,"player_choice":"Gather Gold","damage_taken":11,"max_hp_gain":0,"max_hp_loss":0,"event_name":"World of Goop","floor":3,"gold_loss":0},{"damage_healed":0,"gold_gain":0,"player_choice":"Grow","damage_taken":0,"max_hp_gain":0,"max_hp_loss":0,"event_name":"Living Wall","floor":11,"gold_loss":0,"cards_upgraded":["Defragment"]}],"is_beta":false,"boss_relics":[{"not_picked":["Coffee Dripper","Philosopher\u0027s Stone"],"picked":"Cursed Key"}],"items_purged_floors":[],"is_endless":false,"potions_floor_spawned":[8,13,16,18],"killed_by":"Cultist and Chosen","ascension_level":2}