{"path_per_floor":["M","M","?","$","M","R","M","M","T","R","E","R","$","?","R","B",null,"M","$","?","M","M","R","M","M","T","R","T","E","$","M","R","B",null,"M","M","M","$","M","R","E"],"character_chosen":"DEFECT","items_purchased":["Storm","Electrodynamics","Heatsinks","Loop"],"gold_per_floor":[113,130,130,60,70,70,80,97,121,121,152,152,7,7,7,110,110,130,50,50,66,76,76,90,105,128,128,175,201,162,182,182,279,279,293,303,314,239,253,253,282,282],"floor_reached":42,"campfire_rested":6,"playtime":1310,"item_purchase_floors":[4,13,19,30],"current_hp_per_floor":[74,72,65,65,58,58,38,24,24,46,19,41,41,41,63,63,75,75,75,75,61,38,60,64,37,37,59,59,61,61,61,61,6,75,53,11,31,31,37,59,26,0],"items_purged":["Decay"],"gold":282,"score":575,"play_id":"e8afedf9-ec7c-4046-923d-f83cc369cc74","local_time":"20180601211622","is_prod":false,"is_daily":false,"chose_seed":false,"is_ascension_mode":true,"campfire_upgraded":2,"win_rate":0,"timestamp":1527851782,"campfire_choices":[{"data":"Storm","floor":6,"key":"SMITH"},{"floor":10,"key":"REST"},{"floor":12,"key":"REST"},{"floor":15,"key":"REST"},{"floor":23,"key":"REST"},{"floor":27,"key":"REST"},{"data":"Buffer","floor":32,"key":"SMITH"},{"floor":40,"key":"REST"}],"path_taken":["M","?","?","?","M","R","M","?","T","R","E","R","$","?","R","BOSS","M","$","?","M","?","R","?","M","T","R","?","E","?","?","R","BOSS","M","M","?","?","?","R","E","M"],"build_version":"2018-05-31","seed_source_timestamp":116552596919980,"purchased_purges":1,"victory":false,"master_deck":["Strike_B","Strike_B","Strike_B","Strike_B","Defend_B+1","Defend_B","Defend_B","Defend_B","Zap","Dualcast+1","Buffer+1","Stack","Electrodynamics","Storm+1","Barrage","Consume","Redo","Echo Form","Electrodynamics","Biased Cognition","Consume","Heatsinks","Conserve Battery+1","Self Repair+1","Ball Lightning","Ball Lightning","Decay","Auto Shields","Loop","Redo","Buffer","Compile Driver+1","Leap","Redo+1"],"max_hp_per_floor":[75,75,75,75,75,75,75,75,75,75,75,75,75,75,75,75,75,75,75,75,75,75,75,75,75,75,75,75,75,75,75,75,75,75,75,75,75,75,75,75,75,75],"relics":["Cracked Core","Pen Nib","War Paint","Ancient Tea Set","Cursed Key","Blood Vial","Bronze Scales","Mercury Hourglass","Inserter","Molten Egg 2"],"card_choices":[{"not_picked":["Turbo","Rebound"],"picked":"Stack","floor":1},{"not_picked":["Ball Lightning","Darkness"],"picked":"Electrodynamics","floor":2},{"not_picked":["Gash","Consume"],"picked":"Barrage","floor":5},{"not_picked":["Beam Cell","Go for the Eyes"],"picked":"Consume","floor":7},{"not_picked":["Turbo","Cold Snap"],"picked":"Redo","floor":8},{"not_picked":["Undo","Cold Snap"],"picked":"Echo Form","floor":11},{"not_picked":["Multi-Cast","Meteor Strike"],"picked":"Biased Cognition","floor":16},{"not_picked":["Chill","Barrage"],"picked":"Consume","floor":18},{"not_picked":["Reprogram","Turbo"],"picked":"Conserve Battery+1","floor":21},{"not_picked":["Redo","Undo"],"picked":"Self Repair+1","floor":22},{"not_picked":["Tempest","Rebound+1"],"picked":"Ball Lightning","floor":24},{"not_picked":["Go for the Eyes","FTL"],"picked":"Ball Lightning","floor":25},{"not_picked":["Core Surge","Stack"],"picked":"Auto Shields","floor":29},{"not_picked":["Reinforced Body","Stack"],"picked":"Redo","floor":31},{"not_picked":["Electrodynamics","Multi-Cast"],"picked":"Buffer","floor":33},{"not_picked":["Streamline","Turbo+1"],"picked":"Compile Driver+1","floor":35},{"not_picked":["Beam Cell+1","Turbo+1","Scrape"],"picked":"SKIP","floor":36},{"not_picked":["Darkness+1","Coolheaded","Turbo+1"],"picked":"SKIP","floor":37},{"not_picked":["Beam Cell+1","Gash+1"],"picked":"Leap","floor":39},{"not_picked":["Stack+1","Gash"],"picked":"Redo+1","floor":41}],"player_experience":134779,"potions_floor_usage":[29,29,29,41,42,42],"damage_taken":[{"damage":1,"enemies":"Cultist","floor":1,"turns":3},{"damage":2,"enemies":"2 Louse","floor":2,"turns":3},{"damage":7,"enemies":"Jaw Worm","floor":5,"turns":4},{"damage":20,"enemies":"Exordium Thugs","floor":7,"turns":3},{"damage":14,"enemies":"Exordium Wildlife","floor":8,"turns":3},{"damage":27,"enemies":"Lagavulin","floor":11,"turns":5},{"damage":0,"enemies":"Slime Boss","floor":16,"turns":4},{"damage":0,"enemies":"Spheric Guardian","floor":18,"turns":2},{"damage":14,"enemies":"2 Thieves","floor":21,"turns":3},{"damage":23,"enemies":"Centurion and Healer","floor":22,"turns":2},{"damage":6,"enemies":"Sentry and Sphere","floor":24,"turns":4},{"damage":27,"enemies":"Snake Plant","floor":25,"turns":3},{"damage":10,"enemies":"Gremlin Leader","floor":29,"turns":4},{"damage":2,"enemies":"3 Cultists","floor":31,"turns":2},{"damage":57,"enemies":"Automaton","floor":33,"turns":7},{"damage":22,"enemies":"Orb Walker","floor":35,"turns":3},{"damage":44,"enemies":"3 Darklings","floor":36,"turns":4},{"damage":2,"enemies":"Maw","floor":37,"turns":6},{"damage":6,"enemies":"Sphere and 2 Shapes","floor":39,"turns":5},{"damage":45,"enemies":"2 Orb Walkers","floor":41,"turns":3},{"damage":29,"enemies":"3 Darklings","floor":42,"turns":1}],"relics_obtained":[{"floor":9,"key":"War Paint"},{"floor":11,"key":"Ancient Tea Set"},{"floor":26,"key":"Blood Vial"},{"floor":28,"key":"Bronze Scales"},{"floor":29,"key":"Mercury Hourglass"},{"floor":41,"key":"Molten Egg 2"}],"event_choices":[{"event_name":"Scrap Ooze","player_choice":"success","floor":3,"damage_taken":7},{"event_name":"Shining Light","player_choice":"Ignored","floor":14,"damage_taken":0},{"event_name":"Addict","player_choice":"Ignored","floor":20,"damage_taken":0}],"boss_relics":[{"not_picked":["Nuclear Battery","Pandora\u0027s Box"],"picked":"Cursed Key"},{"not_picked":["Black Star","Lizard Tail"],"picked":"Inserter"}],"items_purged_floors":[38],"potions_floor_spawned":[8,11,16,21,22,33,35,36,37],"seed_played":"4532394471155593023","killed_by":"3 Darklings","ascension_level":3,"potions_obtained":[{"floor":8,"key":"Explosive Potion"},{"floor":11,"key":"Explosive Potion"},{"floor":16,"key":"Explosive Potion"},{"floor":33,"key":"Swift Potion"},{"floor":35,"key":"AttackPotion"},{"floor":36,"key":"SpeedPotion"}],"is_trial":false}