{"gold_per_floor":[109,109,12,28,28,28,203,229,283,283,303,27,45,45,45,141,141,153,167,167,167,48,73,73,83,83,43,43,55,55,74,74,176,176,194,2,2,22,22],"floor_reached":39,"playtime":2093,"items_purged":["Doubt"],"score":422,"play_id":"42b0ce6c-c9d3-4c82-8dba-a706bbfdb7ae","local_time":"20190121160757","is_ascension_mode":false,"campfire_choices":[{"data":"Bandage Up","floor":6,"key":"SMITH"},{"data":"Leg Sweep","floor":10,"key":"SMITH"},{"data":"Deflect","floor":15,"key":"SMITH"},{"floor":28,"key":"REST"},{"floor":30,"key":"REST"},{"floor":32,"key":"REST"}],"neow_cost":"NONE","seed_source_timestamp":414946407778494,"circlet_count":0,"master_deck":["Survivor","Neutralize","Leg Sweep+1","Bandage Up+1","Deflect+1","All Out Attack","Flying Knee","Cloak And Dagger","Adrenaline","Poisoned Stab","Slice+1","Deadly Poison","Discovery","After Image","Necronomicurse","Poisoned Stab","Footwork","Well Laid Plans","Infinite Blades+1","Bullet Time","Accuracy","Flying Knee","Well Laid Plans","Predator","Dagger Throw","Prepared","Blade Dance","Bullet Time","Well Laid Plans","Glass Knife","Skewer+1","Backflip","Dash"],"relics":["Ring of the Serpent","NeowsBlessing","NlothsMask","Anchor","ClockworkSouvenir","Potion Belt","Dodecahedron","Necronomicon","Pandora\u0027s Box","Blood Vial","Tingsha"],"potions_floor_usage":[16,18,18,33,33],"damage_taken":[{"damage":0,"enemies":"Small Slimes","floor":1,"turns":1},{"damage":0,"enemies":"Cultist","floor":4,"turns":1},{"damage":0,"enemies":"Gremlin Nob","floor":8,"turns":1},{"damage":0,"enemies":"2 Louse","floor":11,"turns":2},{"damage":0,"enemies":"Looter","floor":13,"turns":4},{"damage":51,"enemies":"Slime Boss","floor":16,"turns":28},{"damage":8,"enemies":"Spheric Guardian","floor":18,"turns":14},{"damage":0,"enemies":"2 Thieves","floor":19,"turns":5},{"damage":27,"enemies":"Gremlin Leader","floor":23,"turns":7},{"damage":24,"enemies":"Snake Plant","floor":25,"turns":6},{"damage":11,"enemies":"Snecko","floor":29,"turns":6},{"damage":2,"enemies":"Centurion and Healer","floor":31,"turns":12},{"damage":2,"enemies":"Champ","floor":33,"turns":11},{"damage":67,"enemies":"3 Shapes","floor":35,"turns":5},{"damage":5,"enemies":"Orb Walker","floor":38,"turns":3},{"damage":23,"enemies":"Jaw Worm Horde","floor":39,"turns":2}],"seed_played":"-3069251191116183850","potions_obtained":[{"floor":1,"key":"Energy Potion"},{"floor":8,"key":"Block Potion"},{"floor":16,"key":"Block Potion"},{"floor":29,"key":"SkillPotion"},{"floor":31,"key":"SteroidPotion"}],"is_trial":false,"path_per_floor":["M","?","$","M","$","R","?","E","T","R","M","$","M","?","R","B",null,"M","M","?","?","$","E","?","M","T","$","R","M","R","M","R","B",null,"M","$","?","M","M"],"character_chosen":"THE_SILENT","items_purchased":["Bandage Up","ClockworkSouvenir","Discovery","Prepared","Footwork","Blood Vial","Backflip"],"campfire_rested":3,"item_purchase_floors":[3,12,22,22,27,36,36],"current_hp_per_floor":[70,70,70,70,70,70,70,70,70,70,70,70,70,70,70,25,70,68,70,70,70,70,49,33,15,15,15,36,31,52,56,70,68,70,9,9,9,6,0],"gold":22,"neow_bonus":"THREE_ENEMY_KILL","is_prod":false,"is_daily":false,"chose_seed":false,"campfire_upgraded":3,"win_rate":0,"timestamp":1548104877,"path_taken":["M","?","?","M","$","R","?","E","T","R","M","$","M","?","R","BOSS","M","?","?","?","$","E","?","?","T","$","R","M","R","M","R","BOSS","M","$","?","M","?"],"build_version":"2019-01-17v2","purchased_purges":1,"victory":false,"max_hp_per_floor":[70,70,70,70,70,70,70,70,70,70,70,70,70,70,70,70,70,70,70,70,70,70,70,70,70,70,70,70,70,70,70,70,70,70,70,70,70,70,70],"card_choices":[{"not_picked":["Caltrops","Skewer"],"picked":"Leg Sweep","floor":1},{"not_picked":["Acrobatics","Expertise"],"picked":"Deflect","floor":4},{"not_picked":["Backstab","PiercingWail"],"picked":"All Out Attack","floor":8},{"not_picked":["Prepared","Slice"],"picked":"Flying Knee","floor":11},{"not_picked":["Slice","Finisher"],"picked":"Cloak And Dagger","floor":13},{"not_picked":["Doppelganger","Glass Knife"],"picked":"Adrenaline","floor":16},{"not_picked":["Dagger Spray","All Out Attack+1"],"picked":"Poisoned Stab","floor":18},{"not_picked":["Deflect","Catalyst"],"picked":"Slice+1","floor":19},{"not_picked":["Concentrate+1","Infinite Blades"],"picked":"After Image","floor":23},{"not_picked":["Acrobatics","Dagger Throw"],"picked":"Poisoned Stab","floor":25},{"not_picked":["Dagger Throw+1","Backflip"],"picked":"Well Laid Plans","floor":29},{"not_picked":["Reflex+1","Slice"],"picked":"Infinite Blades+1","floor":31},{"not_picked":["Venomology","Night Terror"],"picked":"Bullet Time","floor":33},{"not_picked":["Prepared","Blade Dance"],"picked":"Skewer+1","floor":35},{"not_picked":["Infinite Blades","Deadly Poison+1"],"picked":"Dash","floor":38}],"player_experience":159423,"relics_obtained":[{"floor":8,"key":"Anchor"},{"floor":23,"key":"Dodecahedron"},{"floor":24,"key":"Necronomicon"}],"event_choices":[{"damage_healed":0,"gold_gain":0,"player_choice":"Trade","damage_taken":0,"relics_obtained":["NlothsMask"],"max_hp_gain":0,"max_hp_loss":0,"event_name":"FaceTrader","floor":2,"gold_loss":0},{"damage_healed":0,"gold_gain":175,"player_choice":"AGREE","damage_taken":0,"max_hp_gain":0,"max_hp_loss":0,"event_name":"Liars Game","floor":7,"gold_loss":0,"cards_obtained":["Doubt"]},{"damage_healed":0,"gold_gain":0,"player_choice":"0 cards matched","damage_taken":0,"max_hp_gain":0,"max_hp_loss":0,"event_name":"Match and Keep!","floor":14,"gold_loss":0,"cards_obtained":[]},{"damage_healed":0,"gold_gain":0,"player_choice":"Read","damage_taken":0,"max_hp_gain":0,"max_hp_loss":0,"event_name":"The Library","floor":20,"gold_loss":0,"cards_obtained":["Deadly Poison"]},{"damage_healed":0,"gold_gain":0,"player_choice":"Opened","damage_taken":0,"relics_obtained":["Potion Belt"],"max_hp_gain":0,"max_hp_loss":0,"event_name":"The Mausoleum","floor":21,"gold_loss":0},{"damage_healed":0,"gold_gain":0,"player_choice":"Obtained Book","damage_taken":16,"max_hp_gain":0,"max_hp_loss":0,"event_name":"Cursed Tome","floor":24,"gold_loss":0},{"cards_removed":["Prepared"],"damage_healed":0,"gold_gain":0,"player_choice":"Gave Card","damage_taken":0,"relics_obtained":["Tingsha"],"max_hp_gain":0,"max_hp_loss":0,"event_name":"WeMeetAgain","floor":37,"gold_loss":0}],"is_beta":false,"boss_relics":[{"not_picked":["Sozu","Velvet Choker"],"picked":"Ring of the Serpent"},{"not_picked":["Fusion Hammer","Cursed Key"],"picked":"Pandora\u0027s Box"}],"items_purged_floors":[12],"is_endless":false,"potions_floor_spawned":[1,8,16,29,31],"killed_by":"Jaw Worm Horde","ascension_level":0}