{"gold_per_floor":[115,125,50,69,69,69,96,96,96,51,51,51,69,104,104,201,201,221,189,289,289,307,307,325,104,104,104,124,124,140,174,174,273,273,292,308,104,122,122,122,154,4,50,50,150,166,166,177,177,177,177,177,21,52,52],"floor_reached":55,"playtime":4698,"items_purged":["Strike_R","Strike_R","Strike_R","Defend_R"],"score":814,"play_id":"d9b58e9e-12d0-4fc7-8000-41b8ed17bdaf","local_time":"20190220211937","is_ascension_mode":true,"campfire_choices":[{"data":"Body Slam","floor":6.0,"key":"SMITH"},{"data":"Uppercut","floor":12.0,"key":"SMITH"},{"floor":15.0,"key":"RECALL"},{"data":"Pommel Strike","floor":23.0,"key":"SMITH"},{"floor":27.0,"key":"REST"},{"data":"Shockwave","floor":32,"key":"SMITH"},{"data":"Barricade","floor":40,"key":"SMITH"},{"data":"Shrug It Off","floor":44,"key":"SMITH"},{"data":"Defend_R","floor":47,"key":"PURGE"},{"data":"Defend_R","floor":49,"key":"PURGE"},{"data":"Impervious","floor":52,"key":"SMITH"}],"neow_cost":"NONE","seed_source_timestamp":0,"circlet_count":0,"master_deck":["Strike_R","Bash","Body Slam+1","Ghostly Armor","Uppercut+1","Pommel Strike+1","Impervious+1","Armaments+1","Shrug It Off+1","Shrug It Off","Shockwave+1","Barricade+1","Body Slam+1"],"special_seed":0,"relics":["Burning Blood","NeowsBlessing","Pear","Paper Frog","Lizard Tail","Ginger","Bottled Lightning","Torii","Kunai","Coffee Dripper","Blue Candle","Bag of Marbles","Peace Pipe","Oddly Smooth Stone","Red Skull"],"potions_floor_usage":[33,33,38,41,55,55],"damage_taken":[{"damage":0.0,"enemies":"Cultist","floor":1.0,"turns":1.0},{"damage":0.0,"enemies":"Jaw Worm","floor":2.0,"turns":1.0},{"damage":0.0,"enemies":"Small Slimes","floor":4.0,"turns":1.0},{"damage":20.0,"enemies":"Gremlin Nob","floor":7.0,"turns":5.0},{"damage":2.0,"enemies":"2 Fungi Beasts","floor":13.0,"turns":4.0},{"damage":12.0,"enemies":"Lagavulin","floor":14.0,"turns":7.0},{"damage":21.0,"enemies":"Slime Boss","floor":16.0,"turns":7.0},{"damage":28.0,"enemies":"Spheric Guardian","floor":18.0,"turns":8.0},{"damage":16.0,"enemies":"2 Thieves","floor":19.0,"turns":5.0},{"damage":22.0,"enemies":"Colosseum Slavers","floor":20.0,"turns":5.0},{"damage":21.0,"enemies":"Colosseum Nobs","floor":20.0,"turns":7.0},{"damage":5.0,"enemies":"Snake Plant","floor":22.0,"turns":4.0},{"damage":12.0,"enemies":"Centurion and Healer","floor":24.0,"turns":9.0},{"damage":0.0,"enemies":"Snecko","floor":28.0,"turns":2.0},{"damage":18.0,"enemies":"3 Cultists","floor":30.0,"turns":8.0},{"damage":51.0,"enemies":"Slavers","floor":31.0,"turns":13.0},{"damage":15,"enemies":"Champ","floor":33,"turns":19},{"damage":0,"enemies":"Orb Walker","floor":35,"turns":3},{"damage":16,"enemies":"3 Darklings","floor":36,"turns":9},{"damage":67,"enemies":"Transient","floor":38,"turns":5},{"damage":0,"enemies":"Giant Head","floor":41,"turns":10},{"damage":0,"enemies":"Mind Bloom Boss Battle","floor":45,"turns":5},{"damage":1,"enemies":"Jaw Worm Horde","floor":46,"turns":6},{"damage":11,"enemies":"Sphere and 2 Shapes","floor":48,"turns":8},{"damage":0,"enemies":"Time Eater","floor":50,"turns":8},{"damage":31,"enemies":"Shield and Spear","floor":54,"turns":6},{"damage":69,"enemies":"The Heart","floor":55,"turns":9}],"seed_played":"5575718686449860548","potions_obtained":[{"floor":1.0,"key":"Weak Potion"},{"floor":7.0,"key":"SkillPotion"},{"floor":16.0,"key":"Fire Potion"},{"floor":18.0,"key":"Explosive Potion"},{"floor":22.0,"key":"Energy Potion"},{"floor":28.0,"key":"LiquidBronze"},{"floor":31.0,"key":"Ancient Potion"},{"floor":36,"key":"Strength Potion"},{"floor":38,"key":"Energy Potion"},{"floor":48,"key":"SpeedPotion"}],"is_trial":false,"path_per_floor":["M","M","$","M","$","R","E","?","T","$","?","R","M","E","R","B",null,"M","M","?","?","M","R","M","$","T","R","M","?","M","E","R","B",null,"M","M","$","M","?","R","E","$","T","R","?","M","R","M","R","B",null,"R","$","E","B"],"character_chosen":"IRONCLAD","items_purchased":["Pommel Strike","Shrug It Off","Shockwave","Regen Potion","Oddly Smooth Stone"],"campfire_rested":1,"item_purchase_floors":[10,25,25,37,53],"current_hp_per_floor":[80,80,80,80,80,80,76,69,69,69,69,69,73,67,67,52,90,68,58,27,27,28,28,22,22,22,49,55,55,43,51,51,42,90,90,80,80,28,28,28,34,34,34,34,40,45,45,40,40,46,90,90,90,65,0],"gold":52,"neow_bonus":"THREE_ENEMY_KILL","is_prod":false,"is_daily":false,"chose_seed":false,"campfire_upgraded":7,"win_rate":0,"timestamp":1550693977,"path_taken":["M","M","$","?","?","R","E","?","T","$","?","R","M","E","R","BOSS","M","M","?","?","M","R","?","$","T","R","M","?","M","E","R","BOSS","M","M","$","M","?","R","E","?","T","R","?","M","R","M","R","BOSS","R","$","E","BOSS"],"build_version":"2019-01-23","purchased_purges":4,"victory":false,"max_hp_per_floor":[80,80,80,80,80,80,90,90,90,90,90,90,90,90,90,90,90,90,90,90,90,90,90,90,90,90,90,90,90,90,90,90,90,90,90,90,90,90,90,90,90,90,90,90,90,90,90,90,90,90,90,90,90,90,90],"card_choices":[{"not_picked":["Power Through","Evolve","Battle Trance"],"picked":"SKIP","floor":1.0},{"not_picked":["Sentinel","Searing Blow"],"picked":"Body Slam","floor":2.0},{"not_picked":["Anger","Flex"],"picked":"Ghostly Armor","floor":4.0},{"not_picked":["Dropkick","Iron Wave"],"picked":"Uppercut","floor":7.0},{"not_picked":["Wild Strike","Infernal Blade","Fire Breathing"],"picked":"SKIP","floor":13.0},{"not_picked":["Perfected Strike","Reckless Charge","Juggernaut"],"picked":"SKIP","floor":14.0},{"not_picked":["Reaper","Fiend Fire"],"picked":"Impervious","floor":16.0},{"not_picked":["Wild Strike","Rupture","Cleave+1"],"picked":"SKIP","floor":18.0},{"not_picked":["Wild Strike","Headbutt"],"picked":"Armaments+1","floor":19.0},{"not_picked":["Anger","Brutality"],"picked":"Shrug It Off","floor":20.0},{"not_picked":["Twin Strike","Whirlwind+1","Sever Soul"],"picked":"SKIP","floor":22.0},{"not_picked":["Anger","Thunderclap","Armaments"],"picked":"SKIP","floor":24.0},{"not_picked":["Warcry+1","Corruption","Clothesline"],"picked":"SKIP","floor":28.0},{"not_picked":["Infernal Blade+1","Heavy Blade","Iron Wave"],"picked":"SKIP","floor":30.0},{"not_picked":["Impervious","Armaments"],"picked":"Barricade","floor":31.0},{"not_picked":["Wild Strike","Clash+1","Pommel Strike"],"picked":"SKIP","floor":35},{"not_picked":["Fire Breathing","Sword Boomerang+1","Wild Strike+1"],"picked":"SKIP","floor":36},{"not_picked":["Pommel Strike","Seeing Red+1","Havoc+1"],"picked":"SKIP","floor":38},{"not_picked":["Thunderclap","Perfected Strike+1","Twin Strike"],"picked":"SKIP","floor":41},{"not_picked":["Headbutt+1","Carnage","Searing Blow"],"picked":"SKIP","floor":46},{"not_picked":["Twin Strike","Heavy Blade"],"picked":"Body Slam+1","floor":48},{"not_picked":["Iron Wave","Pommel Strike+1","Limit Break"],"picked":"SKIP","floor":54}],"player_experience":201779,"relics_obtained":[{"floor":7.0,"key":"Pear"},{"floor":14.0,"key":"Paper Frog"},{"floor":20.0,"key":"Ginger"},{"floor":20.0,"key":"Bottled Lightning"},{"floor":26.0,"key":"Torii"},{"floor":31.0,"key":"Kunai"},{"floor":41,"key":"Blue Candle"},{"floor":43,"key":"Bag of Marbles"},{"floor":45,"key":"Peace Pipe"},{"floor":54,"key":"Red Skull"}],"event_choices":[{"cards_removed":["Strike_R"],"damage_healed":0.0,"max_hp_gain":0.0,"max_hp_loss":0.0,"gold_gain":0.0,"event_name":"Golden Wing","player_choice":"Card Removal","floor":8.0,"gold_loss":0.0,"damage_taken":7.0},{"damage_healed":0.0,"max_hp_gain":0.0,"max_hp_loss":0.0,"gold_gain":0.0,"event_name":"Liars Game","player_choice":"Ignored","floor":11.0,"gold_loss":0.0,"damage_taken":0.0},{"damage_healed":0.0,"max_hp_gain":0.0,"max_hp_loss":0.0,"gold_gain":0.0,"event_name":"Colosseum","player_choice":"Fight","floor":20.0,"gold_loss":0.0,"damage_taken":0.0},{"damage_healed":0.0,"max_hp_gain":0.0,"max_hp_loss":0.0,"gold_gain":0.0,"event_name":"Colosseum","player_choice":"Fought Nobs","floor":20.0,"gold_loss":0.0,"damage_taken":0.0},{"cards_removed":["Defend_R"],"damage_healed":0.0,"max_hp_gain":0.0,"max_hp_loss":0.0,"gold_gain":0.0,"event_name":"Wheel of Change","player_choice":"Card Removal","floor":21.0,"gold_loss":0.0,"damage_taken":0.0},{"damage_healed":0.0,"max_hp_gain":0.0,"max_hp_loss":0.0,"gold_gain":0.0,"event_name":"Cursed Tome","player_choice":"Ignored","floor":29.0,"gold_loss":0.0,"damage_taken":0.0},{"damage_healed":0,"gold_gain":0,"player_choice":"Ignored","damage_taken":0,"max_hp_gain":0,"max_hp_loss":0,"event_name":"NoteForYourself","floor":39,"gold_loss":0},{"damage_healed":0,"gold_gain":0,"player_choice":"Fight","damage_taken":0,"max_hp_gain":0,"max_hp_loss":0,"event_name":"MindBloom","floor":45,"gold_loss":0}],"is_beta":false,"boss_relics":[{"not_picked":["Mark of Pain","Calling Bell"],"picked":"Lizard Tail"},{"not_picked":["Velvet Choker","Philosopher\u0027s Stone"],"picked":"Coffee Dripper"}],"items_purged_floors":[3,25,37,42],"is_endless":false,"potions_floor_spawned":[1,7,16,18,22,28,31,36,38,48],"killed_by":"The Heart","ascension_level":1}