{"gold_per_floor":[113,38,56,131,131,131,142,54,103,127,139,172,196,208,220,232],"floor_reached":16,"playtime":1073,"items_purged":["Strike_G"],"score":163,"play_id":"517622cb-67ff-455e-969e-ad46e766ce5c","local_time":"20190103181027","is_ascension_mode":true,"campfire_choices":[{"data":"Deflect","floor":6,"key":"SMITH"},{"data":"Tools of the Trade","floor":11,"key":"SMITH"},{"floor":15,"key":"REST"}],"neow_cost":"NONE","seed_source_timestamp":16386180654548,"circlet_count":0,"master_deck":["AscendersBane","Defend_G","Defend_G","Defend_G","Defend_G","Defend_G","Strike_G","Strike_G","Strike_G","Survivor","Neutralize","Infinite Blades","Deflect+1","Expertise","Calculated Gamble","Tools of the Trade+1","Cloak And Dagger"],"relics":["Ring of the Snake","Juzu Bracelet","MawBank","Odd Mushroom","Oddly Smooth Stone"],"potions_floor_usage":[12,13,16,16],"damage_taken":[{"damage":7,"enemies":"Small Slimes","floor":1,"turns":6},{"damage":3,"enemies":"Jaw Worm","floor":3,"turns":5},{"damage":0,"enemies":"Cultist","floor":7,"turns":5},{"damage":41,"enemies":"The Mushroom Lair","floor":12,"turns":8},{"damage":0,"enemies":"Exordium Thugs","floor":13,"turns":5},{"damage":48,"enemies":"Hexaghost","floor":16,"turns":18}],"seed_played":"-6285610111389602740","potions_obtained":[{"floor":1,"key":"FearPotion"},{"floor":3,"key":"Regen Potion"},{"floor":12,"key":"Fire Potion"},{"floor":13,"key":"Fire Potion"}],"is_trial":false,"path_per_floor":["M","$","M","?","?","R","M","$","T","T","R","?","M","?","R","B"],"character_chosen":"THE_SILENT","items_purchased":["Tools of the Trade"],"campfire_rested":1,"item_purchase_floors":[8],"current_hp_per_floor":[58,58,55,44,44,44,44,44,44,44,44,18,18,18,39,0],"gold":232,"neow_bonus":"TEN_PERCENT_HP_BONUS","is_prod":false,"is_daily":false,"chose_seed":false,"campfire_upgraded":2,"win_rate":0,"timestamp":1546535427,"path_taken":["M","$","M","?","?","R","M","$","T","?","R","?","M","?","R","BOSS"],"build_version":"2018-12-20","purchased_purges":1,"victory":false,"max_hp_per_floor":[72,72,72,72,72,72,72,72,72,72,72,72,72,72,72,72],"card_choices":[{"not_picked":["Acrobatics","Bouncing Flask"],"picked":"Infinite Blades","floor":1},{"not_picked":["Sucker Punch","Underhanded Strike"],"picked":"Deflect","floor":3},{"not_picked":["Tactician","Bane"],"picked":"Calculated Gamble","floor":7},{"not_picked":["Quick Slash","Heel Hook"],"picked":"Cloak And Dagger","floor":12},{"not_picked":["Dagger Throw","Flying Knee","Outmaneuver"],"picked":"SKIP","floor":13}],"player_experience":694214,"relics_obtained":[{"floor":9,"key":"Juzu Bracelet"},{"floor":10,"key":"MawBank"},{"floor":12,"key":"Odd Mushroom"}],"event_choices":[{"damage_healed":0,"gold_gain":75,"player_choice":"Gather Gold","damage_taken":11,"max_hp_gain":0,"max_hp_loss":0,"event_name":"World of Goop","floor":4,"gold_loss":0},{"damage_healed":0,"gold_gain":0,"cards_transformed":["Strike_G"],"player_choice":"Change","damage_taken":0,"max_hp_gain":0,"max_hp_loss":0,"event_name":"Living Wall","floor":5,"gold_loss":0,"cards_obtained":["Expertise"]},{"damage_healed":0,"gold_gain":0,"player_choice":"Fought Mushrooms","damage_taken":0,"max_hp_gain":0,"max_hp_loss":0,"event_name":"Mushrooms","floor":12,"gold_loss":0},{"damage_healed":0,"gold_gain":0,"player_choice":"Searched \u00271\u0027 times","damage_taken":0,"relics_obtained":["Oddly Smooth Stone"],"max_hp_gain":0,"max_hp_loss":0,"event_name":"Dead Adventurer","floor":14,"gold_loss":0}],"is_beta":false,"boss_relics":[],"items_purged_floors":[2],"is_endless":false,"potions_floor_spawned":[1,3,12,13],"killed_by":"Hexaghost","ascension_level":17}