{"gold_per_floor":[118,36,36,49,63,63,63,75,147,166,192,203,216,216],"floor_reached":14,"playtime":481,"items_purged":[],"score":94,"play_id":"d174cac9-aa31-403b-a3c8-6a2fc86edd06","local_time":"20190124070704","is_ascension_mode":false,"campfire_choices":[{"floor":6,"key":"RECALL"}],"neow_cost":"NONE","seed_source_timestamp":643311053179545,"circlet_count":0,"master_deck":["Strike_B","Strike_B","Strike_B","Defend_B","Defend_B","Defend_B","Defend_B","Zap","Dualcast","Deep Breath","Ball Lightning","FTL","White Noise","Streamline","White Noise","Go for the Eyes","Double Energy","Reinforced Body","Hologram"],"relics":["Cracked Core","Strawberry"],"potions_floor_usage":[11],"damage_taken":[{"damage":0,"enemies":"Small Slimes","floor":1,"turns":3},{"damage":1,"enemies":"Jaw Worm","floor":4,"turns":2},{"damage":0,"enemies":"Cultist","floor":5,"turns":3},{"damage":19,"enemies":"Exordium Wildlife","floor":8,"turns":3},{"damage":16,"enemies":"Large Slime","floor":10,"turns":4},{"damage":25,"enemies":"Lagavulin","floor":11,"turns":5},{"damage":8,"enemies":"2 Fungi Beasts","floor":12,"turns":3},{"damage":14,"enemies":"Exordium Wildlife","floor":13,"turns":4},{"damage":5,"enemies":"Gremlin Gang","floor":14,"turns":2}],"seed_played":"5823678598171569345","potions_obtained":[{"floor":1,"key":"Swift Potion"},{"floor":10,"key":"PowerPotion"},{"floor":11,"key":"AttackPotion"}],"is_trial":false,"path_per_floor":["M","$","?","M","M","R","?","M","T","M","E","M","M","M"],"character_chosen":"DEFECT","items_purchased":["FTL"],"campfire_rested":0,"item_purchase_floors":[2],"current_hp_per_floor":[75,75,80,79,79,79,79,60,60,44,26,18,4,0],"gold":216,"neow_bonus":"RANDOM_COLORLESS","is_prod":false,"is_daily":false,"chose_seed":false,"campfire_upgraded":0,"win_rate":0,"timestamp":1548331624,"path_taken":["M","$","?","M","M","R","?","M","T","M","E","M","?","M"],"build_version":"2019-01-23","purchased_purges":0,"victory":false,"max_hp_per_floor":[75,75,80,80,80,80,80,80,80,80,87,87,87,87],"card_choices":[{"not_picked":["Tempest","Steam Power"],"picked":"Ball Lightning","floor":1},{"not_picked":["Go for the Eyes","Beam Cell"],"picked":"White Noise","floor":4},{"not_picked":["Cold Snap","Rainbow"],"picked":"Streamline","floor":5},{"not_picked":["Coolheaded","Doom and Gloom"],"picked":"White Noise","floor":8},{"not_picked":["Steam Power","Heatsinks"],"picked":"Go for the Eyes","floor":10},{"not_picked":["Stack","Turbo"],"picked":"Double Energy","floor":11},{"not_picked":["Sunder","Steam"],"picked":"Reinforced Body","floor":12},{"not_picked":["Leap","Sweeping Beam"],"picked":"Hologram","floor":13}],"player_experience":201812,"relics_obtained":[{"floor":11,"key":"Strawberry"}],"event_choices":[{"damage_healed":0,"gold_gain":0,"player_choice":"Donut","damage_taken":0,"max_hp_gain":5,"max_hp_loss":0,"event_name":"Big Fish","floor":3,"gold_loss":0},{"cards_removed":["Strike_B"],"damage_healed":0,"gold_gain":0,"player_choice":"Offered Basic","damage_taken":0,"max_hp_gain":0,"max_hp_loss":0,"event_name":"Bonfire Elementals","floor":7,"gold_loss":0}],"is_beta":false,"boss_relics":[],"items_purged_floors":[],"is_endless":false,"potions_floor_spawned":[1,10,11],"killed_by":"Gremlin Gang","ascension_level":0}