{"gold_per_floor":[113,8,108,125,31,31,61,78,105,105,122,122,152,171,171,267,267,278,5,5,17,34,34,63,13,13,27,27,27,27,38,38,134,134,153,153,75,85,85,85,85,102,102,102,114,147,147,0,0,0],"floor_reached":50,"playtime":1789,"items_purged":["Doubt"],"score":734,"play_id":"b6e66b14-7693-4746-bf6e-ab69b99cbfb1","local_time":"20190209035610","is_ascension_mode":true,"campfire_choices":[{"data":"White Noise","floor":6,"key":"SMITH"},{"data":"Zap","floor":10,"key":"SMITH"},{"floor":15,"key":"REST"},{"floor":23,"key":"REST"},{"floor":29,"key":"REST"},{"floor":32,"key":"REST"},{"data":"Madness","floor":40,"key":"SMITH"},{"floor":44,"key":"REST"},{"floor":47,"key":"REST"},{"floor":49,"key":"REST"}],"neow_cost":"NONE","seed_source_timestamp":2013006621075748,"circlet_count":0,"master_deck":["Strike_B","Strike_B","Strike_B","Strike_B","Defend_B","Defend_B","Defend_B","Defend_B","Zap+1","Dualcast","Melter","Hello World","Stack","White Noise+1","Cold Snap","Cold Snap","White Noise+1","Self Repair","Force Field","FTL","Turbo","Thunder Strike","FTL","Leap+1","Loop+1","Conserve Battery","Ball Lightning","Necronomicurse","Aggregate+1","Echo Form+1","Compile Driver+1","Defragment+1","Go for the Eyes+1","Madness+1","Madness","Defragment+1","BootSequence+1","Undo","Chaos+1"],"relics":["Cracked Core","NeowsBlessing","Omamori","Bronze Scales","Blue Candle","Calling Bell","Oddly Smooth Stone","Frozen Egg 2","Bird Faced Urn","OrangePellets","Lantern","Anchor","Necronomicon","Inserter","Letter Opener","Orichalcum","Red Mask"],"potions_floor_usage":[11,13,16,22,33,36,45],"damage_taken":[{"damage":0,"enemies":"Small Slimes","floor":1,"turns":1},{"damage":0,"enemies":"Cultist","floor":4,"turns":1},{"damage":0,"enemies":"Lagavulin","floor":7,"turns":1},{"damage":3,"enemies":"Jaw Worm","floor":8,"turns":4},{"damage":21,"enemies":"Lots of Slimes","floor":11,"turns":4},{"damage":14,"enemies":"3 Sentries","floor":13,"turns":6},{"damage":6,"enemies":"2 Fungi Beasts","floor":14,"turns":3},{"damage":3,"enemies":"The Guardian","floor":16,"turns":11},{"damage":6,"enemies":"Chosen","floor":18,"turns":6},{"damage":21,"enemies":"Spheric Guardian","floor":21,"turns":4},{"damage":25,"enemies":"3 Cultists","floor":22,"turns":5},{"damage":52,"enemies":"Slavers","floor":24,"turns":4},{"damage":0,"enemies":"Shelled Parasite and Fungi","floor":27,"turns":7},{"damage":9,"enemies":"Snecko","floor":31,"turns":4},{"damage":71,"enemies":"Automaton","floor":33,"turns":8},{"damage":1,"enemies":"3 Shapes","floor":35,"turns":7},{"damage":13,"enemies":"3 Darklings","floor":36,"turns":4},{"damage":8,"enemies":"4 Shapes","floor":38,"turns":6},{"damage":43,"enemies":"Transient","floor":42,"turns":5},{"damage":39,"enemies":"Sphere and 2 Shapes","floor":45,"turns":5},{"damage":35,"enemies":"Nemesis","floor":46,"turns":9},{"damage":84,"enemies":"Donu and Deca","floor":50,"turns":7}],"seed_played":"2148082618758966845","potions_obtained":[{"floor":1,"key":"Strength Potion"},{"floor":13,"key":"AttackPotion"},{"floor":21,"key":"Explosive Potion"},{"floor":31,"key":"Explosive Potion"},{"floor":33,"key":"SmokeBomb"},{"floor":42,"key":"GamblersBrew"}],"is_trial":false,"path_per_floor":["M","$","?","M","$","R","E","M","T","R","M","?","E","M","R","B",null,"M","$","?","M","M","R","E","$","T","M","?","R","?","M","R","B",null,"M","M","$","M","?","R","?","M","T","R","M","E","R","?","R","B"],"character_chosen":"DEFECT","items_purchased":["Hello World","Stack","Cold Snap","PowerPotion","OrangePellets","Conserve Battery","Defragment+1"],"campfire_rested":7,"item_purchase_floors":[2,2,5,5,19,25,37],"current_hp_per_floor":[68,68,68,68,68,68,68,65,65,65,44,44,30,24,46,50,69,75,75,75,63,51,73,33,33,33,48,32,54,54,51,73,23,62,75,74,74,75,66,66,66,36,36,58,36,22,44,44,66,0],"gold":0,"neow_bonus":"THREE_ENEMY_KILL","is_prod":false,"is_daily":false,"chose_seed":false,"campfire_upgraded":3,"win_rate":0,"timestamp":1549702570,"path_taken":["M","$","?","?","$","R","E","M","T","R","M","?","E","M","R","BOSS","M","?","?","M","M","R","E","$","T","?","?","R","?","M","R","BOSS","M","M","$","M","?","R","?","M","T","R","?","E","R","?","R","BOSS"],"build_version":"2019-01-23","purchased_purges":1,"victory":false,"max_hp_per_floor":[75,75,75,75,75,75,75,75,75,75,75,75,75,75,75,75,75,75,75,75,75,75,75,75,75,75,75,75,75,75,75,75,75,75,75,75,75,75,75,75,75,75,75,75,75,75,75,75,75,75],"card_choices":[{"not_picked":["Consume","Doom and Gloom"],"picked":"Melter","floor":1},{"not_picked":["Compile Driver","Capacitor"],"picked":"White Noise","floor":4},{"not_picked":["Multi-Cast","Rebound"],"picked":"Cold Snap","floor":7},{"not_picked":["Auto Shields","Sweeping Beam"],"picked":"White Noise","floor":8},{"not_picked":["Loop","Hello World"],"picked":"Self Repair","floor":11},{"not_picked":["Consume","Rebound"],"picked":"FTL","floor":13},{"not_picked":["Auto Shields","Reprogram"],"picked":"Turbo","floor":14},{"not_picked":["Multi-Cast","Reboot"],"picked":"Thunder Strike","floor":16},{"not_picked":["Skim","Steam"],"picked":"FTL","floor":18},{"not_picked":["Aggregate","Stack"],"picked":"Leap+1","floor":21},{"not_picked":["Reprogram","Genetic Algorithm+1","Compile Driver"],"picked":"SKIP","floor":22},{"not_picked":["Conserve Battery","Consume"],"picked":"Loop+1","floor":24},{"not_picked":["Gash","Hologram"],"picked":"Ball Lightning","floor":27},{"not_picked":["Genetic Algorithm","Ball Lightning"],"picked":"Aggregate+1","floor":31},{"not_picked":["Seek","Thunder Strike"],"picked":"Echo Form+1","floor":33},{"not_picked":["Skim","Turbo"],"picked":"Compile Driver+1","floor":35},{"not_picked":["Stack+1","Coolheaded"],"picked":"Go for the Eyes+1","floor":38},{"not_picked":["Coolheaded+1","Gash+1"],"picked":"BootSequence+1","floor":42},{"not_picked":["Core Surge","Scrape+1"],"picked":"Undo","floor":45},{"not_picked":["Reinforced Body","Melter+1"],"picked":"Chaos+1","floor":46}],"player_experience":426095,"relics_obtained":[{"floor":7,"key":"Omamori"},{"floor":9,"key":"Bronze Scales"},{"floor":13,"key":"Blue Candle"},{"floor":17,"key":"Oddly Smooth Stone"},{"floor":17,"key":"Frozen Egg 2"},{"floor":17,"key":"Bird Faced Urn"},{"floor":24,"key":"Lantern"},{"floor":26,"key":"Anchor"},{"floor":28,"key":"Necronomicon"},{"floor":43,"key":"Letter Opener"},{"floor":46,"key":"Orichalcum"}],"event_choices":[{"damage_healed":0,"gold_gain":100,"player_choice":"Gold","damage_taken":0,"max_hp_gain":0,"max_hp_loss":0,"event_name":"Wheel of Change","floor":3,"gold_loss":0},{"damage_healed":0,"gold_gain":0,"player_choice":"1 cards matched","damage_taken":0,"max_hp_gain":0,"max_hp_loss":0,"event_name":"Match and Keep!","floor":12,"gold_loss":0,"cards_obtained":["Force Field"]},{"damage_healed":0,"gold_gain":0,"player_choice":"Upgraded","damage_taken":0,"max_hp_gain":0,"max_hp_loss":0,"event_name":"Upgrade Shrine","floor":20,"gold_loss":0,"cards_upgraded":["White Noise"]},{"damage_healed":0,"gold_gain":0,"player_choice":"Obtained Book","damage_taken":16,"max_hp_gain":0,"max_hp_loss":0,"event_name":"Cursed Tome","floor":28,"gold_loss":0},{"damage_healed":0,"gold_gain":0,"player_choice":"Ignored","damage_taken":0,"max_hp_gain":0,"max_hp_loss":0,"event_name":"Beggar","floor":30,"gold_loss":0},{"damage_healed":0,"gold_gain":0,"player_choice":"Embrace Madness","damage_taken":9,"max_hp_gain":0,"max_hp_loss":0,"event_name":"Winding Halls","floor":39,"gold_loss":0,"cards_obtained":["Madness","Madness"]},{"damage_healed":0,"gold_gain":0,"player_choice":"Copied","damage_taken":0,"max_hp_gain":0,"max_hp_loss":0,"event_name":"Duplicator","floor":41,"gold_loss":0,"cards_obtained":["Defragment"]},{"damage_healed":0,"gold_gain":0,"player_choice":"Paid","damage_taken":0,"relics_obtained":["Red Mask"],"max_hp_gain":0,"max_hp_loss":0,"event_name":"Tomb of Lord Red Mask","floor":48,"gold_loss":147}],"is_beta":false,"boss_relics":[{"not_picked":["White Beast Statue","Black Star"],"picked":"Calling Bell"},{"not_picked":["Empty Cage","Eternal Feather"],"picked":"Inserter"}],"items_purged_floors":[19],"is_endless":false,"potions_floor_spawned":[1,13,21,31,33,36,42],"killed_by":"Donu and Deca","ascension_level":7}