{"gold_per_floor":[99,99,174,174],"floor_reached":4,"playtime":92,"items_purged":[],"score":95,"play_id":"0f7cc637-6342-4cd1-9272-746e7e4279e3","local_time":"20190210085509","daily_mods":["Draft","Heirloom","Time Dilation","Flight"],"is_ascension_mode":false,"campfire_choices":[],"neow_cost":"","seed_source_timestamp":318094002389086,"circlet_count":0,"master_deck":["Cold Snap","Capacitor","Ball Lightning","strawberrySpire:NeonFlight","Ball Lightning","Conserve Battery","Coolheaded","Consume","Defragment","Chaos","Loop","Barrage","Glacier","Ball Lightning","Coolheaded","Coolheaded","Coolheaded","Coolheaded","Capacitor","Consume","strawberrySpire:Adapter","Cold Snap","ReplayTheSpireMod:Calculation Training","Creative AI+1"],"relics":["Cracked Core","Ring of Chaos","replay:Trail_Library","strawberrySpire:BonfireDress"],"potions_floor_usage":[],"damage_taken":[],"seed_played":"4358321316778204291","potions_obtained":[],"is_trial":true,"path_per_floor":["?","$","?","T"],"character_chosen":"DEFECT","items_purchased":[],"campfire_rested":0,"item_purchase_floors":[],"current_hp_per_floor":[75,75,64,64],"gold":174,"neow_bonus":"","is_prod":false,"is_daily":false,"chose_seed":false,"campfire_upgraded":0,"win_rate":0,"timestamp":1549749309,"path_taken":["?","$","?","?"],"build_version":"2019-01-23","purchased_purges":0,"victory":false,"max_hp_per_floor":[75,75,75,75],"card_choices":[{"not_picked":["Redo","Barrage"],"picked":"ReplayTheSpireMod:Calculation Training","floor":0},{"not_picked":["Barrage","Compile Driver"],"picked":"Cold Snap","floor":0},{"not_picked":["strawberrySpire:NeonFlight","Ball Lightning"],"picked":"Capacitor","floor":0},{"not_picked":["Stack","Leap"],"picked":"Ball Lightning","floor":0},{"not_picked":["ReplaySort","Coolheaded"],"picked":"strawberrySpire:NeonFlight","floor":0},{"not_picked":["strawberrySpire:Adapter","Conserve Battery"],"picked":"Ball Lightning","floor":0},{"not_picked":["Leap","Hologram"],"picked":"Conserve Battery","floor":0},{"not_picked":["Leap","Hologram"],"picked":"Coolheaded","floor":0},{"not_picked":["strawberrySpire:Package","Coolheaded"],"picked":"Consume","floor":0},{"not_picked":["Leap","Redo"],"picked":"Defragment","floor":0},{"not_picked":["Coolheaded","Cold Snap"],"picked":"Chaos","floor":0},{"not_picked":["Static Discharge","Darkness"],"picked":"Loop","floor":0},{"not_picked":["Stack","strawberrySpire:Package"],"picked":"Barrage","floor":0},{"not_picked":["Barrage","Doom and Gloom"],"picked":"Glacier","floor":0},{"not_picked":["Redo","Chill"],"picked":"Ball Lightning","floor":0}],"player_experience":422315,"relics_obtained":[],"event_choices":[{"damage_healed":0,"gold_gain":75,"player_choice":"Gather Gold","damage_taken":11,"max_hp_gain":0,"max_hp_loss":0,"event_name":"World of Goop","floor":3,"gold_loss":0}],"is_beta":false,"boss_relics":[],"items_purged_floors":[],"is_endless":true,"potions_floor_spawned":[],"ascension_level":0}