{"gold_per_floor":[112,131,141,141,141,141,159,159,236,249,249,264,264,284,284,284],"floor_reached":16,"playtime":1265,"items_purged":[],"score":150,"play_id":"a5ee57e2-25c7-4ea0-a802-a772803e35fa","local_time":"20180919223950","is_ascension_mode":true,"campfire_choices":[{"data":"Zap","floor":6.0,"key":"SMITH"},{"floor":8.0,"key":"REST"},{"data":"Conserve Battery","floor":11.0,"key":"SMITH"},{"data":"Conserve Battery","floor":13.0,"key":"SMITH"},{"data":"Strike_B","floor":15,"key":"SMITH"}],"neow_cost":"NONE","seed_source_timestamp":0,"circlet_count":0,"master_deck":["Strike_B","Strike_B","Strike_B+1","Defend_B","Defend_B","Defend_B","Zap+1","Dualcast","AscendersBane","Turbo","Recycle","Skim","Conserve Battery+1","Conserve Battery+1","Heatsinks"],"special_seed":0,"relics":["Cracked Core","Anchor","Blue Candle"],"potions_floor_usage":[16],"damage_taken":[{"damage":7.0,"enemies":"Small Slimes","floor":1.0,"turns":3.0},{"damage":2.0,"enemies":"Jaw Worm","floor":2.0,"turns":3.0},{"damage":5.0,"enemies":"Cultist","floor":3.0,"turns":4.0},{"damage":32.0,"enemies":"Large Slime","floor":7.0,"turns":8.0},{"damage":1.0,"enemies":"Looter","floor":10.0,"turns":2.0},{"damage":0.0,"enemies":"Blue Slaver","floor":12.0,"turns":3.0},{"damage":5.0,"enemies":"Lots of Slimes","floor":14.0,"turns":4.0},{"damage":31,"enemies":"The Guardian","floor":16,"turns":10}],"seed_played":"6223915688688843238","potions_obtained":[{"floor":2.0,"key":"Weak Potion"},{"floor":7.0,"key":"Dexterity Potion"},{"floor":14.0,"key":"Energy Potion"}],"is_trial":false,"path_per_floor":["M","M","M","?","?","R","M","R","T","M","R","M","R","M","R"],"character_chosen":"DEFECT","items_purchased":[],"campfire_rested":1,"item_purchase_floors":[],"current_hp_per_floor":[61,59,54,47,47,47,15,37,37,36,36,36,36,31,31,0],"gold":284,"neow_bonus":"RANDOM_COMMON_RELIC","is_prod":false,"is_daily":false,"chose_seed":false,"campfire_upgraded":4,"win_rate":0,"timestamp":1537389590,"path_taken":["M","M","M","?","?","R","M","R","T","M","R","M","R","M","R","BOSS"],"build_version":"2018-09-06","purchased_purges":0,"victory":false,"max_hp_per_floor":[75,75,75,75,75,75,75,75,75,75,75,75,75,75,75,75],"card_choices":[{"not_picked":["Redo","Barrage","Streamline"],"picked":"SKIP","floor":1.0},{"not_picked":["Hologram","Barrage"],"picked":"Turbo","floor":2.0},{"not_picked":["Lockon","Compile Driver"],"picked":"Recycle","floor":3.0},{"not_picked":["Cold Snap","Turbo"],"picked":"Skim","floor":7.0},{"not_picked":["Sweeping Beam","Gash"],"picked":"Conserve Battery","floor":10.0},{"not_picked":["Stack","Cold Snap"],"picked":"Conserve Battery","floor":12.0},{"not_picked":["Gash","Recycle"],"picked":"Heatsinks","floor":14.0}],"player_experience":423681,"relics_obtained":[{"floor":9.0,"key":"Blue Candle"}],"event_choices":[{"event_name":"Golden Wing","player_choice":"Card Removal","floor":4.0,"damage_taken":0.0},{"event_name":"Bonfire Elementals","player_choice":"BASIC","floor":5.0,"damage_taken":0.0}],"is_beta":false,"boss_relics":[],"items_purged_floors":[],"is_endless":false,"potions_floor_spawned":[2,7,14],"killed_by":"The Guardian","ascension_level":12}