{"path_per_floor":["M","?","M","?","M","R","E","M","T","R","?","M","$","E","R","B",null,"M","M","?","$","M"],"character_chosen":"DEFECT","items_purchased":["Defragment","Capacitor"],"gold_per_floor":[116,116,133,133,147,147,173,190,190,190,190,209,133,158,158,254,254,271,281,196,127,143,143],"floor_reached":23,"campfire_rested":2,"playtime":707,"item_purchase_floors":[13,21],"current_hp_per_floor":[70,70,68,68,62,62,38,37,37,59,56,56,56,27,49,28,75,69,44,44,44,32,0],"items_purged":[],"gold":143,"score":231,"play_id":"379013c6-ed21-49e3-9f7a-519a24211d5d","local_time":"20180602110304","is_prod":false,"is_daily":false,"chose_seed":false,"is_ascension_mode":true,"campfire_upgraded":1,"win_rate":0,"timestamp":1527901384,"campfire_choices":[{"data":"Zap","floor":6,"key":"SMITH"},{"floor":10,"key":"REST"},{"floor":15,"key":"REST"}],"path_taken":["M","?","?","?","?","R","E","M","T","R","?","?","$","E","R","BOSS","M","?","?","$","M","E"],"build_version":"2018-05-31","seed_source_timestamp":136088000494323,"purchased_purges":0,"victory":false,"master_deck":["Strike_B","Strike_B","Strike_B","Strike_B","Defend_B","Defend_B","Defend_B","Defend_B","Zap+1","Dualcast","Electrodynamics","Redo","White Noise+1","Stack","Force Field","Ball Lightning","Reinforced Body","Defragment","Static Discharge","Thunder Strike","Capacitor+1","Leap+1","Capacitor","Rebound"],"max_hp_per_floor":[75,75,75,75,75,75,75,75,75,75,75,75,75,75,75,75,75,75,75,75,75,75,75],"relics":["Cracked Core","Blue Candle","Bottled Tornado","Gremlin Horn","Omamori","Black Star","Mummified Hand"],"card_choices":[{"not_picked":["Beam Cell","Cold Snap"],"picked":"Redo","floor":1},{"not_picked":["Ball Lightning","Stack"],"picked":"White Noise","floor":3},{"not_picked":["Chill","Gash"],"picked":"Stack","floor":5},{"not_picked":["Reprogram","All For One"],"picked":"Force Field","floor":7},{"not_picked":["Rebound","Chill"],"picked":"Ball Lightning","floor":8},{"not_picked":["Compile Driver","Stack"],"picked":"Reinforced Body","floor":12},{"not_picked":["Go for the Eyes","Coolheaded"],"picked":"Static Discharge","floor":14},{"not_picked":["Multi-Cast","Fission"],"picked":"Thunder Strike","floor":16},{"not_picked":["Blizzard","Go for the Eyes"],"picked":"Capacitor+1","floor":18},{"not_picked":["Darkness","Turbo"],"picked":"Leap+1","floor":19},{"not_picked":["FTL","Fission"],"picked":"Rebound","floor":22}],"player_experience":139149,"potions_floor_usage":[14,23],"damage_taken":[{"damage":5,"enemies":"Small Slimes","floor":1,"turns":2},{"damage":2,"enemies":"Jaw Worm","floor":3,"turns":3},{"damage":6,"enemies":"Cultist","floor":5,"turns":3},{"damage":24,"enemies":"3 Sentries","floor":7,"turns":4},{"damage":1,"enemies":"Looter","floor":8,"turns":3},{"damage":0,"enemies":"Gremlin Gang","floor":12,"turns":1},{"damage":29,"enemies":"Gremlin Nob","floor":14,"turns":4},{"damage":21,"enemies":"Slime Boss","floor":16,"turns":6},{"damage":6,"enemies":"3 Byrds","floor":18,"turns":2},{"damage":25,"enemies":"Shell Parasite","floor":19,"turns":7},{"damage":12,"enemies":"3 Cultists","floor":22,"turns":3},{"damage":37,"enemies":"Book of Stabbing","floor":23,"turns":5}],"relics_obtained":[{"floor":7,"key":"Blue Candle"},{"floor":9,"key":"Bottled Tornado"},{"floor":14,"key":"Omamori"}],"event_choices":[{"event_name":"The Cleric","player_choice":"Leave","floor":2,"damage_taken":0},{"event_name":"Living Wall","player_choice":"Grow","floor":4,"damage_taken":0},{"event_name":"Scrap Ooze","player_choice":"success","floor":11,"damage_taken":3},{"event_name":"Addict","player_choice":"Obtained Relic","floor":20,"damage_taken":0}],"boss_relics":[{"not_picked":["Runic Dome","Snecko Eye"],"picked":"Black Star"}],"items_purged_floors":[],"potions_floor_spawned":[3,5,16,18,22],"seed_played":"-564855350543240651","killed_by":"Book of Stabbing","ascension_level":3,"potions_obtained":[{"floor":3,"key":"AttackPotion"},{"floor":5,"key":"SteroidPotion"},{"floor":16,"key":"Ancient Potion"},{"floor":18,"key":"Weak Potion"}],"is_trial":false}