{"gold_per_floor":[110,110,126,126,207,240,240,240,240,240,265,286,0,0,0,96,96,117,135,135,154,167,211,211,231,231,231,270,270,285,308,308,398,398,413,10,25,46,71,71,102,175,200,200,215,548,548,561,561,561,561],"floor_reached":52,"playtime":2426,"items_purged":["Pain"],"score":1973,"play_id":"4bdf088b-af01-4356-a38f-1eb6776df80b","local_time":"20190216093334","is_ascension_mode":true,"campfire_choices":[{"floor":8.0,"key":"REST"},{"floor":10.0,"key":"REST"},{"data":"Zap","floor":15.0,"key":"SMITH"},{"floor":24,"key":"REST"},{"data":"Hologram","floor":29,"key":"SMITH"},{"floor":32,"key":"REST"},{"floor":40,"key":"REST"},{"floor":44,"key":"REST"},{"floor":49,"key":"REST"}],"neow_cost":"NONE","seed_source_timestamp":0,"circlet_count":0,"master_deck":["AscendersBane","Strike_B+1","Strike_B+1","Defend_B","Zap+1","Dualcast","FTL","Cold Snap","Core Surge","FTL","Machine Learning","Fusion+1","Biased Cognition+1","Conserve Battery+1","Hologram+1","Glacier","Chill","Hologram","Go for the Eyes","Reboot","Blizzard","Hologram+1","Biased Cognition","Hologram+1","Rebound+1","White Noise","Secret Weapon","Parasite","Rebound+1"],"special_seed":0,"relics":["Cracked Core","Anchor","Dodecahedron","Ginger","Bottled Flame","Shuriken","Astrolabe","Kunai","Blue Candle","WarpedTongs","Gambling Chip","Fusion Hammer","Lantern","Happy Flower","Incense Burner","Darkstone Periapt","PreservedInsect"],"potions_floor_usage":[50],"damage_taken":[{"damage":2.0,"enemies":"Jaw Worm","floor":1.0,"turns":3.0},{"damage":3.0,"enemies":"2 Louse","floor":3.0,"turns":2.0},{"damage":29.0,"enemies":"3 Sentries","floor":6.0,"turns":7.0},{"damage":0.0,"enemies":"Small Slimes","floor":11.0,"turns":2.0},{"damage":0.0,"enemies":"2 Fungi Beasts","floor":12.0,"turns":2.0},{"damage":50.0,"enemies":"The Guardian","floor":16.0,"turns":9.0},{"damage":0.0,"enemies":"Chosen","floor":18.0,"turns":5.0},{"damage":12.0,"enemies":"2 Thieves","floor":19.0,"turns":4.0},{"damage":0,"enemies":"Sentry and Sphere","floor":21,"turns":6},{"damage":7,"enemies":"Snake Plant","floor":22,"turns":5},{"damage":12,"enemies":"Gremlin Leader","floor":23,"turns":8},{"damage":0,"enemies":"Centurion and Healer","floor":25,"turns":6},{"damage":7,"enemies":"Book of Stabbing","floor":28,"turns":6},{"damage":1,"enemies":"Chosen and Byrds","floor":30,"turns":5},{"damage":1,"enemies":"Cultist and Chosen","floor":31,"turns":5},{"damage":1,"enemies":"Champ","floor":33,"turns":10},{"damage":10,"enemies":"3 Shapes","floor":35,"turns":4},{"damage":0,"enemies":"Orb Walker","floor":37,"turns":4},{"damage":0,"enemies":"Maw","floor":38,"turns":7},{"damage":0,"enemies":"Spire Growth","floor":39,"turns":6},{"damage":15,"enemies":"Reptomancer","floor":41,"turns":6},{"damage":9,"enemies":"Sphere and 2 Shapes","floor":45,"turns":5},{"damage":0,"enemies":"Writhing Mass","floor":48,"turns":5},{"damage":30,"enemies":"Donu and Deca","floor":50,"turns":11},{"damage":58,"enemies":"Awakened One","floor":51,"turns":13}],"seed_played":"4250791139864862955","potions_obtained":[{"floor":1.0,"key":"Swift Potion"},{"floor":6.0,"key":"EssenceOfSteel"},{"floor":16.0,"key":"Poison Potion"},{"floor":18.0,"key":"FairyPotion"},{"floor":22,"key":"Regen Potion"}],"is_trial":false,"path_per_floor":["M","?","M","?","T","E","?","R","T","R","M","M","$","?","R","B",null,"M","M","?","M","M","E","R","M","T","?","E","R","M","M","R","B",null,"M","$","M","M","M","R","E","T","T","R","M","?","?","M","R","B","B",null],"character_chosen":"DEFECT","items_purchased":["Shuriken","Lantern","Happy Flower"],"campfire_rested":7,"item_purchase_floors":[13,36,36],"current_hp_per_floor":[69,46,43,38,38,9,9,30,30,51,51,51,51,51,51,1,54,54,42,42,42,35,23,44,44,44,44,37,37,36,35,56,55,67,57,57,57,57,57,71,56,56,56,71,62,62,62,68,77,49,7],"gold":561,"neow_bonus":"TEN_PERCENT_HP_BONUS","is_prod":false,"is_daily":false,"chose_seed":false,"campfire_upgraded":2,"win_rate":0,"timestamp":1550270014,"path_taken":["M","?","M","?","?","E","?","R","T","R","M","M","$","?","R","BOSS","M","?","?","?","M","E","R","M","T","?","E","R","?","M","R","BOSS","M","$","M","?","M","R","E","?","T","R","?","?","?","M","R","BOSS","BOSS"],"build_version":"2019-01-23","purchased_purges":1,"victory":true,"max_hp_per_floor":[78,78,78,78,78,78,71,71,71,71,71,71,71,71,71,71,71,71,71,71,71,71,71,71,71,71,71,71,71,71,71,71,71,71,71,71,71,71,71,71,71,71,71,71,71,71,71,77,77,77,77],"card_choices":[{"not_picked":["Force Field","Ball Lightning"],"picked":"FTL","floor":1.0},{"not_picked":["Rebound","Melter"],"picked":"Cold Snap","floor":3.0},{"not_picked":["Hello World","Static Discharge"],"picked":"Core Surge","floor":6.0},{"not_picked":["Compile Driver","Stack"],"picked":"FTL","floor":11.0},{"not_picked":["Lockon","Chaos","Darkness"],"picked":"SKIP","floor":12.0},{"not_picked":["Meteor Strike","Hyperbeam"],"picked":"Machine Learning","floor":16.0},{"not_picked":["Turbo","Reprogram+1"],"picked":"Hologram","floor":18.0},{"not_picked":["Stack","Blizzard"],"picked":"Glacier","floor":19.0},{"not_picked":["Stack","Steam"],"picked":"Hologram","floor":21},{"not_picked":["Gash","Conserve Battery","Force Field"],"picked":"SKIP","floor":22},{"not_picked":["Conserve Battery","Sweeping Beam","Darkness"],"picked":"SKIP","floor":23},{"not_picked":["Sweeping Beam+1","Coolheaded+1"],"picked":"Go for the Eyes","floor":25},{"not_picked":["Redo","Turbo"],"picked":"Reboot","floor":28},{"not_picked":["Self Repair+1","Barrage"],"picked":"Blizzard","floor":30},{"not_picked":["Barrage+1","Hello World"],"picked":"Hologram+1","floor":31},{"not_picked":["Seek","Thunder Strike"],"picked":"Biased Cognition","floor":33},{"not_picked":["Streamline+1","Compile Driver","Lockon+1"],"picked":"SKIP","floor":35},{"not_picked":["Auto Shields","Sweeping Beam"],"picked":"Hologram+1","floor":37},{"not_picked":["Sweeping Beam","Rip and Tear+1","Compile Driver"],"picked":"SKIP","floor":38},{"not_picked":["Sweeping Beam+1","Steam+1"],"picked":"Rebound+1","floor":39},{"not_picked":["Coolheaded","Beam Cell","Hologram"],"picked":"SKIP","floor":41},{"not_picked":["Genetic Algorithm","Barrage+1"],"picked":"White Noise","floor":45},{"not_picked":["Madness","Panacea"],"picked":"Secret Weapon","floor":47},{"not_picked":["Force Field","Doom and Gloom"],"picked":"Rebound+1","floor":48}],"player_experience":352067,"relics_obtained":[{"floor":5.0,"key":"Dodecahedron"},{"floor":6.0,"key":"Ginger"},{"floor":9.0,"key":"Bottled Flame"},{"floor":23,"key":"Kunai"},{"floor":26,"key":"Blue Candle"},{"floor":28,"key":"Gambling Chip"},{"floor":41,"key":"Incense Burner"},{"floor":42,"key":"Darkstone Periapt"},{"floor":43,"key":"PreservedInsect"}],"event_choices":[{"damage_healed":0.0,"max_hp_gain":0.0,"max_hp_loss":0.0,"gold_gain":0.0,"event_name":"Shining Light","player_choice":"Entered Light","floor":2.0,"gold_loss":0.0,"damage_taken":23.0,"cards_upgraded":["Strike_B","Strike_B"]},{"damage_healed":0.0,"max_hp_gain":0.0,"max_hp_loss":0.0,"gold_gain":0.0,"event_name":"Scrap Ooze","player_choice":"Success","floor":4.0,"gold_loss":0.0,"damage_taken":5.0,"relics_obtained":["Anchor"]},{"damage_healed":0.0,"max_hp_gain":0.0,"max_hp_loss":7.0,"gold_gain":0.0,"event_name":"Golden Idol","player_choice":"Lose Max HP","floor":7.0,"gold_loss":0.0,"damage_taken":0.0,"relics_obtained":["Golden Idol"]},{"cards_removed":["Defend_B"],"damage_healed":0.0,"max_hp_gain":0.0,"max_hp_loss":0.0,"gold_gain":0.0,"event_name":"Purifier","player_choice":"Purged","floor":14.0,"gold_loss":0.0,"damage_taken":0.0},{"damage_healed":0.0,"max_hp_gain":0.0,"max_hp_loss":0.0,"gold_gain":0.0,"cards_transformed":["Defend_B"],"event_name":"Transmorgrifier","player_choice":"Transformed","floor":20.0,"gold_loss":0.0,"damage_taken":0.0,"cards_obtained":["Chill"]},{"damage_healed":0,"gold_gain":0,"player_choice":"Rummage","damage_taken":0,"relics_obtained":["WarpedTongs"],"max_hp_gain":0,"max_hp_loss":0,"event_name":"Accursed Blacksmith","floor":27,"gold_loss":0,"cards_obtained":["Pain"]},{"damage_healed":0,"gold_gain":333,"player_choice":"Gave Idol","damage_taken":0,"max_hp_gain":0,"max_hp_loss":0,"event_name":"The Moai Head","floor":46,"relics_lost":["Golden Idol"],"gold_loss":0},{"damage_healed":0,"gold_gain":0,"player_choice":"Memory 1","damage_taken":0,"max_hp_gain":0,"max_hp_loss":0,"event_name":"SensoryStone","floor":47,"gold_loss":0}],"is_beta":false,"boss_relics":[{"not_picked":["Pandora\u0027s Box","White Beast Statue"],"picked":"Astrolabe"},{"not_picked":["Snecko Eye","Lizard Tail"],"picked":"Fusion Hammer"}],"items_purged_floors":[36],"is_endless":false,"potions_floor_spawned":[1,6,16,18,19,22,25,33,37,39,41],"ascension_level":20}