{"gold_per_floor":[115,115,127,139,7,7,36,49,49,60,60,60,60,78,78,151,151,166,176,193,210,52,52,82,82,128,138,96,96,121,133,133,210,210,221,221,321,335,6,33,33,62,116,40,67,67,67,78,78,78],"floor_reached":51,"playtime":5006,"items_purged":["Pain","Strike_B"],"score":1440,"play_id":"fffc6b85-419f-4f59-930a-6cc0b54bf245","local_time":"20190203205545","is_ascension_mode":true,"campfire_choices":[{"data":"Defragment","floor":6.0,"key":"SMITH"},{"floor":12.0,"key":"REST"},{"data":"Blizzard","floor":15.0,"key":"SMITH"},{"data":"Defragment","floor":23,"key":"SMITH"},{"floor":25,"key":"REST"},{"data":"Echo Form","floor":29,"key":"SMITH"},{"floor":32,"key":"REST"},{"floor":41,"key":"DIG"},{"floor":47,"key":"DIG"},{"floor":49,"key":"DIG"}],"neow_cost":"NONE","seed_source_timestamp":3250681831009,"circlet_count":0,"master_deck":["AscendersBane","Strike_B+1","Strike_B+1","Strike_B","Defend_B","Defend_B","Defend_B","Defend_B","Zap","Dualcast","Blizzard+1","Conserve Battery","Leap","Defragment+1","Bandage Up","Auto Shields","Glacier","Echo Form+1","Redo+1","Defragment+1","Machine Learning+1","Cold Snap","Defragment+1","Cold Snap","Echo Form+1","Turbo","Capacitor+1","Capacitor+1","The Bomb","Glacier","Seek","Multi-Cast"],"special_seed":0,"relics":["Cracked Core","Strawberry","Lantern","Letter Opener","Regal Pillow","WarpedTongs","Sozu","Frozen Egg 2","Pen Nib","Shovel","Fusion Hammer","Ice Cream","Pear","Pocketwatch","Cables","Bag of Preparation","Oddly Smooth Stone","Anchor","Sundial"],"potions_floor_usage":[45],"damage_taken":[{"damage":2.0,"enemies":"Jaw Worm","floor":1.0,"turns":3.0},{"damage":1.0,"enemies":"Cultist","floor":3.0,"turns":3.0},{"damage":3.0,"enemies":"2 Louse","floor":4.0,"turns":3.0},{"damage":16.0,"enemies":"Lagavulin","floor":7.0,"turns":7.0},{"damage":10.0,"enemies":"Gremlin Gang","floor":8.0,"turns":4.0},{"damage":19.0,"enemies":"Exordium Thugs","floor":10.0,"turns":6.0},{"damage":2.0,"enemies":"2 Fungi Beasts","floor":14.0,"turns":5.0},{"damage":10.0,"enemies":"Slime Boss","floor":16.0,"turns":18.0},{"damage":30,"enemies":"3 Byrds","floor":18,"turns":5},{"damage":8,"enemies":"Shell Parasite","floor":19,"turns":8},{"damage":3,"enemies":"Snecko","floor":20,"turns":8},{"damage":28,"enemies":"Chosen and Byrds","floor":21,"turns":7},{"damage":23,"enemies":"Book of Stabbing","floor":24,"turns":8},{"damage":2,"enemies":"Snake Plant","floor":27,"turns":5},{"damage":47,"enemies":"Gremlin Leader","floor":30,"turns":8},{"damage":13,"enemies":"Centurion and Healer","floor":31,"turns":10},{"damage":13,"enemies":"Champ","floor":33,"turns":13},{"damage":16,"enemies":"Orb Walker","floor":35,"turns":4},{"damage":3,"enemies":"Mind Bloom Boss Battle","floor":37,"turns":10},{"damage":22,"enemies":"3 Shapes","floor":38,"turns":3},{"damage":0,"enemies":"Giant Head","floor":40,"turns":11},{"damage":26,"enemies":"Nemesis","floor":42,"turns":11},{"damage":39,"enemies":"Reptomancer","floor":45,"turns":7},{"damage":0,"enemies":"Spire Growth","floor":48,"turns":6},{"damage":0,"enemies":"Donu and Deca","floor":50,"turns":9}],"seed_played":"-6472579071145424512","potions_obtained":[{"floor":1.0,"key":"Dexterity Potion"},{"floor":4.0,"key":"Dexterity Potion"},{"floor":10.0,"key":"PowerPotion"},{"floor":16.0,"key":"Block Potion"}],"is_trial":false,"path_per_floor":["M","?","M","M","$","R","E","M","T","M","?","R","?","M","R","B",null,"M","M","M","M","$","R","E","R","T","M","$","R","E","M","R","B",null,"M","?","?","M","$","E","R","E","T","$","E","?","R","M","R","B",null],"character_chosen":"DEFECT","items_purchased":["Defragment","Bandage Up","Defragment","Defragment+1","Capacitor+1","The Bomb","Seek"],"campfire_rested":3,"item_purchase_floors":[5,5,22,28,39,39,44],"current_hp_per_floor":[69,69,68,65,65,65,53,47,47,32,9,47,47,45,45,41,69,47,47,48,32,32,32,13,51,51,61,61,61,20,19,57,48,71,55,55,60,38,38,60,60,46,46,46,15,69,69,69,69,69],"gold":78,"neow_bonus":"RANDOM_COMMON_RELIC","is_prod":false,"is_daily":false,"chose_seed":false,"campfire_upgraded":4,"win_rate":0,"timestamp":1549223745,"path_taken":["M","?","?","M","?","R","E","M","T","M","?","R","?","M","R","BOSS","M","?","M","M","$","R","E","R","T","M","$","R","E","M","R","BOSS","M","?","?","?","?","E","R","E","T","$","E","?","R","M","R","BOSS"],"build_version":"2019-01-23","purchased_purges":2,"victory":true,"max_hp_per_floor":[78,78,78,78,78,78,78,78,78,78,78,78,78,78,78,78,78,78,78,78,78,78,78,78,78,78,78,78,78,78,78,78,78,78,78,74,74,74,74,84,84,84,84,84,84,69,69,69,69,69],"card_choices":[{"not_picked":["Ball Lightning","BootSequence"],"picked":"Blizzard","floor":1.0},{"not_picked":["Rebound","Turbo"],"picked":"Conserve Battery","floor":3.0},{"not_picked":["Streamline","Doom and Gloom"],"picked":"Leap","floor":4.0},{"not_picked":["Rip and Tear","Storm","Ball Lightning"],"picked":"SKIP","floor":7.0},{"not_picked":["Beam Cell","Rebound","Force Field"],"picked":"SKIP","floor":8.0},{"not_picked":["FTL","Doom and Gloom"],"picked":"Auto Shields","floor":10.0},{"not_picked":["Steam","Consume"],"picked":"Glacier","floor":14.0},{"not_picked":["Seek","Thunder Strike"],"picked":"Echo Form","floor":16.0},{"not_picked":["Barrage","Turbo","Sweeping Beam"],"picked":"SKIP","floor":18},{"not_picked":["Undo","Streamline","Redo"],"picked":"SKIP","floor":19},{"not_picked":["Lockon","Leap"],"picked":"Redo+1","floor":20},{"not_picked":["Consume","Skim","Sweeping Beam+1"],"picked":"SKIP","floor":21},{"not_picked":["Hologram","Lockon"],"picked":"Machine Learning","floor":24},{"not_picked":["Gash","Steam"],"picked":"Cold Snap","floor":27},{"not_picked":["Gash+1","Turbo","Conserve Battery"],"picked":"SKIP","floor":30},{"not_picked":["Reprogram","Ball Lightning"],"picked":"Cold Snap","floor":31},{"not_picked":["Biased Cognition+1","Core Surge"],"picked":"Echo Form+1","floor":33},{"not_picked":["Streamline","Storm+1"],"picked":"Turbo","floor":35},{"not_picked":["Conserve Battery","Sweeping Beam"],"picked":"Capacitor+1","floor":38},{"not_picked":["Fusion+1","Chaos","Turbo"],"picked":"SKIP","floor":40},{"not_picked":["Go for the Eyes","Redo"],"picked":"Glacier","floor":42},{"not_picked":["Storm+1","Recycle"],"picked":"Multi-Cast","floor":45},{"not_picked":["Compile Driver","Streamline","Ball Lightning+1"],"picked":"SKIP","floor":48}],"player_experience":748903,"relics_obtained":[{"floor":7.0,"key":"Letter Opener"},{"floor":9.0,"key":"Regal Pillow"},{"floor":24,"key":"Frozen Egg 2"},{"floor":26,"key":"Pen Nib"},{"floor":30,"key":"Shovel"},{"floor":37,"key":"Ice Cream"},{"floor":40,"key":"Pear"},{"floor":41,"key":"Pocketwatch"},{"floor":42,"key":"Cables"},{"floor":43,"key":"Bag of Preparation"},{"floor":45,"key":"Oddly Smooth Stone"},{"floor":47,"key":"Anchor"},{"floor":49,"key":"Sundial"}],"event_choices":[{"damage_healed":0.0,"max_hp_gain":0.0,"max_hp_loss":0.0,"gold_gain":0.0,"event_name":"WeMeetAgain","player_choice":"Gave Potion","floor":2.0,"gold_loss":0.0,"damage_taken":0.0,"relics_obtained":["Lantern"]},{"damage_healed":0.0,"max_hp_gain":0.0,"max_hp_loss":0.0,"gold_gain":0.0,"event_name":"Shining Light","player_choice":"Entered Light","floor":11.0,"gold_loss":0.0,"damage_taken":23.0,"cards_upgraded":["Strike_B","Strike_B"]},{"damage_healed":0.0,"max_hp_gain":0.0,"max_hp_loss":0.0,"gold_gain":0.0,"event_name":"Accursed Blacksmith","player_choice":"Rummage","floor":13.0,"gold_loss":0.0,"damage_taken":0.0,"relics_obtained":["WarpedTongs"],"cards_obtained":["Pain"]},{"damage_healed":0,"gold_gain":0,"player_choice":"Max HP","damage_taken":0,"max_hp_gain":0,"max_hp_loss":4,"event_name":"Winding Halls","floor":36,"gold_loss":0},{"damage_healed":0,"gold_gain":0,"player_choice":"Fight","damage_taken":0,"max_hp_gain":0,"max_hp_loss":0,"event_name":"MindBloom","floor":37,"gold_loss":0},{"damage_healed":69,"gold_gain":0,"player_choice":"Heal","damage_taken":0,"max_hp_gain":0,"max_hp_loss":15,"event_name":"The Moai Head","floor":46,"gold_loss":0}],"is_beta":false,"boss_relics":[{"not_picked":["Ectoplasm","Eternal Feather"],"picked":"Sozu"},{"not_picked":["Empty Cage","Orrery"],"picked":"Fusion Hammer"}],"items_purged_floors":[22,39],"is_endless":false,"potions_floor_spawned":[1,4,10,16,19,21,24,27,33,35,38,42],"ascension_level":16}