{"gold_per_floor":[112,124,49,64,19,19,31,31,54,74,74,89,105,30,30,30],"floor_reached":16,"playtime":2180,"items_purged":["Strike_G"],"score":103,"play_id":"339fc639-6839-4823-bacf-182e555f494e","local_time":"20190202125827","is_ascension_mode":true,"campfire_choices":[{"data":"Footwork","floor":6,"key":"SMITH"},{"data":"Escape Plan","floor":11,"key":"SMITH"},{"floor":15,"key":"REST"}],"neow_cost":"NONE","seed_source_timestamp":1214607470382531,"circlet_count":0,"master_deck":["Defend_G","Defend_G","Defend_G","Defend_G","Defend_G","Strike_G","Strike_G","Strike_G","Strike_G","Survivor","Neutralize","Footwork+1","Deadly Poison","Decay","Escape Plan+1","Bouncing Flask","Deflect","Crippling Poison"],"relics":["Ring of the Snake","Lantern"],"potions_floor_usage":[10,13,16],"damage_taken":[{"damage":0,"enemies":"2 Louse","floor":1,"turns":3},{"damage":0,"enemies":"Cultist","floor":2,"turns":5},{"damage":0,"enemies":"Jaw Worm","floor":4,"turns":4},{"damage":0,"enemies":"Looter","floor":5,"turns":5},{"damage":22,"enemies":"Exordium Thugs","floor":7,"turns":12},{"damage":1,"enemies":"Lots of Slimes","floor":10,"turns":10},{"damage":28,"enemies":"Gremlin Gang","floor":12,"turns":8},{"damage":0,"enemies":"3 Louse","floor":13,"turns":1},{"damage":55,"enemies":"Slime Boss","floor":16,"turns":14}],"seed_played":"8850253486827091345","potions_obtained":[{"floor":4,"key":"SpeedPotion"},{"floor":7,"key":"SpeedPotion"},{"floor":12,"key":"Explosive Potion"}],"is_trial":false,"path_per_floor":["M","M","$","M","M","R","M","?","T","M","R","M","M","$","R","B"],"character_chosen":"THE_SILENT","items_purchased":["Crippling Poison"],"campfire_rested":1,"item_purchase_floors":[14],"current_hp_per_floor":[77,77,77,77,77,77,55,55,55,54,54,26,26,26,49,0],"gold":30,"neow_bonus":"TEN_PERCENT_HP_BONUS","is_prod":false,"is_daily":false,"chose_seed":false,"campfire_upgraded":2,"win_rate":0,"timestamp":1549108707,"path_taken":["M","M","$","M","M","R","M","?","T","?","R","M","M","$","R","BOSS"],"build_version":"2019-01-23","purchased_purges":1,"victory":false,"max_hp_per_floor":[77,77,77,77,77,77,77,77,77,77,77,77,77,77,77,77],"card_choices":[{"not_picked":["Sucker Punch","Flying Knee"],"picked":"Footwork","floor":1},{"not_picked":["Slice","Heel Hook","Prepared"],"picked":"SKIP","floor":2},{"not_picked":["Prepared","Choke","Sucker Punch"],"picked":"SKIP","floor":4},{"not_picked":["Accuracy","Bane","Underhanded Strike"],"picked":"SKIP","floor":5},{"not_picked":["Blade Dance","Sucker Punch"],"picked":"Deadly Poison","floor":7},{"not_picked":["Poisoned Stab","Finisher"],"picked":"Escape Plan","floor":10},{"not_picked":["Slice","Bane"],"picked":"Bouncing Flask","floor":12},{"not_picked":["Predator","Underhanded Strike"],"picked":"Deflect","floor":13}],"player_experience":136738,"relics_obtained":[{"floor":9,"key":"Lantern"}],"event_choices":[{"damage_healed":0,"gold_gain":0,"player_choice":"Cursed","damage_taken":0,"max_hp_gain":0,"max_hp_loss":0,"event_name":"Wheel of Change","floor":8,"gold_loss":0,"cards_obtained":["Decay"]}],"is_beta":false,"boss_relics":[],"items_purged_floors":[3],"is_endless":false,"potions_floor_spawned":[4,7,12],"killed_by":"Slime Boss","ascension_level":2}