{"gold_per_floor":[219,219,319,331,345,345,363,363,363,363,363,390,390,407,407,482,482,495,495,512,562,574,574,11,24,24,36,48,60],"floor_reached":29,"playtime":806,"items_purged":["Multi-Cast"],"score":446,"play_id":"c70403cb-319c-456d-a87b-df89541858ac","local_time":"20190223212609","is_ascension_mode":true,"campfire_choices":[{"data":"Zap","floor":6.0,"key":"SMITH"},{"data":"Go for the Eyes","floor":8.0,"key":"SMITH"},{"data":"Consume","floor":11.0,"key":"SMITH"},{"floor":15.0,"key":"REST"},{"floor":23.0,"key":"REST"},{"floor":28,"key":"REST"}],"neow_cost":"NONE","seed_source_timestamp":27756335845000,"circlet_count":0,"master_deck":["AscendersBane","Strike_B+1","Defend_B","Defend_B","Defend_B","Defend_B+1","Zap+1","Dualcast","Go for the Eyes+1","Consume+1","Self Repair","Ball Lightning","Cold Snap","Core Surge","Creative AI","Defragment","Conserve Battery","Writhe"],"special_seed":0,"relics":["Cracked Core","Matryoshka","Gremlin Horn","Cursed Key","Frozen Egg 2","Juzu Bracelet","MawBank","Strawberry"],"potions_floor_usage":[25],"damage_taken":[{"damage":5.0,"enemies":"2 Louse","floor":1.0,"turns":3.0},{"damage":1.0,"enemies":"Cultist","floor":4.0,"turns":4.0},{"damage":0.0,"enemies":"Small Slimes","floor":5.0,"turns":2.0},{"damage":10.0,"enemies":"Exordium Wildlife","floor":7.0,"turns":4.0},{"damage":32.0,"enemies":"Gremlin Nob","floor":12.0,"turns":4.0},{"damage":9.0,"enemies":"Red Slaver","floor":14.0,"turns":3.0},{"damage":25.0,"enemies":"Hexaghost","floor":16.0,"turns":9.0},{"damage":27.0,"enemies":"2 Thieves","floor":18.0,"turns":4.0},{"damage":18.0,"enemies":"3 Byrds","floor":20.0,"turns":6.0},{"damage":15.0,"enemies":"Snecko","floor":22.0,"turns":5.0},{"damage":39,"enemies":"3 Cultists","floor":25,"turns":5},{"damage":53,"enemies":"Gremlin Leader","floor":29,"turns":5}],"seed_played":"-2022540962336656835","potions_obtained":[{"floor":1.0,"key":"SpeedPotion"},{"floor":7.0,"key":"Strength Potion"},{"floor":14.0,"key":"Poison Potion"},{"floor":20.0,"key":"FearPotion"}],"is_trial":false,"path_per_floor":["M","?","?","M","M","R","M","R","T","?","R","E","?","M","R","B",null,"M","?","M","?","M","R","$","M","T","$","R","E"],"character_chosen":"DEFECT","items_purchased":["Frozen Egg 2","Juzu Bracelet","Dexterity Potion"],"campfire_rested":3,"item_purchase_floors":[24,24,24],"current_hp_per_floor":[59,38,38,37,37,37,27,27,27,50,50,25,25,16,37,19,58,38,38,27,27,19,40,40,8,15,15,38,0],"gold":60,"neow_bonus":"HUNDRED_GOLD","is_prod":false,"is_daily":false,"chose_seed":false,"campfire_upgraded":3,"win_rate":0,"timestamp":1550949969,"path_taken":["M","?","?","?","?","R","M","R","T","?","R","E","?","?","R","BOSS","M","?","M","?","M","R","$","M","T","$","R","E"],"build_version":"2019-01-23","purchased_purges":1,"victory":false,"max_hp_per_floor":[71,71,71,71,71,71,71,71,71,71,71,71,71,71,71,71,71,71,71,71,71,71,71,71,71,78,78,78,78],"card_choices":[{"not_picked":["Hello World","Scrape","Turbo"],"picked":"SKIP","floor":1.0},{"not_picked":["Gash","Stack"],"picked":"Go for the Eyes","floor":4.0},{"not_picked":["Conserve Battery","Lockon"],"picked":"Consume","floor":5.0},{"not_picked":["Go for the Eyes","Steam"],"picked":"Self Repair","floor":7.0},{"not_picked":["Steam Power","Go for the Eyes"],"picked":"Ball Lightning","floor":12.0},{"not_picked":["Turbo","Leap"],"picked":"Cold Snap","floor":14.0},{"not_picked":["Meteor Strike","Thunder Strike"],"picked":"Core Surge","floor":16.0},{"not_picked":["Gash","Skim","Heatsinks+1"],"picked":"SKIP","floor":18.0},{"not_picked":["Sunder","Fusion","Go for the Eyes"],"picked":"SKIP","floor":20.0},{"not_picked":["Beam Cell","Barrage"],"picked":"Defragment","floor":22.0},{"not_picked":["Recycle","Streamline"],"picked":"Conserve Battery","floor":25}],"player_experience":928892,"relics_obtained":[{"floor":9.0,"key":"Matryoshka"},{"floor":12.0,"key":"Gremlin Horn"},{"floor":26,"key":"MawBank"},{"floor":26,"key":"Strawberry"}],"event_choices":[{"damage_healed":0.0,"max_hp_gain":0.0,"max_hp_loss":0.0,"gold_gain":0.0,"event_name":"Shining Light","player_choice":"Entered Light","floor":2.0,"gold_loss":0.0,"damage_taken":21.0,"cards_upgraded":["Strike_B","Defend_B"]},{"damage_healed":0.0,"max_hp_gain":0.0,"max_hp_loss":0.0,"gold_gain":100.0,"event_name":"Wheel of Change","player_choice":"Gold","floor":3.0,"gold_loss":0.0,"damage_taken":0.0},{"damage_healed":23.0,"max_hp_gain":0.0,"max_hp_loss":0.0,"gold_gain":0.0,"event_name":"Big Fish","player_choice":"Banana","floor":10.0,"gold_loss":0.0,"damage_taken":0.0},{"cards_removed":["Strike_B"],"damage_healed":0.0,"max_hp_gain":0.0,"max_hp_loss":0.0,"gold_gain":0.0,"event_name":"Living Wall","player_choice":"Forget","floor":13.0,"gold_loss":0.0,"damage_taken":0.0},{"damage_healed":0.0,"max_hp_gain":0.0,"max_hp_loss":0.0,"gold_gain":0.0,"cards_transformed":["Strike_B","Strike_B"],"event_name":"Drug Dealer","player_choice":"Became Test Subject","floor":19.0,"gold_loss":0.0,"damage_taken":0.0,"cards_obtained":["Multi-Cast","Creative AI"]},{"damage_healed":0.0,"max_hp_gain":0.0,"max_hp_loss":0.0,"gold_gain":50.0,"event_name":"Nest","player_choice":"Stole From Cult","floor":21.0,"gold_loss":0.0,"damage_taken":0.0}],"is_beta":false,"boss_relics":[{"not_picked":["Eternal Feather","Runic Pyramid"],"picked":"Cursed Key"}],"items_purged_floors":[24],"is_endless":false,"potions_floor_spawned":[1,7,14,20],"killed_by":"Gremlin Leader","ascension_level":20}