{"gold_per_floor":[114,64,139,149,50,50,63,63,63,91,16,16,27,39,39,137,137,152,165,65,65],"floor_reached":21,"playtime":1652,"items_purged":["Defend_B","Strike_B"],"score":179,"play_id":"841f204b-f581-4f04-9c71-31bc53ba64c8","local_time":"20190120204241","is_ascension_mode":false,"campfire_choices":[{"data":"Conserve Battery","floor":6,"key":"SMITH"},{"data":"Leap","floor":8,"key":"SMITH"},{"data":"Redo","floor":15,"key":"SMITH"}],"neow_cost":"NONE","seed_source_timestamp":119742793180732,"circlet_count":0,"master_deck":["Strike_B","Strike_B","Defend_B","Defend_B","Defend_B","Zap+1","Dualcast","Conserve Battery+1","Leap+1","Redo+1","Capacitor","Compile Driver+1","Creative AI"],"relics":["Cracked Core","Molten Egg 2","Dream Catcher","Sozu"],"potions_floor_usage":[10,16,18],"damage_taken":[{"damage":0,"enemies":"Cultist","floor":1,"turns":4},{"damage":5,"enemies":"Jaw Worm","floor":4,"turns":4},{"damage":0,"enemies":"2 Louse","floor":7,"turns":2},{"damage":6,"enemies":"Lagavulin","floor":10,"turns":8},{"damage":0,"enemies":"Blue Slaver","floor":13,"turns":3},{"damage":0,"enemies":"2 Fungi Beasts","floor":14,"turns":3},{"damage":49,"enemies":"The Guardian","floor":16,"turns":13},{"damage":18,"enemies":"Spheric Guardian","floor":18,"turns":6},{"damage":45,"enemies":"3 Byrds","floor":19,"turns":6},{"damage":12,"enemies":"Snecko","floor":21,"turns":3}],"seed_played":"-4027081636020715105","potions_obtained":[{"floor":7,"key":"Fire Potion"},{"floor":13,"key":"Swift Potion"},{"floor":14,"key":"SpeedPotion"},{"floor":16,"key":"Poison Potion"}],"is_trial":false,"path_per_floor":["M","?","?","M","$","R","M","R","T","E","$","?","M","M","R","B",null,"M","M","$","M"],"character_chosen":"DEFECT","items_purchased":["Leap","Capacitor"],"campfire_rested":0,"item_purchase_floors":[5,11],"current_hp_per_floor":[75,75,64,59,59,59,59,59,59,53,53,53,53,53,53,4,75,57,12,12,0],"gold":65,"neow_bonus":"UPGRADE_CARD","is_prod":false,"is_daily":false,"chose_seed":false,"campfire_upgraded":3,"win_rate":0.0,"timestamp":1548013361,"path_taken":["M","?","?","M","$","R","M","R","T","E","$","?","M","M","R","BOSS","M","M","$","M"],"build_version":"2019-01-17v2","purchased_purges":2,"victory":false,"max_hp_per_floor":[75,75,75,75,75,75,75,75,75,75,75,75,75,75,75,75,75,75,75,75,75],"card_choices":[{"not_picked":["Cold Snap","Coolheaded","Compile Driver"],"picked":"SKIP","floor":1},{"not_picked":["Blizzard","Coolheaded"],"picked":"Conserve Battery","floor":4},{"not_picked":["Coolheaded","Beam Cell","Reinforced Body"],"picked":"SKIP","floor":7},{"not_picked":["Doom and Gloom+1","Conserve Battery"],"picked":"Redo","floor":10},{"not_picked":["Storm","Sunder+1","Go for the Eyes+1"],"picked":"SKIP","floor":13},{"not_picked":["Doom and Gloom+1","Coolheaded"],"picked":"Compile Driver+1","floor":14},{"not_picked":["Machine Learning","Meteor Strike+1"],"picked":"Creative AI","floor":16},{"not_picked":["Steam","Blizzard+1","Sweeping Beam+1"],"picked":"SKIP","floor":18},{"not_picked":["Gash+1","Compile Driver+1","Beam Cell+1"],"picked":"SKIP","floor":19}],"player_experience":48481,"relics_obtained":[{"floor":9,"key":"Molten Egg 2"},{"floor":10,"key":"Dream Catcher"}],"event_choices":[{"cards_removed":["Strike_B"],"damage_healed":0,"gold_gain":0,"player_choice":"Card Removal","damage_taken":0,"max_hp_gain":0,"max_hp_loss":0,"event_name":"The Cleric","floor":2,"gold_loss":50},{"damage_healed":0,"gold_gain":75,"player_choice":"Gather Gold","damage_taken":11,"max_hp_gain":0,"max_hp_loss":0,"event_name":"World of Goop","floor":3,"gold_loss":0},{"damage_healed":0,"gold_gain":0,"player_choice":"Ignored","damage_taken":0,"max_hp_gain":0,"max_hp_loss":0,"event_name":"Golden Idol","floor":12,"gold_loss":0}],"is_beta":false,"boss_relics":[{"not_picked":["Fusion Hammer","FrozenCore"],"picked":"Sozu"}],"items_purged_floors":[5,20],"is_endless":false,"potions_floor_spawned":[7,13,14,16,19],"killed_by":"Snecko","ascension_level":0}