{"gold_per_floor":[116,134,134,84,96,127,127,147,147,147,147,147,162,174,174,276,276,291,306,318,318,20,20,39,74,74,74,74,94,106,106,106,106],"floor_reached":33,"playtime":2275,"items_purged":["Strike_G"],"score":377,"play_id":"a3f62a37-bb71-414a-b388-829c66de9486","local_time":"20180823220442","is_ascension_mode":true,"campfire_choices":[{"floor":7,"key":"REST"},{"data":"Accuracy","floor":10,"key":"SMITH"},{"data":"Storm of Steel","floor":15,"key":"SMITH"},{"data":"Forethought","floor":23,"key":"SMITH"},{"data":"1","floor":28,"key":"LIFT"},{"floor":32,"key":"REST"}],"neow_cost":"NONE","seed_source_timestamp":14251968807554,"circlet_count":0,"master_deck":["Defend_G+1","Defend_G+1","Defend_G+1","Defend_G+1","Defend_G+1","Strike_G+1","Strike_G+1","Strike_G+1","Strike_G+1","Survivor","Neutralize","Storm of Steel+1","Accuracy+1","Endless Agony","Calculated Gamble","Acrobatics","Blade Dance","Cloak And Dagger","Backflip","Grand Finale","Backflip+1","Expertise","Blade Dance+1","Forethought+1","Die Die Die","Leg Sweep"],"relics":["Ring of the Serpent","Smiling Mask","Blood Vial","Paper Crane","Boot","Strange Spoon","Lantern","Girya"],"potions_floor_usage":[16,16,19,19,25,25,25,25,30,33],"damage_taken":[{"damage":0,"enemies":"Cultist","floor":1,"turns":4},{"damage":1,"enemies":"Jaw Worm","floor":2,"turns":5},{"damage":0,"enemies":"2 Louse","floor":5,"turns":2},{"damage":34,"enemies":"Gremlin Nob","floor":6,"turns":5},{"damage":14,"enemies":"Lots of Slimes","floor":8,"turns":5},{"damage":4,"enemies":"2 Fungi Beasts","floor":13,"turns":2},{"damage":0,"enemies":"Large Slime","floor":14,"turns":3},{"damage":13,"enemies":"Hexaghost","floor":16,"turns":7},{"damage":17,"enemies":"2 Thieves","floor":18,"turns":4},{"damage":0,"enemies":"Chosen","floor":19,"turns":1},{"damage":8,"enemies":"Snecko","floor":20,"turns":6},{"damage":0,"enemies":"Chosen and Byrds","floor":24,"turns":4},{"damage":7,"enemies":"Book of Stabbing","floor":25,"turns":6},{"damage":3,"enemies":"Sentry and Sphere","floor":29,"turns":3},{"damage":17,"enemies":"Shelled Parasite and Fungi","floor":30,"turns":4},{"damage":58,"enemies":"Automaton","floor":33,"turns":6}],"seed_played":"6209627640858189472","potions_obtained":[{"floor":5,"key":"Regen Potion"},{"floor":8,"key":"EntropicBrew"},{"floor":13,"key":"Fire Potion"},{"floor":14,"key":"Strength Potion"},{"floor":16,"key":"FearPotion"},{"floor":18,"key":"SteroidPotion"},{"floor":20,"key":"EssenceOfSteel"},{"floor":21,"key":"Dexterity Potion"}],"is_trial":false,"path_per_floor":["M","M","T","$","M","E","R","M","T","R","?","?","M","M","R","B",null,"M","M","M","?","$","R","M","E","T","?","R","M","M","?","R"],"character_chosen":"THE_SILENT","items_purchased":["Strange Spoon","Forethought"],"campfire_rested":2,"item_purchase_floors":[22,22],"current_hp_per_floor":[63,62,62,62,62,28,49,37,37,37,37,37,35,37,37,41,63,48,50,44,44,44,44,46,41,41,41,41,40,25,25,46,0],"gold":106,"neow_bonus":"ONE_RANDOM_RARE_CARD","is_prod":false,"is_daily":false,"chose_seed":false,"campfire_upgraded":3,"win_rate":0,"timestamp":1535054682,"path_taken":["M","M","?","?","M","E","R","M","T","R","?","?","M","?","R","BOSS","M","M","?","?","?","R","M","E","T","?","R","M","M","?","R","BOSS"],"build_version":"2018-08-16","purchased_purges":1,"victory":false,"max_hp_per_floor":[70,70,70,70,70,70,70,70,70,70,70,70,70,70,70,70,70,70,70,70,70,70,70,70,70,70,70,70,70,70,70,70,70],"card_choices":[{"not_picked":["Poisoned Stab","Predator"],"picked":"Accuracy","floor":1},{"not_picked":["Backflip","Flying Knee"],"picked":"Endless Agony","floor":2},{"not_picked":["Dodge and Roll","Noxious Fumes"],"picked":"Calculated Gamble","floor":5},{"not_picked":["Setup","Quick Slash"],"picked":"Acrobatics","floor":6},{"not_picked":["Prepared","Quick Slash"],"picked":"Blade Dance","floor":8},{"not_picked":["Riddle With Holes","Terror"],"picked":"Cloak And Dagger","floor":13},{"not_picked":["Flechettes","Venomology"],"picked":"Backflip","floor":14},{"not_picked":["Malaise","Glass Knife"],"picked":"Grand Finale","floor":16},{"not_picked":["Underhanded Strike","Crippling Poison"],"picked":"Backflip+1","floor":18},{"not_picked":["Underhanded Strike","Flying Knee"],"picked":"Expertise","floor":19},{"not_picked":["Backflip","Skewer"],"picked":"Blade Dance+1","floor":20},{"not_picked":["Slice+1","Dodge and Roll","Deflect"],"picked":"SKIP","floor":24},{"not_picked":["Flying Knee","Bane+1"],"picked":"Die Die Die","floor":25},{"not_picked":["Poisoned Stab","Backflip","Catalyst"],"picked":"SKIP","floor":29},{"not_picked":["Deflect","Predator"],"picked":"Leg Sweep","floor":30}],"player_experience":320358,"relics_obtained":[{"floor":3,"key":"Smiling Mask"},{"floor":6,"key":"Blood Vial"},{"floor":9,"key":"Paper Crane"},{"floor":25,"key":"Lantern"},{"floor":26,"key":"Girya"}],"event_choices":[{"event_name":"Accursed Blacksmith","player_choice":"Rummage","floor":11,"damage_taken":0},{"event_name":"Living Wall","player_choice":"Forget","floor":12,"damage_taken":0},{"event_name":"The Lab","player_choice":"Got Potions","floor":21,"damage_taken":0},{"event_name":"Back to Basics","player_choice":"Simplicity","floor":27,"damage_taken":0},{"event_name":"Cursed Tome","player_choice":"Ignored","floor":31,"damage_taken":0}],"is_beta":false,"boss_relics":[{"not_picked":["Runic Dome","Busted Crown"],"picked":"Ring of the Serpent"}],"items_purged_floors":[4],"is_endless":false,"potions_floor_spawned":[5,8,13,14,16,18,20,24],"killed_by":"Automaton","ascension_level":8}