{"gold_per_floor":[144,189,234,279,324,324,324,414,489,564,609,654,654,699,699,999,999,1044,1059,534,534,579,148,148,238,238,238,283,358,403,448,448,748,748,793,793,793,793,826,871,175,220,220,265,65,65,110,155,155,155],"floor_reached":51,"playtime":4470,"items_purged":["Defend_R","Heatsinks","Defend_G"],"score":675,"play_id":"b7580c04-aa31-4742-882e-76f6b377655c","local_time":"20190217213047","daily_mods":["Chimera","Time Dilation","Midas"],"is_ascension_mode":false,"campfire_choices":[{"floor":6,"key":"REST"},{"floor":15,"key":"REST"},{"floor":24,"key":"REST"},{"floor":27,"key":"REST"},{"floor":32,"key":"REST"},{"floor":49,"key":"REST"}],"neow_cost":"","seed_source_timestamp":39345096339716,"circlet_count":0,"master_deck":["Bash","Survivor+1","Zap","Defend_B","Redo+1","Chill","Glacier","Self Repair","Streamline","Chill+1","Blizzard","Coolheaded","Defragment","Coolheaded+1","Buffer","Apotheosis+1","Madness+1","Madness+1","Defragment"],"special_seed":17944,"relics":["Cracked Core","Bag of Preparation","Mercury Hourglass","Lizard Tail","Calipers","Vajra","Cables","Molten Egg 2","Emotion Chip","Toxic Egg 2","Philosopher\u0027s Stone","StoneCalendar","Lee\u0027s Waffle","Bag of Marbles","Art of War","Letter Opener","ClockworkSouvenir"],"potions_floor_usage":[16,16,25,33,50,50,50],"damage_taken":[{"damage":6,"enemies":"Jaw Worm","floor":1,"turns":3},{"damage":0,"enemies":"Small Slimes","floor":2,"turns":3},{"damage":3,"enemies":"2 Louse","floor":3,"turns":3},{"damage":6,"enemies":"Exordium Wildlife","floor":4,"turns":4},{"damage":0,"enemies":"3 Louse","floor":5,"turns":3},{"damage":9,"enemies":"3 Sentries","floor":8,"turns":10},{"damage":0,"enemies":"Looter","floor":11,"turns":3},{"damage":0,"enemies":"Large Slime","floor":12,"turns":4},{"damage":0,"enemies":"3 Louse","floor":14,"turns":3},{"damage":12,"enemies":"Hexaghost","floor":16,"turns":9},{"damage":2,"enemies":"3 Byrds","floor":18,"turns":5},{"damage":0,"enemies":"2 Thieves","floor":19,"turns":4},{"damage":4,"enemies":"Centurion and Healer","floor":22,"turns":10},{"damage":44,"enemies":"Book of Stabbing","floor":25,"turns":7},{"damage":0,"enemies":"3 Cultists","floor":28,"turns":5},{"damage":4,"enemies":"Snecko","floor":30,"turns":7},{"damage":8,"enemies":"Snake Plant","floor":31,"turns":5},{"damage":18,"enemies":"Automaton","floor":33,"turns":12},{"damage":0,"enemies":"3 Shapes","floor":35,"turns":5},{"damage":12,"enemies":"2 Orb Walkers","floor":39,"turns":5},{"damage":0,"enemies":"3 Darklings","floor":40,"turns":4},{"damage":0,"enemies":"Maw","floor":42,"turns":6},{"damage":19,"enemies":"Jaw Worm Horde","floor":44,"turns":3},{"damage":0,"enemies":"Transient","floor":47,"turns":5},{"damage":0,"enemies":"4 Shapes","floor":48,"turns":1},{"damage":5,"enemies":"Awakened One","floor":50,"turns":8}],"seed_played":"3988833726402513641","potions_obtained":[{"floor":2,"key":"LiquidBronze"},{"floor":8,"key":"FearPotion"},{"floor":11,"key":"LiquidBronze"},{"floor":16,"key":"Regen Potion"},{"floor":19,"key":"Strength Potion"},{"floor":28,"key":"LiquidBronze"},{"floor":39,"key":"FocusPotion"}],"is_trial":false,"path_per_floor":["M","M","M","M","M","R","?","E","T","?","M","M","?","M","R","B",null,"M","M","$","?","M","$","R","E","T","R","M","T","M","M","R","B",null,"M","?","?","?","?","M","$","M","T","M","$","?","M","M","R","B",null],"character_chosen":"DEFECT","items_purchased":["Calipers","Vajra","Blizzard","Cables","Defragment","Lee\u0027s Waffle","Bag of Marbles","Art of War","ClockworkSouvenir"],"campfire_rested":6,"item_purchase_floors":[20,20,23,23,41,41,41,41,45],"current_hp_per_floor":[69,69,66,60,60,75,60,51,51,40,40,40,33,33,55,43,75,75,75,75,75,75,75,75,50,50,72,75,75,75,74,75,64,75,75,75,66,66,64,74,82,82,82,73,73,73,73,73,82,82],"gold":155,"neow_bonus":"","is_prod":false,"is_daily":true,"chose_seed":false,"campfire_upgraded":0,"win_rate":0,"timestamp":1550435447,"path_taken":["M","M","M","M","M","R","?","E","T","?","M","?","?","M","R","BOSS","M","M","$","?","M","$","R","E","T","R","M","?","M","M","R","BOSS","M","?","?","?","?","M","$","M","T","M","$","?","?","M","R","BOSS"],"build_version":"2019-01-23","purchased_purges":3,"victory":true,"max_hp_per_floor":[75,75,75,75,75,75,75,75,75,75,75,75,75,75,75,75,75,75,75,75,75,75,75,75,75,75,75,75,75,75,75,75,75,75,75,75,75,75,75,75,82,82,82,82,82,82,82,82,82,82],"card_choices":[{"not_picked":["Rebound","Ball Lightning","Hologram"],"picked":"SKIP","floor":1},{"not_picked":["Redo","Lockon"],"picked":"Chill","floor":2},{"not_picked":["Steam","Go for the Eyes"],"picked":"Redo","floor":3},{"not_picked":["Sunder","Hello World"],"picked":"Chill","floor":4},{"not_picked":["Recycle","Streamline","Genetic Algorithm"],"picked":"SKIP","floor":5},{"not_picked":["Steam","Chaos"],"picked":"Glacier","floor":8},{"not_picked":["Compile Driver","Redo","Rebound"],"picked":"SKIP","floor":11},{"not_picked":["Melter","Chill","Meteor Strike"],"picked":"SKIP","floor":12},{"not_picked":["Rebound","Barrage"],"picked":"Self Repair","floor":14},{"not_picked":["Tempest+1","Redo","Rebound"],"picked":"SKIP","floor":18},{"not_picked":["Loop","Leap","Compile Driver"],"picked":"SKIP","floor":19},{"not_picked":["Ball Lightning+1","Consume"],"picked":"Chill+1","floor":22},{"not_picked":["Genetic Algorithm","Rebound","Fusion"],"picked":"SKIP","floor":25},{"not_picked":["Gash+1","Redo"],"picked":"Coolheaded","floor":28},{"not_picked":["Tempest+1","Ball Lightning+1"],"picked":"Defragment","floor":30},{"not_picked":["Ball Lightning+1","Turbo+1"],"picked":"Coolheaded+1","floor":31},{"not_picked":["Meteor Strike+1","Hyperbeam+1"],"picked":"Buffer","floor":33},{"not_picked":["Aggregate+1","Conserve Battery+1","Beam Cell+1"],"picked":"SKIP","floor":35},{"not_picked":["Good Instincts+1","Secret Weapon+1"],"picked":"Apotheosis+1","floor":36},{"not_picked":["White Noise+1","Recycle+1","Darkness+1"],"picked":"SKIP","floor":40},{"not_picked":["Compile Driver+1","Steam+1","Coolheaded+1"],"picked":"SKIP","floor":42},{"not_picked":["Heatsinks+1","Barrage+1","Hologram+1"],"picked":"SKIP","floor":44},{"not_picked":["Thunder Strike+1","Compile Driver+1","Coolheaded+1"],"picked":"SKIP","floor":47},{"not_picked":["Conserve Battery+1","Glacier+1","Recycle+1"],"picked":"SKIP","floor":48}],"player_experience":196316,"relics_obtained":[{"floor":8,"key":"Bag of Preparation"},{"floor":9,"key":"Mercury Hourglass"},{"floor":25,"key":"Molten Egg 2"},{"floor":26,"key":"Emotion Chip"},{"floor":29,"key":"Toxic Egg 2"},{"floor":39,"key":"StoneCalendar"},{"floor":43,"key":"Letter Opener"}],"event_choices":[{"damage_healed":0,"gold_gain":0,"player_choice":"Entered Light","damage_taken":15,"max_hp_gain":0,"max_hp_loss":0,"event_name":"Shining Light","floor":7,"gold_loss":0,"cards_upgraded":["Survivor","Redo"]},{"damage_healed":0,"gold_gain":75,"player_choice":"Gather Gold","damage_taken":11,"max_hp_gain":0,"max_hp_loss":0,"event_name":"World of Goop","floor":10,"gold_loss":0},{"cards_removed":["Strike_G"],"damage_healed":0,"gold_gain":0,"player_choice":"Card Removal","damage_taken":7,"max_hp_gain":0,"max_hp_loss":0,"event_name":"Golden Wing","floor":13,"gold_loss":0},{"damage_healed":0,"gold_gain":0,"cards_transformed":["Strike_B","Chill"],"player_choice":"Became Test Subject","damage_taken":0,"max_hp_gain":0,"max_hp_loss":0,"event_name":"Drug Dealer","floor":21,"gold_loss":0,"cards_obtained":["Streamline","Heatsinks"]},{"damage_healed":0,"gold_gain":0,"player_choice":"Memory 1","damage_taken":0,"max_hp_gain":0,"max_hp_loss":0,"event_name":"SensoryStone","floor":36,"gold_loss":0},{"damage_healed":0,"gold_gain":0,"player_choice":"Embrace Madness","damage_taken":9,"max_hp_gain":0,"max_hp_loss":0,"event_name":"Winding Halls","floor":37,"gold_loss":0,"cards_obtained":["Madness","Madness"]},{"damage_healed":0,"gold_gain":0,"player_choice":"Ignored","damage_taken":0,"max_hp_gain":0,"max_hp_loss":0,"event_name":"Tomb of Lord Red Mask","floor":38,"gold_loss":0},{"damage_healed":0,"gold_gain":0,"player_choice":"Fight","damage_taken":0,"max_hp_gain":0,"max_hp_loss":0,"event_name":"Mysterious Sphere","floor":39,"gold_loss":0},{"cards_removed":["Strike_R"],"damage_healed":0,"gold_gain":0,"player_choice":"Removed Attack","damage_taken":0,"max_hp_gain":0,"max_hp_loss":0,"event_name":"Falling","floor":46,"gold_loss":0}],"is_beta":false,"boss_relics":[{"not_picked":["Runic Dome","Eternal Feather"],"picked":"Lizard Tail"},{"not_picked":["FrozenCore","Empty Cage"],"picked":"Philosopher\u0027s Stone"}],"items_purged_floors":[20,23,41],"is_endless":false,"potions_floor_spawned":[2,8,11,12,16,19,28,30,31,39,47],"ascension_level":0}