{"gold_per_floor":[115,115,390,400,415,415,449,449,472,26,26,26,46,64,64,159,159,171,201,221,233,24,58,58,58,85,102,102,102,11,11],"floor_reached":31,"playtime":1137,"items_purged":[],"score":278,"play_id":"1b4d6117-0c7f-402b-9e4c-efa8f93cc06e","local_time":"20190126104918","is_ascension_mode":true,"campfire_choices":[{"floor":6,"key":"REST"},{"data":"Zap","floor":8,"key":"SMITH"},{"floor":12,"key":"REST"},{"data":"Fission","floor":15,"key":"SMITH"},{"floor":24,"key":"REST"}],"neow_cost":"NONE","seed_source_timestamp":828796400542916,"circlet_count":0,"master_deck":["Strike_B+1","Strike_B+1","Strike_B+1","Strike_B+1","Defend_B+1","Defend_B+1","Defend_B+1","Defend_B+1","Zap+1","Dualcast","Streamline","Coolheaded","Doom and Gloom","Stack","Panache","Sweeping Beam","Sunder","Fission+1","Thunder Strike","Turbo","BootSequence","Melter+1","FTL","Capacitor","Bandage Up","Cold Snap","Turbo+1","Beam Cell","Tempest","Ball Lightning"],"relics":["FrozenCore","Anchor","Vajra","Kunai","Red Mask","StoneCalendar","Nloth\u0027s Gift","Smiling Mask"],"potions_floor_usage":[7,16,19,20,31],"damage_taken":[{"damage":0,"enemies":"Small Slimes","floor":1,"turns":3},{"damage":0,"enemies":"2 Louse","floor":4,"turns":1},{"damage":3,"enemies":"Cultist","floor":5,"turns":3},{"damage":19,"enemies":"3 Sentries","floor":7,"turns":7},{"damage":4,"enemies":"Large Slime","floor":13,"turns":6},{"damage":0,"enemies":"Blue Slaver","floor":14,"turns":3},{"damage":39,"enemies":"Hexaghost","floor":16,"turns":9},{"damage":1,"enemies":"Shell Parasite","floor":18,"turns":4},{"damage":27,"enemies":"Masked Bandits","floor":19,"turns":6},{"damage":9,"enemies":"Chosen","floor":20,"turns":6},{"damage":16,"enemies":"Centurion and Healer","floor":21,"turns":7},{"damage":23,"enemies":"Gremlin Leader","floor":23,"turns":7},{"damage":28,"enemies":"Cultist and Chosen","floor":27,"turns":7},{"damage":11,"enemies":"Snake Plant","floor":31,"turns":3}],"seed_played":"4894799313573103656","potions_obtained":[{"floor":1,"key":"Poison Potion"},{"floor":5,"key":"Strength Potion"},{"floor":14,"key":"Swift Potion"},{"floor":18,"key":"Dexterity Potion"},{"floor":19,"key":"Ancient Potion"},{"floor":27,"key":"Swift Potion"}],"is_trial":false,"path_per_floor":["M","?","?","M","M","R","E","R","T","$","?","R","M","M","R","B",null,"M","?","M","M","$","E","R","?","T","M","?","?","$","M"],"character_chosen":"DEFECT","items_purchased":["Kunai","Panache","Sweeping Beam","Capacitor","Bandage Up","Cold Snap","Tempest","Ball Lightning"],"campfire_rested":3,"item_purchase_floors":[10,10,10,22,22,22,30,30],"current_hp_per_floor":[75,60,60,60,57,75,56,56,56,56,49,71,67,67,67,28,75,74,47,38,22,22,3,25,25,25,1,1,1,1,0],"gold":11,"neow_bonus":"RANDOM_COMMON_RELIC","is_prod":false,"is_daily":false,"chose_seed":false,"campfire_upgraded":2,"win_rate":0,"timestamp":1548517758,"path_taken":["M","?","?","M","?","R","E","R","T","$","?","R","M","M","R","BOSS","M","?","M","M","$","E","R","?","T","?","?","?","?","M"],"build_version":"2019-01-23","purchased_purges":0,"victory":false,"max_hp_per_floor":[75,75,75,75,75,75,75,75,75,75,75,75,75,75,75,75,75,75,75,75,75,75,75,75,75,75,75,75,75,75,75],"card_choices":[{"not_picked":["Rebound","Recycle"],"picked":"Streamline","floor":1},{"not_picked":["Cold Snap","Hologram"],"picked":"Coolheaded","floor":4},{"not_picked":["Gash","Heatsinks"],"picked":"Doom and Gloom","floor":5},{"not_picked":["Rainbow","Fusion"],"picked":"Stack","floor":7},{"not_picked":["Barrage","Hologram"],"picked":"Sunder","floor":13},{"not_picked":["Static Discharge","Sweeping Beam"],"picked":"Fission","floor":14},{"not_picked":["Hyperbeam","Multi-Cast"],"picked":"Thunder Strike","floor":16},{"not_picked":["Static Discharge","Ball Lightning+1"],"picked":"Turbo","floor":18},{"not_picked":["Reinforced Body+1","Coolheaded"],"picked":"BootSequence","floor":19},{"not_picked":["Lockon","Consume"],"picked":"Melter+1","floor":20},{"not_picked":["Recycle","Doom and Gloom"],"picked":"FTL","floor":21},{"not_picked":["Sunder","Rebound"],"picked":"Turbo+1","floor":23},{"not_picked":["Rebound","Hologram"],"picked":"Beam Cell","floor":27}],"player_experience":232997,"relics_obtained":[{"floor":7,"key":"Orichalcum"},{"floor":9,"key":"Vajra"},{"floor":19,"key":"Red Mask"},{"floor":23,"key":"StoneCalendar"},{"floor":26,"key":"Smiling Mask"}],"event_choices":[{"damage_healed":0,"gold_gain":0,"player_choice":"Entered Light","damage_taken":15,"max_hp_gain":0,"max_hp_loss":0,"event_name":"Shining Light","floor":2,"gold_loss":0,"cards_upgraded":["Defend_B","Strike_B"]},{"damage_healed":0,"gold_gain":275,"player_choice":"Desecrate","damage_taken":0,"max_hp_gain":0,"max_hp_loss":0,"event_name":"Golden Shrine","floor":3,"gold_loss":0,"cards_obtained":["Regret"]},{"cards_removed":["Regret"],"damage_healed":0,"gold_gain":0,"player_choice":"Card Removal","damage_taken":7,"max_hp_gain":0,"max_hp_loss":0,"event_name":"Golden Wing","floor":11,"gold_loss":0},{"damage_healed":0,"gold_gain":0,"player_choice":"Fought Bandits","damage_taken":0,"max_hp_gain":0,"max_hp_loss":0,"event_name":"Masked Bandits","floor":19,"gold_loss":0},{"damage_healed":0,"gold_gain":0,"player_choice":"Traded Relic","damage_taken":0,"relics_obtained":["Nloth\u0027s Gift"],"max_hp_gain":0,"max_hp_loss":0,"event_name":"N\u0027loth","floor":25,"relics_lost":["Orichalcum"],"gold_loss":0},{"damage_healed":0,"gold_gain":0,"player_choice":"Simplicity","damage_taken":0,"max_hp_gain":0,"max_hp_loss":0,"event_name":"Back to Basics","floor":28,"gold_loss":0,"cards_upgraded":["Strike_B","Strike_B","Strike_B","Defend_B","Defend_B","Defend_B"]},{"damage_healed":0,"gold_gain":0,"player_choice":"Ignored","damage_taken":0,"max_hp_gain":0,"max_hp_loss":0,"event_name":"Vampires","floor":29,"gold_loss":0}],"is_beta":false,"boss_relics":[{"not_picked":["White Beast Statue","Philosopher\u0027s Stone"],"picked":"FrozenCore"}],"items_purged_floors":[],"is_endless":false,"potions_floor_spawned":[1,5,14,18,19,27],"killed_by":"Snake Plant","ascension_level":2}