{"gold_per_floor":[115,131,81,91,101,101,130,130,130,161,176,176],"floor_reached":12,"playtime":825,"items_purged":[],"score":144,"play_id":"5e6c6efc-a990-4657-9dcb-32cb2460847d","local_time":"20180918224330","is_ascension_mode":true,"campfire_choices":[{"data":"Leg Sweep","floor":6,"key":"SMITH"}],"neow_cost":"TEN_PERCENT_HP_LOSS","seed_source_timestamp":0,"circlet_count":0,"master_deck":["Defend_G","Defend_G","Defend_G","Defend_G","Defend_G","Strike_G","Strike_G","Strike_G","Strike_G","Survivor","Neutralize","AscendersBane","Heel Hook","Masterful Stab+1","Leg Sweep+1","Dodge and Roll","Slice"],"special_seed":0,"relics":["Ring of the Snake","Ginger","Turnip","Unceasing Top","Du-Vu Doll"],"potions_floor_usage":[5,7,10,11],"damage_taken":[{"damage":2,"enemies":"2 Louse","floor":1,"turns":4},{"damage":0,"enemies":"Jaw Worm","floor":2,"turns":5},{"damage":0,"enemies":"Cultist","floor":4,"turns":4},{"damage":10,"enemies":"Exordium Wildlife","floor":5,"turns":6},{"damage":17,"enemies":"Lagavulin","floor":7,"turns":10},{"damage":27,"enemies":"Gremlin Nob","floor":10,"turns":6},{"damage":2,"enemies":"Lots of Slimes","floor":11,"turns":4},{"damage":5,"enemies":"Gremlin Gang","floor":12,"turns":1}],"seed_played":"407125137745004670","potions_obtained":[{"floor":1,"key":"LiquidBronze"},{"floor":2,"key":"Strength Potion"},{"floor":7,"key":"SpeedPotion"},{"floor":10,"key":"Poison Potion"}],"is_trial":false,"path_per_floor":["M","M","?","M","M","R","E","?","T","E","M"],"character_chosen":"THE_SILENT","items_purchased":[],"campfire_rested":0,"item_purchase_floors":[],"current_hp_per_floor":[61,61,61,61,51,51,34,34,34,7,5,0],"gold":176,"neow_bonus":"ONE_RARE_RELIC","is_prod":false,"is_daily":false,"chose_seed":false,"campfire_upgraded":1,"win_rate":0,"timestamp":1537303410,"path_taken":["M","M","?","?","M","R","E","?","T","E","M","M"],"build_version":"2018-09-06","purchased_purges":0,"victory":false,"max_hp_per_floor":[63,63,63,63,63,63,63,63,63,63,63,63],"card_choices":[{"not_picked":["Flying Knee","Expertise"],"picked":"Heel Hook","floor":1},{"not_picked":["Skewer","Bane"],"picked":"Masterful Stab","floor":2},{"not_picked":["Flechettes","Dagger Throw","Reflex"],"picked":"SKIP","floor":4},{"not_picked":["Dagger Throw","Blade Dance"],"picked":"Leg Sweep","floor":5},{"not_picked":["Predator","PiercingWail"],"picked":"Dodge and Roll","floor":7},{"not_picked":["Underhanded Strike","Corpse Explosion","Quick Slash"],"picked":"SKIP","floor":10},{"not_picked":["Infinite Blades","Quick Slash"],"picked":"Slice","floor":11}],"player_experience":422856,"relics_obtained":[{"floor":7,"key":"Turnip"},{"floor":9,"key":"Unceasing Top"},{"floor":10,"key":"Du-Vu Doll"}],"event_choices":[{"event_name":"The Cleric","player_choice":"Card Removal","floor":3,"damage_taken":0},{"event_name":"Upgrade Shrine","player_choice":"Upgraded","floor":8,"damage_taken":0}],"is_beta":false,"boss_relics":[],"items_purged_floors":[],"is_endless":false,"potions_floor_spawned":[1,2,7,10],"killed_by":"Gremlin Gang","ascension_level":12}