{"gold_per_floor":[110,123,142,161,23,23,34,34,57,69,81,93,125,167,179,265,277,306,330,342,454,466,478,518,530,542,587,377,404,404,419,419,419],"floor_reached":33,"playtime":2520,"items_purged":["Defend_R"],"score":574,"play_id":"9a441691-9c17-4c5d-a9aa-a95853db1789","local_time":"20181215210842","is_ascension_mode":true,"campfire_choices":[{"data":"Perfected Strike","floor":6,"key":"SMITH"},{"data":"Perfected Strike","floor":8,"key":"SMITH"},{"data":"Power Through","floor":15,"key":"SMITH"},{"data":"Flame Barrier","floor":23,"key":"SMITH"},{"data":"Bash","floor":25,"key":"SMITH"},{"data":"Berserk","floor":32,"key":"SMITH"}],"neow_cost":"NONE","seed_source_timestamp":36424682517764,"circlet_count":0,"master_deck":["AscendersBane","Strike_R+1","Strike_R","Strike_R","Strike_R","Strike_R+1","Defend_R","Defend_R","Defend_R","Bash+1","Perfected Strike+1","Wild Strike","Perfected Strike+1","Power Through+1","Pommel Strike","Twin Strike","Dark Shackles","Twin Strike","Impervious","Flame Barrier+1","Pommel Strike","Berserk+1","Ghostly Armor+1"],"relics":["Burning Blood","MawBank","Boot","Sozu","Mercury Hourglass","Dead Branch","Bag of Marbles","Strawberry","Ornamental Fan","Whetstone","Thread and Needle"],"potions_floor_usage":[13,21],"damage_taken":[{"damage":18,"enemies":"Jaw Worm","floor":1,"turns":4},{"damage":1,"enemies":"Cultist","floor":2,"turns":3},{"damage":1,"enemies":"2 Louse","floor":3,"turns":2},{"damage":6,"enemies":"Looter","floor":4,"turns":3},{"damage":0,"enemies":"Gremlin Gang","floor":7,"turns":6},{"damage":11,"enemies":"Lots of Slimes","floor":13,"turns":4},{"damage":14,"enemies":"3 Sentries","floor":14,"turns":5},{"damage":19,"enemies":"Slime Boss","floor":16,"turns":10},{"damage":6,"enemies":"Spheric Guardian","floor":18,"turns":3},{"damage":21,"enemies":"Shell Parasite","floor":19,"turns":3},{"damage":0,"enemies":"Colosseum Slavers","floor":21,"turns":4},{"damage":8,"enemies":"Colosseum Nobs","floor":21,"turns":4},{"damage":22,"enemies":"Book of Stabbing","floor":24,"turns":5},{"damage":3,"enemies":"Gremlin Leader","floor":27,"turns":4},{"damage":0,"enemies":"Book of Stabbing","floor":29,"turns":2},{"damage":0,"enemies":"Snecko","floor":31,"turns":2},{"damage":62,"enemies":"Automaton","floor":33,"turns":8}],"seed_played":"-3932807815347267798","potions_obtained":[{"floor":2,"key":"SkillPotion"},{"floor":3,"key":"Swift Potion"},{"floor":7,"key":"Strength Potion"}],"is_trial":false,"path_per_floor":["M","M","M","M","$","R","M","R","T","?","?","T","M","E","R","B",null,"M","M","$","?","$","R","E","R","T","E","$","E","?","M","R","B"],"character_chosen":"IRONCLAD","items_purchased":["Twin Strike","Dark Shackles","Whetstone"],"campfire_rested":0,"item_purchase_floors":[5,5,28],"current_hp_per_floor":[56,61,66,66,66,66,72,72,72,72,72,72,67,59,59,46,68,68,53,53,57,57,57,41,41,48,51,51,57,49,55,55,0],"gold":419,"neow_bonus":"THREE_CARDS","is_prod":false,"is_daily":false,"chose_seed":false,"campfire_upgraded":6,"win_rate":0,"timestamp":1544904522,"path_taken":["M","M","M","M","$","R","M","R","T","?","?","?","M","E","R","BOSS","M","?","$","?","$","R","E","R","T","E","$","E","?","?","R","BOSS"],"build_version":"2018-12-13","purchased_purges":1,"victory":false,"max_hp_per_floor":[75,75,75,75,75,75,75,75,75,75,75,75,75,75,75,75,75,75,75,75,75,75,75,75,75,82,82,82,82,82,82,82,82],"card_choices":[{"not_picked":["Heavy Blade","Burning Pact"],"picked":"Perfected Strike","floor":0},{"not_picked":["Warcry","Shrug It Off"],"picked":"Wild Strike","floor":1},{"not_picked":["Sever Soul","Shockwave"],"picked":"Perfected Strike","floor":2},{"not_picked":["Cleave","Clash"],"picked":"Power Through","floor":3},{"not_picked":["Feed","Whirlwind"],"picked":"Pommel Strike","floor":4},{"not_picked":["Warcry","Clash","Iron Wave"],"picked":"SKIP","floor":7},{"not_picked":["Infernal Blade","Rupture","Cleave"],"picked":"SKIP","floor":13},{"not_picked":["Cleave","Immolate"],"picked":"Twin Strike","floor":14},{"not_picked":["Brutality","Barricade"],"picked":"Impervious","floor":16},{"not_picked":["Whirlwind+1","Feel No Pain+1","Infernal Blade"],"picked":"SKIP","floor":18},{"not_picked":["Sword Boomerang","Iron Wave"],"picked":"Flame Barrier","floor":19},{"not_picked":["Clash","Sword Boomerang+1"],"picked":"Pommel Strike","floor":21},{"not_picked":["Brutality","Cleave"],"picked":"Berserk","floor":24},{"not_picked":["Cleave+1","Havoc","Searing Blow"],"picked":"SKIP","floor":27},{"not_picked":["Feed","Anger+1","Clothesline+1"],"picked":"SKIP","floor":29},{"not_picked":["Thunderclap","Iron Wave"],"picked":"Ghostly Armor+1","floor":31}],"player_experience":623073,"relics_obtained":[{"floor":9,"key":"MawBank"},{"floor":14,"key":"Boot"},{"floor":21,"key":"Mercury Hourglass"},{"floor":21,"key":"Dead Branch"},{"floor":24,"key":"Bag of Marbles"},{"floor":26,"key":"Strawberry"},{"floor":27,"key":"Ornamental Fan"},{"floor":29,"key":"Thread and Needle"}],"event_choices":[{"damage_healed":0,"gold_gain":0,"player_choice":"Fled","damage_taken":0,"max_hp_gain":0,"max_hp_loss":0,"event_name":"Scrap Ooze","floor":10,"gold_loss":0},{"damage_healed":0,"gold_gain":0,"player_choice":"Ignored","damage_taken":0,"max_hp_gain":0,"max_hp_loss":0,"event_name":"Liars Game","floor":11,"gold_loss":0},{"damage_healed":0,"gold_gain":0,"player_choice":"Fight","damage_taken":0,"max_hp_gain":0,"max_hp_loss":0,"event_name":"Colosseum","floor":21,"gold_loss":0},{"damage_healed":0,"gold_gain":0,"player_choice":"Fought Nobs","damage_taken":0,"max_hp_gain":0,"max_hp_loss":0,"event_name":"Colosseum","floor":21,"gold_loss":0},{"damage_healed":0,"gold_gain":0,"player_choice":"","damage_taken":8,"max_hp_gain":0,"max_hp_loss":0,"event_name":"Knowing Skull","floor":30,"potions_obtained":[],"gold_loss":0,"cards_obtained":[]}],"is_beta":false,"boss_relics":[{"not_picked":["Astrolabe","Coffee Dripper"],"picked":"Sozu"}],"items_purged_floors":[28],"is_endless":false,"potions_floor_spawned":[2,3,7,21,21,27],"killed_by":"Automaton","ascension_level":15}