{"gold_per_floor":[114,114,114,124,141,141,160,160,160,170,181,181,31,31,31,131,131,141,154,154,154,166,166,198,198,223,184,197,197,230,244,244,244],"floor_reached":33,"playtime":2460,"items_purged":["Strike_G"],"score":402,"play_id":"3d8b5bdc-2c7f-487f-845f-350798cb4f97","local_time":"20180901182533","is_ascension_mode":true,"campfire_choices":[{"data":"Quick Slash","floor":6,"key":"SMITH"},{"data":"Eviscerate","floor":12,"key":"SMITH"},{"data":"Backflip","floor":15,"key":"SMITH"},{"data":"Eviscerate","floor":23,"key":"SMITH"},{"floor":25,"key":"REST"},{"data":"Reflex","floor":32,"key":"SMITH"}],"neow_cost":"NONE","seed_source_timestamp":6215046881171,"circlet_count":0,"master_deck":["Defend_G+1","Defend_G+1","Defend_G+1","Defend_G+1","Strike_G+1","Strike_G+1","Survivor","Quick Slash+1","Acrobatics","Burst","Backflip+1","Eviscerate+1","Footwork","Adrenaline","Pain","Regret","Pain","Phantasmal Killer","Underhanded Strike","Eviscerate+1","Terror","Reflex+1","Expertise","Leg Sweep"],"relics":["HoveringKite","Mummified Hand","Lantern","Calling Bell","Anchor","Question Card","Du-Vu Doll","Snake Skull","Ninja Scroll","Bag of Preparation","Bag of Marbles"],"potions_floor_usage":[10,33,33,33],"damage_taken":[{"damage":0,"enemies":"Cultist","floor":1,"turns":4},{"damage":2,"enemies":"Small Slimes","floor":4,"turns":6},{"damage":0,"enemies":"Jaw Worm","floor":5,"turns":5},{"damage":0,"enemies":"Looter","floor":7,"turns":5},{"damage":5,"enemies":"Lots of Slimes","floor":10,"turns":6},{"damage":0,"enemies":"Gremlin Gang","floor":11,"turns":8},{"damage":31,"enemies":"Slime Boss","floor":16,"turns":15},{"damage":0,"enemies":"Chosen","floor":18,"turns":3},{"damage":9,"enemies":"3 Byrds","floor":19,"turns":4},{"damage":0,"enemies":"Snake Plant","floor":22,"turns":3},{"damage":15,"enemies":"Book of Stabbing","floor":24,"turns":3},{"damage":0,"enemies":"Cultist and Chosen","floor":28,"turns":3},{"damage":20,"enemies":"Gremlin Leader","floor":30,"turns":3},{"damage":0,"enemies":"Snecko","floor":31,"turns":1},{"damage":53,"enemies":"Automaton","floor":33,"turns":6}],"seed_played":"-3732535034434356078","potions_obtained":[{"floor":7,"key":"GhostInAJar"},{"floor":16,"key":"Regen Potion"},{"floor":24,"key":"GamblersBrew"},{"floor":28,"key":"EssenceOfSteel"}],"is_trial":false,"path_per_floor":["M","?","?","M","M","R","M","?","T","M","M","R","$","T","R","B",null,"M","M","?","?","M","R","E","R","T","$","M","?","E","M","R"],"character_chosen":"THE_SILENT","items_purchased":["Footwork","Reflex"],"campfire_rested":1,"item_purchase_floors":[13,27],"current_hp_per_floor":[63,63,63,61,61,61,61,54,54,49,49,49,49,49,49,18,57,57,48,48,48,48,48,33,54,54,54,54,54,34,34,34,0],"gold":244,"neow_bonus":"BOSS_RELIC","is_prod":false,"is_daily":false,"chose_seed":false,"campfire_upgraded":5,"win_rate":0,"timestamp":1535819133,"path_taken":["M","?","?","M","M","R","?","?","T","M","M","R","?","?","R","BOSS","M","M","?","?","M","R","E","R","T","?","?","?","E","?","R","BOSS"],"build_version":"2018-08-30","purchased_purges":1,"victory":false,"max_hp_per_floor":[70,70,70,70,70,70,70,70,70,70,70,70,70,70,70,70,70,70,70,70,70,70,70,70,70,70,70,70,70,70,70,70,70],"card_choices":[{"not_picked":["Poisoned Stab","Deadly Poison","Outmaneuver"],"picked":"SKIP","floor":1},{"not_picked":["Flying Knee","Bane"],"picked":"Acrobatics","floor":4},{"not_picked":["Prepared","Outmaneuver","Sucker Punch"],"picked":"SKIP","floor":5},{"not_picked":["Dodge and Roll","Deadly Poison"],"picked":"Burst","floor":7},{"not_picked":["Setup","Infinite Blades"],"picked":"Backflip","floor":10},{"not_picked":["Infinite Blades","Catalyst"],"picked":"Eviscerate","floor":11},{"not_picked":["Envenom","After Image"],"picked":"Adrenaline","floor":16},{"not_picked":["Dodge and Roll","Phantasmal Killer","PiercingWail","Deadly Poison"],"picked":"SKIP","floor":18},{"not_picked":["Dodge and Roll","PiercingWail","Deadly Poison"],"picked":"Phantasmal Killer","floor":18},{"not_picked":["Heel Hook+1","Blade Dance","Sucker Punch+1"],"picked":"Underhanded Strike","floor":19},{"not_picked":["Leg Sweep","Grand Finale","Dodge and Roll"],"picked":"Eviscerate","floor":22},{"not_picked":["Outmaneuver","Caltrops","Backstab"],"picked":"Terror","floor":24},{"not_picked":["Dagger Spray","Noxious Fumes+1","Dodge and Roll"],"picked":"Expertise","floor":28},{"not_picked":["Choke","Dagger Throw","Noxious Fumes"],"picked":"Leg Sweep","floor":30},{"not_picked":["Infinite Blades","Deflect","Blade Dance","Outmaneuver"],"picked":"SKIP","floor":31}],"player_experience":363162,"relics_obtained":[{"floor":9,"key":"Mummified Hand"},{"floor":14,"key":"Lantern"},{"floor":17,"key":"Anchor"},{"floor":17,"key":"Question Card"},{"floor":17,"key":"Du-Vu Doll"},{"floor":24,"key":"Ninja Scroll"},{"floor":26,"key":"Bag of Preparation"},{"floor":30,"key":"Bag of Marbles"}],"event_choices":[{"event_name":"Transmorgrifier","player_choice":"Transform","floor":2,"damage_taken":0},{"event_name":"Living Wall","player_choice":"Forget","floor":3,"damage_taken":0},{"event_name":"Golden Wing","player_choice":"Card Removal","floor":8,"damage_taken":0},{"event_name":"Back to Basics","player_choice":"Simplicity","floor":20,"damage_taken":0},{"event_name":"The Mausoleum","player_choice":"Yes","floor":21,"damage_taken":0},{"event_name":"Bonfire Elementals","player_choice":"BASIC","floor":29,"damage_taken":0}],"is_beta":false,"boss_relics":[{"not_picked":["Velvet Choker","Lizard Tail"],"picked":"Calling Bell"}],"items_purged_floors":[13],"is_endless":false,"potions_floor_spawned":[7,16,24,28,30],"killed_by":"Automaton","ascension_level":9}