{"gold_per_floor":[13,13,26,42,54,54,54,54,54,54,74,92,107,171,171,272,272,290,304,314,328,208,208,236,236,236,236,263,263,178,212,212,309,309,328,340,352,28,73,98,110,144,144,170,184,9,9,9,9,9],"floor_reached":51,"playtime":6446,"items_purged":["Pain","Strike_G"],"score":1321,"play_id":"e27b336e-fb5e-4443-9102-de4be646bf61","local_time":"20180907232003","is_ascension_mode":true,"campfire_choices":[{"data":"Defend_G","floor":6.0,"key":"SMITH"},{"data":"Survivor","floor":8.0,"key":"SMITH"},{"floor":10.0,"key":"REST"},{"floor":15.0,"key":"REST"},{"floor":23.0,"key":"REST"},{"floor":25.0,"key":"REST"},{"floor":27.0,"key":"REST"},{"floor":32,"key":"REST"},{"floor":47,"key":"REST"},{"floor":49,"key":"REST"}],"neow_cost":"NO_GOLD","seed_source_timestamp":0,"circlet_count":0,"master_deck":["Defend_G","Defend_G","Defend_G","Defend_G","Defend_G+1","Strike_G","Strike_G","Survivor+1","Neutralize+1","AscendersBane","Sucker Punch","Expertise","Slice+1","Flying Knee","Slice","Outmaneuver+1","Predator","Prepared+1","A Thousand Cuts","Adrenaline+1","Setup+1","Backflip+1","Prepared+1","Calculated Gamble+1","Backflip+1","Infinite Blades+1","Dagger Throw+1","After Image+1","Flechettes+1","Infinite Blades+1","Predator+1","Backflip+1","Cloak And Dagger+1","Cloak And Dagger+1","Dodge and Roll+1","Doppelganger+1","Cloak And Dagger+1","Dash+1","Backflip+1","Dodge and Roll+1"],"special_seed":0,"relics":["Ring of the Snake","WarpedTongs","Toxic Egg 2","Tiny Chest","Fusion Hammer","Happy Flower","Letter Opener","Frozen Egg 2","Du-Vu Doll","Matryoshka","WristBlade","Ornamental Fan","Oddly Smooth Stone","Orichalcum","Art of War","Bag of Marbles","Anchor","Darkstone Periapt","Singing Bowl"],"potions_floor_usage":[37,41,42],"damage_taken":[{"damage":0.0,"enemies":"2 Louse","floor":1.0,"turns":4.0},{"damage":1.0,"enemies":"Cultist","floor":3.0,"turns":3.0},{"damage":2.0,"enemies":"Small Slimes","floor":4.0,"turns":4.0},{"damage":0.0,"enemies":"Looter","floor":5.0,"turns":3.0},{"damage":13.0,"enemies":"Exordium Wildlife","floor":11.0,"turns":5.0},{"damage":8.0,"enemies":"Exordium Thugs","floor":12.0,"turns":5.0},{"damage":14.0,"enemies":"Red Slaver","floor":13.0,"turns":6.0},{"damage":5.0,"enemies":"3 Sentries","floor":14.0,"turns":7.0},{"damage":19.0,"enemies":"The Guardian","floor":16.0,"turns":10.0},{"damage":9.0,"enemies":"3 Byrds","floor":18.0,"turns":5.0},{"damage":3.0,"enemies":"Spheric Guardian","floor":19.0,"turns":3.0},{"damage":4.0,"enemies":"Centurion and Healer","floor":20.0,"turns":10.0},{"damage":9.0,"enemies":"Snecko","floor":21.0,"turns":6.0},{"damage":27.0,"enemies":"Slavers","floor":24.0,"turns":5.0},{"damage":0,"enemies":"Book of Stabbing","floor":28,"turns":6},{"damage":2,"enemies":"Slavers","floor":31,"turns":4},{"damage":33,"enemies":"Automaton","floor":33,"turns":10},{"damage":2,"enemies":"3 Darklings","floor":35,"turns":5},{"damage":0,"enemies":"3 Shapes","floor":36,"turns":4},{"damage":17,"enemies":"Spire Growth","floor":37,"turns":5},{"damage":6,"enemies":"Nemesis","floor":40,"turns":7},{"damage":0,"enemies":"Transient","floor":41,"turns":5},{"damage":3,"enemies":"2 Orb Walkers","floor":42,"turns":4},{"damage":0,"enemies":"Giant Head","floor":44,"turns":6},{"damage":0,"enemies":"Sphere and 2 Shapes","floor":45,"turns":3},{"damage":0,"enemies":"Awakened One","floor":50,"turns":13}],"seed_played":"1037161388801282546","potions_obtained":[{"floor":4.0,"key":"LiquidBronze"},{"floor":5.0,"key":"Poison Potion"},{"floor":13.0,"key":"Swift Potion"},{"floor":16.0,"key":"EssenceOfSteel"},{"floor":18.0,"key":"Ancient Potion"},{"floor":20.0,"key":"Ancient Potion"},{"floor":24.0,"key":"FearPotion"},{"floor":33,"key":"Ancient Potion"},{"floor":36,"key":"Block Potion"},{"floor":40,"key":"Block Potion"},{"floor":44,"key":"SpeedPotion"}],"is_trial":false,"path_per_floor":["M","?","M","M","M","R","?","R","T","R","M","M","M","E","R","B",null,"M","M","M","M","$","R","E","R","T","R","E","?","?","E","R","B",null,"M","M","M","$","T","E","M","E","T","E","M","$","R","?","R","B"],"character_chosen":"THE_SILENT","items_purchased":["Backflip+1","Ornamental Fan","Backflip+1","Cloak And Dagger+1","Backflip+1","Dodge and Roll+1"],"campfire_rested":8,"item_purchase_floors":[22,38,38,38,46,46],"current_hp_per_floor":[63,63,62,60,60,60,46,46,46,67,54,46,32,27,48,29,60,51,48,44,35,35,56,29,50,50,70,70,70,70,68,70,37,62,60,60,43,43,43,37,37,34,34,34,34,34,55,55,70,70],"gold":9,"neow_bonus":"TRANSFORM_TWO_CARDS","is_prod":false,"is_daily":false,"chose_seed":false,"campfire_upgraded":2,"win_rate":0,"timestamp":1536355203,"path_taken":["M","?","M","?","M","R","?","R","T","R","?","?","M","E","R","BOSS","M","?","?","M","$","R","E","R","T","R","E","?","?","E","R","BOSS","M","M","?","$","?","E","M","E","T","E","?","$","R","?","R","BOSS"],"build_version":"2018-09-06","purchased_purges":2,"victory":true,"max_hp_per_floor":[70,70,70,70,70,70,70,70,70,70,70,70,70,70,70,70,70,70,70,70,70,70,70,70,70,70,70,70,70,70,70,70,70,70,70,70,70,70,70,70,70,70,70,70,70,70,70,70,70,70],"card_choices":[{"not_picked":["Escape Plan","Acrobatics"],"picked":"Slice","floor":1.0},{"not_picked":["Dagger Spray","Crippling Poison"],"picked":"Flying Knee","floor":3.0},{"not_picked":["Reflex","Dagger Throw"],"picked":"Slice","floor":4.0},{"not_picked":["Sucker Punch","Deadly Poison","Caltrops"],"picked":"SKIP","floor":5.0},{"not_picked":["Bane","Flechettes"],"picked":"Outmaneuver+1","floor":11.0},{"not_picked":["Distraction+1","Eviscerate"],"picked":"Predator","floor":12.0},{"not_picked":["Flying Knee","Choke"],"picked":"Prepared+1","floor":13.0},{"not_picked":["Noxious Fumes","Catalyst+1"],"picked":"A Thousand Cuts","floor":14.0},{"not_picked":["Die Die Die","Grand Finale"],"picked":"Adrenaline+1","floor":16.0},{"not_picked":["Crippling Poison+1","Outmaneuver+1"],"picked":"Setup+1","floor":18.0},{"not_picked":["PiercingWail+1","Poisoned Stab"],"picked":"Backflip+1","floor":19.0},{"not_picked":["Poisoned Stab","Deadly Poison+1"],"picked":"Prepared+1","floor":20.0},{"not_picked":["Deadly Poison+1","Concentrate+1"],"picked":"Calculated Gamble+1","floor":21.0},{"not_picked":["Dagger Spray","Quick Slash"],"picked":"Infinite Blades+1","floor":24.0},{"not_picked":["Crippling Poison+1","Leg Sweep+1"],"picked":"Dagger Throw+1","floor":28},{"not_picked":["Storm of Steel+1","Outmaneuver+1","Noxious Fumes+1"],"picked":"SKIP","floor":31},{"not_picked":["Doppelganger+1","Glass Knife"],"picked":"After Image+1","floor":33},{"not_picked":["Prepared+1","Bane"],"picked":"Flechettes+1","floor":35},{"not_picked":["Dagger Spray+1","Bouncing Flask+1"],"picked":"Infinite Blades+1","floor":36},{"not_picked":["Dagger Throw","Masterful Stab"],"picked":"Predator+1","floor":37},{"not_picked":["Corpse Explosion+1","Backflip+1"],"picked":"Cloak And Dagger+1","floor":40},{"not_picked":["Leg Sweep+1","Prepared+1"],"picked":"Dodge and Roll+1","floor":41},{"not_picked":["Leg Sweep+1","Glass Knife"],"picked":"Doppelganger+1","floor":42},{"not_picked":["Flying Knee+1","Sucker Punch+1"],"picked":"Cloak And Dagger+1","floor":44},{"not_picked":["Prepared+1","Outmaneuver+1"],"picked":"Dash+1","floor":45}],"player_experience":379715,"relics_obtained":[{"floor":9.0,"key":"Toxic Egg 2"},{"floor":14.0,"key":"Tiny Chest"},{"floor":24.0,"key":"Happy Flower"},{"floor":26.0,"key":"Letter Opener"},{"floor":28,"key":"Frozen Egg 2"},{"floor":31,"key":"Matryoshka"},{"floor":39,"key":"Oddly Smooth Stone"},{"floor":39,"key":"Orichalcum"},{"floor":40,"key":"Art of War"},{"floor":42,"key":"Bag of Marbles"},{"floor":43,"key":"Anchor"},{"floor":43,"key":"Darkstone Periapt"},{"floor":44,"key":"Singing Bowl"}],"event_choices":[{"event_name":"Accursed Blacksmith","player_choice":"Rummage","floor":2.0,"damage_taken":0.0},{"event_name":"Shining Light","player_choice":"Entered Light","floor":7.0,"damage_taken":0.0},{"event_name":"Ghosts","player_choice":"Ignored","floor":29,"damage_taken":0},{"event_name":"Addict","player_choice":"Obtained Relic","floor":30,"damage_taken":0},{"event_name":"SecretPortal","player_choice":"Rejected Portal.","floor":48,"damage_taken":0}],"is_beta":false,"boss_relics":[{"not_picked":["Orrery","Empty Cage"],"picked":"Fusion Hammer"},{"not_picked":["Sozu","Lizard Tail"],"picked":"WristBlade"}],"items_purged_floors":[22,46],"is_endless":false,"potions_floor_spawned":[4,5,13,16,18,20,24,33,36,40,44],"ascension_level":10}