{"gold_per_floor":[114,114,114,39,50,80,94,94,120,136,88,88,102,117,117,213,213,227,89,89,89,89,105,105,123,146,146,180,200,200],"floor_reached":30,"playtime":2714,"items_purged":["Strike_G","Defend_G"],"score":275,"play_id":"e406f5a6-a5ba-4a88-8db7-13eac501bbf7","local_time":"20190118215846","is_ascension_mode":false,"campfire_choices":[{"data":"Deadly Poison","floor":8,"key":"SMITH"},{"data":"Bane","floor":12,"key":"SMITH"},{"data":"Dodge and Roll","floor":15,"key":"SMITH"},{"data":"Noxious Fumes","floor":24,"key":"SMITH"}],"neow_cost":"NONE","seed_source_timestamp":0,"circlet_count":0,"master_deck":["Defend_G+1","Defend_G+1","Defend_G+1","Defend_G+1","Strike_G+1","Strike_G+1","Survivor","Neutralize","Dodge and Roll+1","Deadly Poison+1","Bane+1","Outmaneuver","Poisoned Stab","Noxious Fumes","Adrenaline","Backflip","Noxious Fumes+1","Burst","Noxious Fumes"],"special_seed":0,"relics":["Ring of the Snake","NeowsBlessing","Potion Belt","Bag of Marbles","Runic Dome","Lantern","Meat on the Bone"],"potions_floor_usage":[7,16,16,30],"damage_taken":[{"damage":0.0,"enemies":"Small Slimes","floor":1.0,"turns":1.0},{"damage":0,"enemies":"Jaw Worm","floor":5,"turns":1},{"damage":0,"enemies":"Lagavulin","floor":6,"turns":1},{"damage":0,"enemies":"Cultist","floor":7,"turns":4},{"damage":5,"enemies":"Looter","floor":10,"turns":3},{"damage":4,"enemies":"Exordium Thugs","floor":13,"turns":4},{"damage":0,"enemies":"Large Slime","floor":14,"turns":5},{"damage":29,"enemies":"Slime Boss","floor":16,"turns":12},{"damage":12,"enemies":"3 Byrds","floor":18,"turns":5},{"damage":7,"enemies":"2 Thieves","floor":23,"turns":5},{"damage":11,"enemies":"Snake Plant","floor":25,"turns":5},{"damage":17,"enemies":"Gremlin Leader","floor":28,"turns":7},{"damage":15,"enemies":"Snecko","floor":29,"turns":6},{"damage":25,"enemies":"Slavers","floor":30,"turns":3}],"seed_played":"-2020094834961060221","potions_obtained":[{"floor":6,"key":"SkillPotion"},{"floor":7,"key":"Fruit Juice"},{"floor":14,"key":"Energy Potion"},{"floor":29,"key":"Dexterity Potion"}],"is_trial":false,"path_per_floor":["M","?","?","$","M","E","M","R","T","M","$","R","M","M","R","B",null,"M","$","?","$","?","M","R","M","T","?","E","M","E"],"character_chosen":"THE_SILENT","items_purchased":["Poisoned Stab","Noxious Fumes"],"campfire_rested":0,"item_purchase_floors":[11,19],"current_hp_per_floor":[70,63,49,49,49,49,54,54,54,49,49,49,45,45,45,16,75,63,63,63,63,63,56,56,45,45,45,28,25,0],"gold":200,"neow_bonus":"THREE_ENEMY_KILL","is_prod":false,"is_daily":false,"chose_seed":false,"campfire_upgraded":4,"win_rate":0.0,"timestamp":1547845126,"path_taken":["M","?","?","$","M","E","M","R","T","M","?","R","?","M","R","BOSS","M","$","?","?","?","M","R","M","T","?","E","M","E"],"build_version":"2019-01-17v2","purchased_purges":2,"victory":false,"max_hp_per_floor":[70,70,70,70,70,70,75,75,75,75,75,75,75,75,75,75,75,75,75,75,75,75,75,75,75,75,75,75,75,75],"card_choices":[{"not_picked":["Bane","Reflex"],"picked":"Dodge and Roll","floor":1.0},{"not_picked":["Outmaneuver","Blade Dance"],"picked":"Deadly Poison","floor":5},{"not_picked":["Choke","Phantasmal Killer"],"picked":"Bane","floor":6},{"not_picked":["Backflip","Predator"],"picked":"Outmaneuver","floor":7},{"not_picked":["Dash","Blade Dance","Riddle With Holes"],"picked":"SKIP","floor":10},{"not_picked":["Prepared","Slice","Well Laid Plans"],"picked":"SKIP","floor":13},{"not_picked":["Crippling Poison","Night Terror"],"picked":"Noxious Fumes","floor":14},{"not_picked":["Doppelganger","Phantasmal Killer"],"picked":"Adrenaline","floor":16},{"not_picked":["Prepared+1","Flying Knee+1"],"picked":"Backflip","floor":18},{"not_picked":["Endless Agony","Bane"],"picked":"Noxious Fumes","floor":23},{"not_picked":["Leg Sweep","Finisher+1","Backstab"],"picked":"SKIP","floor":25},{"not_picked":["Caltrops","Flying Knee","Deflect"],"picked":"SKIP","floor":28},{"not_picked":["Quick Slash","Bane","Calculated Gamble"],"picked":"SKIP","floor":29}],"player_experience":4478,"relics_obtained":[{"floor":6,"key":"Potion Belt"},{"floor":9,"key":"Bag of Marbles"},{"floor":26,"key":"Lantern"},{"floor":28,"key":"Meat on the Bone"}],"event_choices":[{"cards_removed":["Strike_G"],"damage_healed":0,"gold_gain":0,"player_choice":"Card Removal","damage_taken":7,"max_hp_gain":0,"max_hp_loss":0,"event_name":"Golden Wing","floor":2,"gold_loss":0},{"damage_healed":0,"gold_gain":0,"player_choice":"Entered Light","damage_taken":14,"max_hp_gain":0,"max_hp_loss":0,"event_name":"Shining Light","floor":3,"gold_loss":0,"cards_upgraded":["Strike_G","Defend_G"]},{"damage_healed":0,"gold_gain":0,"cards_transformed":["Strike_G"],"player_choice":"Transformed","damage_taken":0,"max_hp_gain":0,"max_hp_loss":0,"event_name":"Transmorgrifier","floor":20,"gold_loss":0,"cards_obtained":["Burst"]},{"damage_healed":0,"gold_gain":0,"player_choice":"Simplicity","damage_taken":0,"max_hp_gain":0,"max_hp_loss":0,"event_name":"Back to Basics","floor":22,"gold_loss":0,"cards_upgraded":["Defend_G","Defend_G","Defend_G","Strike_G"]},{"damage_healed":0,"gold_gain":0,"player_choice":"Ignored","damage_taken":0,"max_hp_gain":0,"max_hp_loss":0,"event_name":"Vampires","floor":27,"gold_loss":0}],"is_beta":false,"boss_relics":[{"not_picked":["Coffee Dripper","Snecko Eye"],"picked":"Runic Dome"}],"items_purged_floors":[4,19],"is_endless":false,"potions_floor_spawned":[6,7,14,29],"killed_by":"Slavers","ascension_level":0}