{"gold_per_floor":[210,227,227,243,243,243,261,282,309,327,392,392,392,417,417,543,543,559,583,596,596,596],"floor_reached":22,"playtime":831,"items_purged":[],"score":216,"play_id":"8094de2a-0dd8-41c0-8d2f-495d53cac51d","local_time":"20190130025927","is_ascension_mode":true,"campfire_choices":[{"floor":6,"key":"REST"},{"floor":12,"key":"REST"},{"data":"Redo","floor":15,"key":"SMITH"}],"neow_cost":"NONE","seed_source_timestamp":1146522687799406,"circlet_count":0,"master_deck":["Strike_B","Strike_B","Strike_B","Defend_B","Defend_B","Defend_B","Defend_B","Zap","Dualcast","Ball Lightning","Leap","Coolheaded","Conserve Battery","Conserve Battery","Sunder","Genetic Algorithm","Redo+1","Echo Form","Conserve Battery","FTL+1","Defragment"],"relics":["Cracked Core","Golden Idol","Bag of Marbles","Nuclear Battery","Bag of Preparation"],"potions_floor_usage":[10,16,16,16,16,20,22,22],"damage_taken":[{"damage":7,"enemies":"Jaw Worm","floor":1,"turns":3},{"damage":0,"enemies":"Small Slimes","floor":2,"turns":2},{"damage":1,"enemies":"Cultist","floor":4,"turns":3},{"damage":11,"enemies":"Exordium Thugs","floor":7,"turns":5},{"damage":11,"enemies":"Looter","floor":8,"turns":3},{"damage":5,"enemies":"Exordium Wildlife","floor":10,"turns":4},{"damage":0,"enemies":"3 Louse","floor":14,"turns":3},{"damage":35,"enemies":"The Guardian","floor":16,"turns":15},{"damage":9,"enemies":"Spheric Guardian","floor":18,"turns":5},{"damage":8,"enemies":"Shell Parasite","floor":19,"turns":8},{"damage":49,"enemies":"Snake Plant","floor":20,"turns":5},{"damage":17,"enemies":"Masked Bandits","floor":22,"turns":2}],"seed_played":"8937082245830758709","potions_obtained":[{"floor":2,"key":"EntropicBrew"},{"floor":7,"key":"AttackPotion"},{"floor":8,"key":"EntropicBrew"},{"floor":10,"key":"EssenceOfSteel"}],"is_trial":false,"path_per_floor":["M","M","?","M","$","R","M","M","T","M","?","R","?","M","R","B",null,"M","M","M","T","?"],"character_chosen":"DEFECT","items_purchased":[],"campfire_rested":2,"item_purchase_floors":[],"current_hp_per_floor":[68,68,50,49,49,71,60,49,49,44,44,66,66,66,66,31,75,66,58,9,9,0],"gold":596,"neow_bonus":"HUNDRED_GOLD","is_prod":false,"is_daily":false,"chose_seed":false,"campfire_upgraded":1,"win_rate":0,"timestamp":1548835167,"path_taken":["M","M","?","M","$","R","M","M","T","M","?","R","?","M","R","BOSS","M","M","?","?","?"],"build_version":"2019-01-23","purchased_purges":0,"victory":false,"max_hp_per_floor":[75,75,75,75,75,75,75,75,75,75,75,75,75,75,75,75,75,75,75,75,75,75],"card_choices":[{"not_picked":["Streamline","Sweeping Beam"],"picked":"Ball Lightning","floor":1},{"not_picked":["Rebound","Storm"],"picked":"Leap","floor":2},{"not_picked":["Hologram","Aggregate"],"picked":"Coolheaded","floor":4},{"not_picked":["White Noise","Stack"],"picked":"Conserve Battery","floor":7},{"not_picked":["Multi-Cast","Gash"],"picked":"Conserve Battery","floor":8},{"not_picked":["Tempest","Heatsinks"],"picked":"Sunder","floor":10},{"not_picked":["Auto Shields","Recycle"],"picked":"Redo","floor":14},{"not_picked":["Reboot","Thunder Strike"],"picked":"Echo Form","floor":16},{"not_picked":["Coolheaded","Steam"],"picked":"Conserve Battery","floor":18},{"not_picked":["Streamline","Cold Snap"],"picked":"FTL+1","floor":19},{"not_picked":["Go for the Eyes","Electrodynamics"],"picked":"Defragment","floor":20}],"player_experience":272744,"relics_obtained":[{"floor":9,"key":"Bag of Marbles"},{"floor":21,"key":"Bag of Preparation"}],"event_choices":[{"damage_healed":0,"gold_gain":0,"player_choice":"Take Damage","damage_taken":18,"relics_obtained":["Golden Idol"],"max_hp_gain":0,"max_hp_loss":0,"event_name":"Golden Idol","floor":3,"gold_loss":0},{"damage_healed":0,"gold_gain":65,"player_choice":"Gained Gold","damage_taken":0,"max_hp_gain":0,"max_hp_loss":0,"event_name":"Golden Wing","floor":11,"gold_loss":0},{"damage_healed":0,"gold_gain":0,"cards_transformed":["Strike_B"],"player_choice":"Transformed","damage_taken":0,"max_hp_gain":0,"max_hp_loss":0,"event_name":"Transmorgrifier","floor":13,"gold_loss":0,"cards_obtained":["Genetic Algorithm"]},{"damage_healed":0,"gold_gain":0,"player_choice":"Fought Bandits","damage_taken":0,"max_hp_gain":0,"max_hp_loss":0,"event_name":"Masked Bandits","floor":22,"gold_loss":0}],"is_beta":false,"boss_relics":[{"not_picked":["Calling Bell","Lizard Tail"],"picked":"Nuclear Battery"}],"items_purged_floors":[],"is_endless":false,"potions_floor_spawned":[2,7,8,10],"killed_by":"Masked Bandits","ascension_level":4}