{"gold_per_floor":[119,119,130,305,322,322,332,362,362,317],"floor_reached":10,"playtime":1404,"items_purged":[],"score":85,"play_id":"78e15e00-bad7-47cc-8017-5fb88b4e8cdc","local_time":"20180801180119","is_ascension_mode":true,"campfire_choices":[{"floor":6,"key":"REST"}],"neow_cost":"FIFTY_PERCENT_DAMAGE","seed_source_timestamp":2929099036947,"circlet_count":0,"master_deck":["Strike_R","Strike_R","Strike_R","Strike_R","Defend_R","Defend_R","Defend_R","Defend_R","Bash","Barricade","Rampage","Doubt","Ghostly Armor","Iron Wave"],"relics":["Burning Blood","Toxic Egg 2","Girya"],"potions_floor_usage":[8,8],"damage_taken":[{"damage":6,"enemies":"Jaw Worm","floor":1,"turns":9},{"damage":7,"enemies":"2 Louse","floor":3,"turns":4},{"damage":1,"enemies":"Cultist","floor":5,"turns":4},{"damage":11,"enemies":"2 Fungi Beasts","floor":7,"turns":4},{"damage":51,"enemies":"Lagavulin","floor":8,"turns":9},{"damage":20,"enemies":"Looter","floor":10,"turns":3}],"seed_played":"-444698204758633545","potions_obtained":[{"floor":3,"key":"AttackPotion"},{"floor":5,"key":"SteroidPotion"}],"is_trial":false,"path_per_floor":["M","?","M","?","M","R","M","E","T"],"character_chosen":"IRONCLAD","items_purchased":[],"campfire_rested":1,"item_purchase_floors":[],"current_hp_per_floor":[40,33,32,32,37,61,56,11,11,0],"gold":317,"neow_bonus":"THREE_RARE_CARDS","is_prod":false,"is_daily":false,"chose_seed":false,"campfire_upgraded":0,"win_rate":0,"timestamp":1533139279,"path_taken":["M","?","M","?","?","R","M","E","T","M"],"build_version":"2018-07-26","purchased_purges":0,"victory":false,"max_hp_per_floor":[80,80,80,80,80,80,80,80,80,80],"card_choices":[{"not_picked":["Brutality","Berserk"],"picked":"Barricade","floor":0},{"not_picked":["Warcry","Dropkick"],"picked":"Rampage","floor":1},{"not_picked":["Havoc","Perfected Strike","Sentinel"],"picked":"SKIP","floor":3},{"not_picked":["Perfected Strike","Wild Strike","Spot Weakness"],"picked":"SKIP","floor":5},{"not_picked":["Armaments","Flex"],"picked":"Ghostly Armor","floor":7},{"not_picked":["True Grit","Cleave"],"picked":"Iron Wave","floor":8}],"player_experience":248564,"relics_obtained":[{"floor":8,"key":"Toxic Egg 2"},{"floor":9,"key":"Girya"}],"event_choices":[{"event_name":"Golden Wing","player_choice":"Card Removal","floor":2,"damage_taken":0},{"event_name":"Liars Game","player_choice":"agreed","floor":4,"damage_taken":0}],"is_beta":false,"boss_relics":[],"items_purged_floors":[],"is_endless":false,"potions_floor_spawned":[3,5],"killed_by":"Looter","ascension_level":5}