{"gold_per_floor":[119,137,137,137,63,92,92,103,103,126,126,144,171,184,184,280,280,291,40,52,67,67,67,67,94,94,106,118,161,183,226,238,347,359,384,396,408,436,466,506,518,562,574,611,642,439,439,87,87,87,87,87,63,88,88],"floor_reached":56,"playtime":2629,"items_purged":["Strike_G","Burst"],"score":1706,"play_id":"52c03434-61f3-427f-9af2-42e731feec6f","local_time":"20190222174723","is_ascension_mode":true,"campfire_choices":[{"data":"Sucker Punch","floor":7.0,"key":"SMITH"},{"data":"Infinite Blades","floor":11.0,"key":"SMITH"},{"data":"Accuracy","floor":15.0,"key":"SMITH"},{"data":"Noxious Fumes","floor":23.0,"key":"SMITH"},{"data":"Leg Sweep","floor":32.0,"key":"SMITH"},{"data":"Malaise","floor":41.0,"key":"SMITH"},{"data":"Dodge and Roll","floor":47,"key":"SMITH"},{"floor":49,"key":"RECALL"},{"data":"Escape Plan","floor":52,"key":"SMITH"}],"neow_cost":"TEN_PERCENT_HP_LOSS","seed_source_timestamp":0,"circlet_count":0,"master_deck":["Survivor","Neutralize+1","Flying Knee","Backstab","Infinite Blades+1","Sucker Punch+1","Accuracy+1","Blade Dance","Escape Plan+1","Blade Dance","Die Die Die","Dodge and Roll+1","Leg Sweep+1","Poisoned Stab","Infinite Blades","Noxious Fumes+1","Dagger Throw+1","Backflip+1","Bane","Glass Knife","Malaise+1","Expertise","Choke","Caltrops","Glass Knife","Burst","Envenom","Outmaneuver+1","Caltrops","Calculated Gamble","Infinite Blades+1","Heel Hook","Acrobatics+1","Noxious Fumes","Cloak And Dagger","Dodge and Roll","Cloak And Dagger","Blade Dance+1"],"special_seed":0,"relics":["Ring of the Serpent","FossilizedHelix","Mummified Hand","Pen Nib","Bag of Marbles","Snake Skull","Anchor","Ancient Tea Set","Calipers","MawBank","MutagenicStrength","Lantern","Potion Belt","Pandora\u0027s Box","Bag of Preparation","Happy Flower","Shuriken","Incense Burner","Orichalcum"],"potions_floor_usage":[55,55,55,55,55],"damage_taken":[{"damage":0.0,"enemies":"Cultist","floor":1.0,"turns":3.0},{"damage":0.0,"enemies":"2 Louse","floor":2.0,"turns":3.0},{"damage":7.0,"enemies":"Gremlin Nob","floor":6.0,"turns":4.0},{"damage":0.0,"enemies":"Jaw Worm","floor":8.0,"turns":3.0},{"damage":0.0,"enemies":"Exordium Wildlife","floor":12.0,"turns":2.0},{"damage":0.0,"enemies":"Lagavulin","floor":13.0,"turns":5.0},{"damage":0.0,"enemies":"Blue Slaver","floor":14.0,"turns":2.0},{"damage":0.0,"enemies":"Slime Boss","floor":16.0,"turns":6.0},{"damage":0.0,"enemies":"Shell Parasite","floor":18.0,"turns":3.0},{"damage":0.0,"enemies":"Chosen","floor":20.0,"turns":3.0},{"damage":1.0,"enemies":"Centurion and Healer","floor":21.0,"turns":3.0},{"damage":0.0,"enemies":"Book of Stabbing","floor":25.0,"turns":4.0},{"damage":1.0,"enemies":"Slavers","floor":29.0,"turns":4.0},{"damage":0.0,"enemies":"Chosen and Byrds","floor":30.0,"turns":3.0},{"damage":17.0,"enemies":"Gremlin Leader","floor":31.0,"turns":6.0},{"damage":16.0,"enemies":"Champ","floor":33.0,"turns":10.0},{"damage":0.0,"enemies":"Orb Walker","floor":35.0,"turns":2.0},{"damage":0.0,"enemies":"3 Shapes","floor":38.0,"turns":1.0},{"damage":0.0,"enemies":"Spire Growth","floor":39.0,"turns":3.0},{"damage":12.0,"enemies":"Reptomancer","floor":40.0,"turns":4.0},{"damage":0.0,"enemies":"Nemesis","floor":42.0,"turns":5.0},{"damage":0,"enemies":"Reptomancer","floor":44,"turns":4},{"damage":0,"enemies":"4 Shapes","floor":45,"turns":5},{"damage":34,"enemies":"Donu and Deca","floor":50,"turns":6},{"damage":20,"enemies":"Shield and Spear","floor":54,"turns":4},{"damage":44,"enemies":"The Heart","floor":55,"turns":6}],"seed_played":"8145272433090004467","potions_obtained":[{"floor":6.0,"key":"EssenceOfSteel"},{"floor":8.0,"key":"Strength Potion"},{"floor":14.0,"key":"Dexterity Potion"},{"floor":31.0,"key":"Swift Potion"},{"floor":39.0,"key":"Explosive Potion"},{"floor":45,"key":"Strength Potion"}],"is_trial":false,"path_per_floor":["M","M","?","?","$","E","R","M","T","T","R","M","E","M","R","B",null,"M","$","M","M","?","R","?","E","T","?","$","E","M","E","R","B",null,"M","?","?","M","M","E","R","E","T","E","M","$","R","$","R","B",null,"R","$","E","B",null],"character_chosen":"THE_SILENT","items_purchased":["Infinite Blades","Leg Sweep","Poisoned Stab","Infinite Blades","Noxious Fumes","Cloak And Dagger","Dodge and Roll","Incense Burner","Cloak And Dagger"],"campfire_rested":0,"item_purchase_floors":[5,19,19,19,46,46,48,48,53],"current_hp_per_floor":[63,63,50,38,38,31,31,31,31,31,31,31,31,31,31,31,63,63,63,63,62,62,62,51,51,51,51,51,50,50,33,33,17,68,68,68,68,68,68,56,56,56,56,56,56,56,56,56,56,22,68,68,68,48,4],"gold":88,"neow_bonus":"ONE_RARE_RELIC","is_prod":false,"is_daily":false,"chose_seed":false,"campfire_upgraded":8,"win_rate":0,"timestamp":1550879243,"path_taken":["M","M","?","?","$","E","R","M","T","?","R","M","E","M","R","BOSS","M","$","M","M","?","R","?","E","T","?","$","E","M","E","R","BOSS","M","?","?","M","M","E","R","E","T","E","M","$","R","$","R","BOSS","R","$","E","BOSS"],"build_version":"2019-01-23","purchased_purges":2,"victory":true,"max_hp_per_floor":[63,63,63,63,63,63,63,63,63,63,63,63,63,63,63,63,63,63,63,63,63,63,63,68,68,68,68,68,68,68,68,68,68,68,68,68,68,68,68,68,68,68,68,68,68,68,68,68,68,68,68,68,68,68,68],"card_choices":[{"not_picked":["Underhanded Strike","Tactician"],"picked":"Flying Knee","floor":1.0},{"not_picked":["Sucker Punch","Terror"],"picked":"Backstab","floor":2.0},{"not_picked":["Masterful Stab","Deadly Poison"],"picked":"Sucker Punch","floor":6.0},{"not_picked":["Dagger Spray","Underhanded Strike"],"picked":"Accuracy","floor":8.0},{"not_picked":["Distraction","Prepared"],"picked":"Blade Dance","floor":12.0},{"not_picked":["Flying Knee","Deflect"],"picked":"Escape Plan","floor":13.0},{"not_picked":["Distraction","Burst"],"picked":"Blade Dance","floor":14.0},{"not_picked":["Night Terror","Storm of Steel"],"picked":"Die Die Die","floor":16.0},{"not_picked":["Sucker Punch+1","Deflect"],"picked":"Dodge and Roll","floor":18.0},{"not_picked":["Bane","Endless Agony+1","Skewer"],"picked":"SKIP","floor":20.0},{"not_picked":["Footwork+1","Bane"],"picked":"Noxious Fumes","floor":21.0},{"not_picked":["Sucker Punch","Wraith Form v2"],"picked":"Dagger Throw+1","floor":25.0},{"not_picked":["PiercingWail+1","Slice+1"],"picked":"Backflip+1","floor":29.0},{"not_picked":["Outmaneuver","Flechettes+1"],"picked":"Bane","floor":30.0},{"not_picked":["Deflect","Eviscerate"],"picked":"Glass Knife","floor":31.0},{"not_picked":["Night Terror","Storm of Steel"],"picked":"Malaise","floor":33.0},{"not_picked":["Deadly Poison","Slice"],"picked":"Outmaneuver+1","floor":35.0},{"not_picked":["Eviscerate","Prepared","All Out Attack"],"picked":"SKIP","floor":38.0},{"not_picked":["Flechettes+1","Reflex+1"],"picked":"Calculated Gamble","floor":39.0},{"not_picked":["Setup+1","Crippling Poison"],"picked":"Infinite Blades+1","floor":40.0},{"not_picked":["Riddle With Holes","Unload","Eviscerate+1"],"picked":"SKIP","floor":42.0},{"not_picked":["Concentrate","Dagger Spray+1"],"picked":"Heel Hook","floor":44},{"not_picked":["Prepared+1","Poisoned Stab"],"picked":"Acrobatics+1","floor":45},{"not_picked":["Heel Hook+1","Underhanded Strike+1"],"picked":"Blade Dance+1","floor":54}],"player_experience":203494,"relics_obtained":[{"floor":6.0,"key":"Pen Nib"},{"floor":9.0,"key":"Bag of Marbles"},{"floor":10.0,"key":"Snake Skull"},{"floor":13.0,"key":"Anchor"},{"floor":25.0,"key":"Calipers"},{"floor":26.0,"key":"MawBank"},{"floor":29.0,"key":"Lantern"},{"floor":31.0,"key":"Potion Belt"},{"floor":40.0,"key":"Bag of Preparation"},{"floor":42.0,"key":"Happy Flower"},{"floor":44,"key":"Shuriken"},{"floor":54,"key":"Orichalcum"}],"event_choices":[{"damage_healed":0.0,"max_hp_gain":0.0,"max_hp_loss":0.0,"gold_gain":0.0,"event_name":"Shining Light","player_choice":"Entered Light","floor":3.0,"gold_loss":0.0,"damage_taken":13.0,"cards_upgraded":["Neutralize","Strike_G"]},{"damage_healed":0.0,"max_hp_gain":0.0,"max_hp_loss":0.0,"gold_gain":0.0,"event_name":"Scrap Ooze","player_choice":"Success","floor":4.0,"gold_loss":0.0,"damage_taken":12.0,"relics_obtained":["Mummified Hand"]},{"damage_healed":0.0,"max_hp_gain":0.0,"max_hp_loss":0.0,"gold_gain":0.0,"event_name":"The Mausoleum","player_choice":"Opened","floor":22.0,"gold_loss":0.0,"damage_taken":0.0,"relics_obtained":["Ancient Tea Set"]},{"damage_healed":0.0,"max_hp_gain":5.0,"max_hp_loss":0.0,"gold_gain":0.0,"event_name":"Forgotten Altar","player_choice":"Shed Blood","floor":24.0,"gold_loss":0.0,"damage_taken":16.0},{"damage_healed":0.0,"max_hp_gain":0.0,"max_hp_loss":0.0,"gold_gain":0.0,"event_name":"Drug Dealer","player_choice":"Inject Mutagens","floor":27.0,"gold_loss":0.0,"damage_taken":0.0,"relics_obtained":["MutagenicStrength"]},{"cards_removed":["Expertise"],"damage_healed":0.0,"max_hp_gain":0.0,"max_hp_loss":0.0,"gold_gain":0.0,"event_name":"Falling","player_choice":"Removed Skill","floor":36.0,"gold_loss":0.0,"damage_taken":0.0},{"damage_healed":0.0,"max_hp_gain":0.0,"max_hp_loss":0.0,"gold_gain":0.0,"cards_transformed":["Doppelganger"],"event_name":"Transmorgrifier","player_choice":"Transformed","floor":37.0,"gold_loss":0.0,"damage_taken":0.0,"cards_obtained":["Caltrops"]}],"is_beta":false,"boss_relics":[{"not_picked":["Astrolabe","Orrery"],"picked":"Ring of the Serpent"},{"not_picked":["HoveringKite","Cursed Key"],"picked":"Pandora\u0027s Box"}],"items_purged_floors":[19,46],"is_endless":false,"potions_floor_spawned":[6,8,14,16,20,21,29,31,39,40,42,45,54],"ascension_level":4}