{"gold_per_floor":[115,115,36,55,55,84,84,96,96,96,124,124,137,151,151,229,229,246,246,246,260,359,359,359,369,392,405,405,439,439,451,451,451],"floor_reached":33,"playtime":1762,"items_purged":[],"score":468,"play_id":"1dfd0350-8b9b-4df2-bc5b-9f33f31bdd01","local_time":"20181111120950","is_ascension_mode":true,"campfire_choices":[{"floor":7,"key":"REST"},{"floor":10,"key":"REST"},{"floor":12,"key":"REST"},{"floor":15,"key":"REST"},{"floor":23,"key":"REST"},{"floor":28,"key":"REST"},{"floor":30,"key":"REST"},{"floor":32,"key":"REST"}],"neow_cost":"NONE","seed_source_timestamp":3308891902412,"circlet_count":0,"master_deck":["AscendersBane","Defend_G","Defend_G","Defend_G","Defend_G","Defend_G","Strike_G","Strike_G","Strike_G","Strike_G","Survivor","Neutralize","Night Terror","Bane","Quick Slash+1","Poisoned Stab+1","Poisoned Stab+1","After Image","Bouncing Flask","Crippling Poison","Expertise"],"relics":["Busted Crown","Molten Egg 2","Pen Nib","The Specimen","Sozu","Vajra","Shuriken"],"potions_floor_usage":[6,16,16],"damage_taken":[{"damage":0,"enemies":"Jaw Worm","floor":1,"turns":5},{"damage":0,"enemies":"Cultist","floor":4,"turns":5},{"damage":50,"enemies":"Gremlin Nob","floor":6,"turns":6},{"damage":3,"enemies":"Small Slimes","floor":8,"turns":4},{"damage":36,"enemies":"Lagavulin","floor":11,"turns":11},{"damage":3,"enemies":"Blue Slaver","floor":13,"turns":4},{"damage":3,"enemies":"2 Fungi Beasts","floor":14,"turns":3},{"damage":21,"enemies":"The Guardian","floor":16,"turns":10},{"damage":9,"enemies":"Shell Parasite","floor":18,"turns":4},{"damage":11,"enemies":"Spheric Guardian","floor":21,"turns":6},{"damage":18,"enemies":"Centurion and Healer","floor":25,"turns":6},{"damage":26,"enemies":"Shelled Parasite and Fungi","floor":27,"turns":4},{"damage":22,"enemies":"Gremlin Leader","floor":29,"turns":6},{"damage":22,"enemies":"Cultist and Chosen","floor":31,"turns":6},{"damage":43,"enemies":"Automaton","floor":33,"turns":6}],"seed_played":"1141942074132573402","potions_obtained":[{"floor":1,"key":"LiquidBronze"},{"floor":4,"key":"GamblersBrew"},{"floor":13,"key":"Ancient Potion"},{"floor":14,"key":"Poison Potion"}],"is_trial":false,"path_per_floor":["M","?","$","M","?","E","R","M","T","R","E","R","M","M","R","B",null,"M","?","?","M","?","R","?","M","T","M","R","E","R","M","R","B"],"character_chosen":"THE_SILENT","items_purchased":["Night Terror"],"campfire_rested":8,"item_purchase_floors":[3],"current_hp_per_floor":[59,59,59,59,59,9,28,25,25,44,8,27,24,21,40,19,54,45,45,33,22,22,43,66,48,48,22,43,21,42,20,41,0],"gold":451,"neow_bonus":"BOSS_RELIC","is_prod":false,"is_daily":false,"chose_seed":false,"campfire_upgraded":0,"win_rate":0,"timestamp":1541934590,"path_taken":["M","?","?","M","?","E","R","?","T","R","E","R","M","?","R","BOSS","M","?","?","M","?","R","?","?","T","M","R","E","R","M","R","BOSS"],"build_version":"2018-11-08","purchased_purges":0,"victory":false,"max_hp_per_floor":[66,66,66,66,66,66,66,66,66,66,66,66,66,66,66,66,66,66,66,71,71,71,71,71,71,71,71,71,71,71,71,71,71],"card_choices":[{"not_picked":["Endless Agony"],"picked":"SKIP","floor":1},{"not_picked":["Dagger Throw"],"picked":"SKIP","floor":4},{"not_picked":["Endless Agony"],"picked":"SKIP","floor":6},{"not_picked":[],"picked":"Quick Slash+1","floor":8},{"not_picked":["Sucker Punch+1"],"picked":"SKIP","floor":11},{"not_picked":[],"picked":"Poisoned Stab+1","floor":13},{"not_picked":[],"picked":"Poisoned Stab+1","floor":14},{"not_picked":[],"picked":"After Image","floor":16},{"not_picked":["Sucker Punch+1"],"picked":"SKIP","floor":18},{"not_picked":[],"picked":"Bouncing Flask","floor":21},{"not_picked":[],"picked":"Crippling Poison","floor":25},{"not_picked":["Choke+1"],"picked":"SKIP","floor":27},{"not_picked":["Slice+1"],"picked":"SKIP","floor":29},{"not_picked":[],"picked":"Expertise","floor":31}],"player_experience":519254,"relics_obtained":[{"floor":6,"key":"Molten Egg 2"},{"floor":9,"key":"Pen Nib"},{"floor":11,"key":"The Specimen"},{"floor":26,"key":"Vajra"},{"floor":29,"key":"Shuriken"}],"event_choices":[{"damage_healed":0,"gold_gain":0,"player_choice":"Bought 0 Potions","damage_taken":0,"max_hp_gain":0,"max_hp_loss":0,"event_name":"The Woman in Blue","floor":2,"gold_loss":0},{"damage_healed":0,"gold_gain":0,"cards_transformed":["Strike_G"],"player_choice":"Transformed","damage_taken":0,"max_hp_gain":0,"max_hp_loss":0,"event_name":"Transmorgrifier","floor":5,"gold_loss":0,"cards_obtained":["Bane"]},{"damage_healed":0,"gold_gain":0,"player_choice":"Ignored","damage_taken":0,"max_hp_gain":0,"max_hp_loss":0,"event_name":"Ghosts","floor":19,"gold_loss":0},{"damage_healed":0,"gold_gain":0,"player_choice":"Shed Blood","damage_taken":17,"max_hp_gain":5,"max_hp_loss":0,"event_name":"Forgotten Altar","floor":20,"gold_loss":0},{"damage_healed":0,"gold_gain":99,"player_choice":"Stole From Cult","damage_taken":0,"max_hp_gain":0,"max_hp_loss":0,"event_name":"Nest","floor":22,"gold_loss":0},{"damage_healed":23,"gold_gain":0,"player_choice":"Heal","damage_taken":0,"max_hp_gain":0,"max_hp_loss":0,"event_name":"The Library","floor":24,"gold_loss":0}],"is_beta":false,"boss_relics":[{"not_picked":["Empty Cage","Black Star"],"picked":"Sozu"}],"items_purged_floors":[],"is_endless":false,"potions_floor_spawned":[1,4,13,14,18,27],"killed_by":"Automaton","ascension_level":14}