{"gold_per_floor":[360,360,125,125,143,143,176,191,245,245,262,1,1,30,30,126,126,126,126,126,126,126,126,126,15,15,15,15,15,15,15,15,15,15,15,15,15,15,0,0,0,0,0,0,0,0,0,0,0,0],"floor_reached":50,"playtime":3932,"items_purged":["Strike_B"],"score":946,"play_id":"914e6332-a750-4a0d-92ee-93f4da896eea","local_time":"20181024204554","is_ascension_mode":true,"campfire_choices":[{"data":"Defragment","floor":6.0,"key":"SMITH"},{"floor":10.0,"key":"REST"},{"floor":13.0,"key":"REST"},{"data":"Zap","floor":15.0,"key":"SMITH"},{"data":"Loop","floor":24.0,"key":"SMITH"},{"floor":29.0,"key":"REST"},{"data":"Defragment","floor":32.0,"key":"SMITH"},{"floor":40,"key":"REST"},{"data":"Chaos","floor":42,"key":"SMITH"},{"floor":47,"key":"REST"},{"floor":49,"key":"REST"}],"neow_cost":"TEN_PERCENT_HP_LOSS","seed_source_timestamp":3940290379001,"circlet_count":0,"master_deck":["Strike_B+1","Strike_B+1","Strike_B+1","Defend_B+1","Defend_B+1","Defend_B+1","Defend_B+1","Zap+1","Dualcast","AscendersBane","Loop+1","Zap","Defragment+1","Reinforced Body","Defragment+1","Fission","Cold Snap","Coolheaded","Chaos+1","Self Repair","Chaos+1","Lockon","Force Field","Leap","Storm","Echo Form","Conserve Battery","Reinforced Body","Loop","Cold Snap+1","Coolheaded","Glacier"],"special_seed":0,"relics":["Cracked Core","PreservedInsect","Tiny Chest","Pantograph","Anchor","Ectoplasm","Strawberry","Omamori","The Courier","Blood Vial","Nloth\u0027s Gift","Bag of Preparation","Lizard Tail","Red Mask","Lantern","Bronze Scales","Potion Belt","Dream Catcher"],"potions_floor_usage":[41,41,44],"damage_taken":[{"damage":3.0,"enemies":"Jaw Worm","floor":1.0,"turns":4.0},{"damage":1.0,"enemies":"Cultist","floor":5.0,"turns":3.0},{"damage":38.0,"enemies":"Gremlin Nob","floor":7.0,"turns":4.0},{"damage":4.0,"enemies":"Small Slimes","floor":8.0,"turns":3.0},{"damage":11.0,"enemies":"2 Fungi Beasts","floor":11.0,"turns":4.0},{"damage":15.0,"enemies":"3 Sentries","floor":14.0,"turns":5.0},{"damage":32.0,"enemies":"Hexaghost","floor":16.0,"turns":8.0},{"damage":8.0,"enemies":"3 Byrds","floor":18.0,"turns":4.0},{"damage":0.0,"enemies":"Shell Parasite","floor":21.0,"turns":6.0},{"damage":11.0,"enemies":"Sentry and Sphere","floor":22.0,"turns":6.0},{"damage":7.0,"enemies":"Slavers","floor":23.0,"turns":7.0},{"damage":31.0,"enemies":"3 Cultists","floor":27.0,"turns":7.0},{"damage":1.0,"enemies":"Gremlin Leader","floor":28.0,"turns":6.0},{"damage":29.0,"enemies":"Book of Stabbing","floor":31.0,"turns":6.0},{"damage":45.0,"enemies":"Collector","floor":33.0,"turns":16.0},{"damage":37.0,"enemies":"3 Darklings","floor":35.0,"turns":7.0},{"damage":15.0,"enemies":"3 Shapes","floor":36.0,"turns":5.0},{"damage":21,"enemies":"Maw","floor":38,"turns":10},{"damage":27,"enemies":"Reptomancer","floor":41,"turns":5},{"damage":37,"enemies":"Nemesis","floor":44,"turns":7},{"damage":4,"enemies":"Sphere and 2 Shapes","floor":45,"turns":6},{"damage":55,"enemies":"Jaw Worm Horde","floor":48,"turns":6},{"damage":82,"enemies":"Awakened One","floor":50,"turns":5}],"seed_played":"-8582658737798888034","potions_obtained":[{"floor":1.0,"key":"LiquidBronze"},{"floor":11.0,"key":"Swift Potion"},{"floor":14.0,"key":"PowerPotion"},{"floor":16.0,"key":"GamblersBrew"},{"floor":23.0,"key":"LiquidBronze"},{"floor":33.0,"key":"AttackPotion"},{"floor":38,"key":"Fire Potion"},{"floor":41,"key":"SkillPotion"}],"is_trial":false,"path_per_floor":["M","?","$","?","M","R","E","M","T","R","M","$","R","E","R","B",null,"M","T","?","M","M","E","R","$","T","M","E","R","?","E","R","B",null,"M","M","?","M","?","R","E","R","T","E","M","T","R","M","R"],"character_chosen":"DEFECT","items_purchased":["Defragment","Reinforced Body","Pantograph","Self Repair","Chaos"],"campfire_rested":6,"item_purchase_floors":[3,3,12,25,25],"current_hp_per_floor":[65,65,65,58,57,57,19,15,15,35,24,24,44,29,29,22,57,49,56,56,56,45,38,38,38,38,14,20,42,42,22,22,11,59,31,25,44,32,32,54,36,36,36,8,6,6,28,23,45,0],"gold":0,"neow_bonus":"TWO_FIFTY_GOLD","is_prod":false,"is_daily":false,"chose_seed":false,"campfire_upgraded":5,"win_rate":0,"timestamp":1540406754,"path_taken":["M","?","$","?","M","R","E","?","T","R","M","?","R","E","R","BOSS","M","?","?","?","M","E","R","$","T","M","E","R","?","E","R","BOSS","M","M","?","M","?","R","E","R","T","E","M","?","R","M","R","BOSS"],"build_version":"2018-10-18","purchased_purges":1,"victory":false,"max_hp_per_floor":[68,68,68,68,68,68,68,68,68,68,68,68,68,68,68,68,68,68,75,75,75,75,75,75,75,75,75,75,75,75,75,75,75,75,75,75,75,75,75,75,75,75,75,75,75,75,75,75,75,75],"card_choices":[{"not_picked":["Compile Driver","Cold Snap"],"picked":"Loop","floor":1.0},{"not_picked":["Fusion","Gash","Stack"],"picked":"SKIP","floor":5.0},{"not_picked":["Meteor Strike","Gash","Scrape"],"picked":"SKIP","floor":7.0},{"not_picked":["Streamline","Turbo","Hologram"],"picked":"SKIP","floor":8.0},{"not_picked":["Streamline","Stack","Rebound"],"picked":"SKIP","floor":11.0},{"not_picked":["Compile Driver","All For One"],"picked":"Defragment","floor":14.0},{"not_picked":["Seek","Core Surge"],"picked":"Fission","floor":16.0},{"not_picked":["Darkness","Stack"],"picked":"Cold Snap","floor":18.0},{"not_picked":["Hologram","Melter+1"],"picked":"Coolheaded","floor":21.0},{"not_picked":["Heatsinks","Gash+1"],"picked":"Chaos+1","floor":22.0},{"not_picked":["Heatsinks","Gash","Hyperbeam"],"picked":"SKIP","floor":23.0},{"not_picked":["Streamline","Conserve Battery"],"picked":"Lockon","floor":27.0},{"not_picked":["Rip and Tear+1","Reinforced Body"],"picked":"Force Field","floor":28.0},{"not_picked":["Rip and Tear","Gash"],"picked":"Leap","floor":31.0},{"not_picked":["Beam Cell+1","Sweeping Beam"],"picked":"Storm","floor":35.0},{"not_picked":["Barrage+1","Gash","Steam"],"picked":"SKIP","floor":36.0},{"not_picked":["Barrage","Redo"],"picked":"Echo Form","floor":38},{"not_picked":["Steam","Compile Driver"],"picked":"Conserve Battery","floor":41},{"not_picked":["FTL","Go for the Eyes"],"picked":"Reinforced Body","floor":44},{"not_picked":["Gash","White Noise"],"picked":"Loop","floor":45},{"not_picked":["Steam","Stack"],"picked":"Cold Snap+1","floor":47},{"not_picked":["Turbo","Streamline+1"],"picked":"Coolheaded","floor":48},{"not_picked":["Aggregate","Streamline"],"picked":"Glacier","floor":49}],"player_experience":494574,"relics_obtained":[{"floor":7.0,"key":"Gremlin Horn"},{"floor":9.0,"key":"Tiny Chest"},{"floor":14.0,"key":"Anchor"},{"floor":19.0,"key":"Strawberry"},{"floor":23.0,"key":"Omamori"},{"floor":26.0,"key":"The Courier"},{"floor":28.0,"key":"Blood Vial"},{"floor":31.0,"key":"Bag of Preparation"},{"floor":41,"key":"Lantern"},{"floor":43,"key":"Bronze Scales"},{"floor":44,"key":"Potion Belt"},{"floor":46,"key":"Dream Catcher"}],"event_choices":[{"damage_healed":0.0,"max_hp_gain":0.0,"max_hp_loss":0.0,"gold_gain":0.0,"event_name":"Match and Keep!","player_choice":"1 cards matched","floor":2.0,"gold_loss":0.0,"damage_taken":0.0,"cards_obtained":["Zap"]},{"damage_healed":0.0,"max_hp_gain":0.0,"max_hp_loss":0.0,"gold_gain":0.0,"event_name":"Scrap Ooze","player_choice":"Success","floor":4.0,"gold_loss":0.0,"damage_taken":7.0,"relics_obtained":["PreservedInsect"]},{"damage_healed":0.0,"max_hp_gain":0.0,"max_hp_loss":0.0,"gold_gain":0.0,"event_name":"Back to Basics","player_choice":"Simplicity","floor":20.0,"gold_loss":0.0,"damage_taken":0.0,"cards_upgraded":["Strike_B","Strike_B","Strike_B","Defend_B","Defend_B","Defend_B","Defend_B"]},{"damage_healed":0.0,"max_hp_gain":0.0,"max_hp_loss":0.0,"gold_gain":0.0,"event_name":"N\u0027loth","player_choice":"Traded Relic","floor":30.0,"relics_lost":["Gremlin Horn"],"gold_loss":0.0,"damage_taken":0.0,"relics_obtained":["Nloth\u0027s Gift"]},{"damage_healed":19.0,"max_hp_gain":0.0,"max_hp_loss":0.0,"gold_gain":0.0,"event_name":"Winding Halls","player_choice":"Writhe","floor":37.0,"gold_loss":0.0,"damage_taken":0.0,"cards_obtained":["Writhe"]},{"damage_healed":0,"gold_gain":0,"player_choice":"Paid","damage_taken":0,"relics_obtained":["Red Mask"],"max_hp_gain":0,"max_hp_loss":0,"event_name":"Tomb of Lord Red Mask","floor":39,"gold_loss":15}],"is_beta":false,"boss_relics":[{"not_picked":["Cursed Key","Coffee Dripper"],"picked":"Ectoplasm"},{"not_picked":["Pandora\u0027s Box","Busted Crown"],"picked":"Lizard Tail"}],"items_purged_floors":[3],"is_endless":false,"potions_floor_spawned":[1,11,14,16,21,22,23,33,38,41],"killed_by":"Awakened One","ascension_level":12}