{"gold_per_floor":[117,117,117,133,133,160,85,116,169,185,185,185,185,196,196,196],"floor_reached":16,"playtime":1655,"items_purged":["Strike_R"],"score":119,"play_id":"1bcfd70f-c283-43c3-80ff-f7238cce7662","local_time":"20180716201849","is_ascension_mode":true,"campfire_choices":[{"data":"Anger","floor":11,"key":"SMITH"},{"floor":13,"key":"REST"},{"data":"Evolve","floor":15,"key":"SMITH"}],"neow_cost":"NONE","seed_source_timestamp":3842034571113,"circlet_count":0,"master_deck":["Defend_R","Defend_R+1","Defend_R","Defend_R","Bash+1","Anger+1","Warcry","Rage","Burning Pact","Evolve+1"],"relics":["Empty Cage","Bag of Preparation","Potion Belt","Boot"],"potions_floor_usage":[16],"damage_taken":[{"damage":4,"enemies":"Jaw Worm","floor":1,"turns":6},{"damage":0,"enemies":"Cultist","floor":4,"turns":4},{"damage":26,"enemies":"Lagavulin","floor":6,"turns":9},{"damage":30,"enemies":"3 Sentries","floor":8,"turns":12},{"damage":0,"enemies":"Small Slimes","floor":10,"turns":5},{"damage":1,"enemies":"Exordium Wildlife","floor":14,"turns":4},{"damage":33,"enemies":"The Guardian","floor":16,"turns":12}],"seed_played":"-2323888191197498838","potions_obtained":[{"floor":6,"key":"SneckoOil"},{"floor":14,"key":"Energy Potion"}],"is_trial":false,"path_per_floor":["M","?","?","M","?","E","$","E","T","M","R","?","R","M","R"],"character_chosen":"IRONCLAD","items_purchased":[],"campfire_rested":1,"item_purchase_floors":[],"current_hp_per_floor":[76,76,69,69,80,54,54,24,24,24,24,8,32,31,31,0],"gold":196,"neow_bonus":"BOSS_RELIC","is_prod":false,"is_daily":false,"chose_seed":false,"campfire_upgraded":2,"win_rate":0,"timestamp":1531765129,"path_taken":["M","?","?","?","?","E","$","E","T","M","R","?","R","M","R","BOSS"],"build_version":"2018-07-12","purchased_purges":1,"victory":false,"max_hp_per_floor":[80,80,80,80,80,80,80,80,80,80,80,80,80,80,80,80],"card_choices":[{"not_picked":["Heavy Blade","Dual Wield"],"picked":"Anger","floor":1},{"not_picked":["Body Slam","Heavy Blade"],"picked":"Rage","floor":4},{"not_picked":["Clothesline","Offering","Sword Boomerang"],"picked":"SKIP","floor":6},{"not_picked":["Body Slam","Havoc","Entrench"],"picked":"SKIP","floor":8},{"not_picked":["Body Slam","Warcry"],"picked":"Burning Pact","floor":10},{"not_picked":["Intimidate","Battle Trance"],"picked":"Evolve","floor":14}],"player_experience":112579,"relics_obtained":[{"floor":6,"key":"Bag of Preparation"},{"floor":8,"key":"Potion Belt"},{"floor":9,"key":"Boot"}],"event_choices":[{"event_name":"Transmorgrifier","player_choice":"Transform","floor":2,"damage_taken":0},{"event_name":"Golden Wing","player_choice":"Card Removal","floor":3,"damage_taken":0},{"event_name":"Wheel of Change","player_choice":"Full Heal","floor":5,"damage_taken":0},{"event_name":"Shining Light","player_choice":"Entered Light","floor":12,"damage_taken":0}],"boss_relics":[],"items_purged_floors":[7],"is_endless":false,"potions_floor_spawned":[6,14],"killed_by":"The Guardian","ascension_level":2}