{"gold_per_floor":[115,115,125,125,50,68,87,121,121,121,137,137,150,185,185,290,290,301,301,216,52,67,67],"floor_reached":23,"playtime":833,"items_purged":["Regret"],"score":261,"play_id":"013c902e-e105-4984-8348-eba8be83693d","local_time":"20190205134145","is_ascension_mode":true,"campfire_choices":[{"floor":12,"key":"REST"},{"floor":15,"key":"REST"}],"neow_cost":"NONE","seed_source_timestamp":1703482380115834,"circlet_count":0,"master_deck":["Strike_B+1","Strike_B","Strike_B","Strike_B","Defend_B","Defend_B","Defend_B","Defend_B","Zap+1","Dualcast","Ball Lightning+1","Streamline","BootSequence","Chaos","Hologram","Sunder","Go for the Eyes","Hello World","Creative AI","Leap","Loop","Trip"],"relics":["Cracked Core","NeowsBlessing","Blue Candle","Calipers","Bird Faced Urn","Kunai","Black Star","Dodecahedron"],"potions_floor_usage":[14,16,16,18],"damage_taken":[{"damage":0,"enemies":"Cultist","floor":1,"turns":1},{"damage":0,"enemies":"2 Louse","floor":3,"turns":1},{"damage":0,"enemies":"Small Slimes","floor":6,"turns":1},{"damage":2,"enemies":"3 Louse","floor":7,"turns":3},{"damage":18,"enemies":"3 Sentries","floor":8,"turns":7},{"damage":0,"enemies":"Looter","floor":11,"turns":2},{"damage":0,"enemies":"Large Slime","floor":13,"turns":4},{"damage":12,"enemies":"Gremlin Nob","floor":14,"turns":3},{"damage":3,"enemies":"Slime Boss","floor":16,"turns":9},{"damage":6,"enemies":"3 Byrds","floor":18,"turns":4},{"damage":37,"enemies":"Shell Parasite","floor":22,"turns":9},{"damage":52,"enemies":"Book of Stabbing","floor":23,"turns":5}],"seed_played":"8805552678657577418","potions_obtained":[{"floor":6,"key":"Poison Potion"},{"floor":11,"key":"GamblersBrew"},{"floor":14,"key":"SteroidPotion"},{"floor":16,"key":"Explosive Potion"}],"is_trial":false,"path_per_floor":["M","?","M","?","$","M","M","E","T","?","M","R","M","E","R","B",null,"M","?","?","$","M","E"],"character_chosen":"DEFECT","items_purchased":["Loop","Trip"],"campfire_rested":2,"item_purchase_floors":[21,21],"current_hp_per_floor":[68,68,68,68,68,68,66,48,48,33,33,55,55,43,65,64,72,68,68,68,68,45,0],"gold":67,"neow_bonus":"THREE_ENEMY_KILL","is_prod":false,"is_daily":false,"chose_seed":false,"campfire_upgraded":0,"win_rate":0,"timestamp":1549392105,"path_taken":["M","?","?","?","$","M","M","E","T","?","M","R","M","E","R","BOSS","M","?","?","$","M","E"],"build_version":"2019-01-23","purchased_purges":1,"victory":false,"max_hp_per_floor":[75,75,75,75,75,75,75,75,75,75,75,75,75,75,75,75,75,75,75,75,75,75,75],"card_choices":[{"not_picked":["Steam","Conserve Battery"],"picked":"Ball Lightning","floor":1},{"not_picked":["Rebound","Redo"],"picked":"Streamline","floor":3},{"not_picked":["Chaos","Redo"],"picked":"BootSequence","floor":6},{"not_picked":["Streamline","Steam"],"picked":"Chaos","floor":7},{"not_picked":["Streamline","Leap"],"picked":"Hologram","floor":8},{"not_picked":["Ball Lightning","Rebound"],"picked":"Sunder","floor":11},{"not_picked":["Chill","Sweeping Beam"],"picked":"Go for the Eyes","floor":13},{"not_picked":["Recycle","Compile Driver"],"picked":"Hello World","floor":14},{"not_picked":["Meteor Strike","All For One"],"picked":"Creative AI","floor":16},{"not_picked":["Fusion","Streamline"],"picked":"Leap","floor":18},{"not_picked":["Beam Cell","Leap","Genetic Algorithm"],"picked":"SKIP","floor":22}],"player_experience":377305,"relics_obtained":[{"floor":8,"key":"Calipers"},{"floor":9,"key":"Bird Faced Urn"},{"floor":14,"key":"Kunai"}],"event_choices":[{"damage_healed":0,"gold_gain":0,"player_choice":"Upgraded","damage_taken":0,"max_hp_gain":0,"max_hp_loss":0,"event_name":"Upgrade Shrine","floor":2,"gold_loss":0,"cards_upgraded":["Zap"]},{"damage_healed":0,"gold_gain":0,"player_choice":"Box","damage_taken":0,"relics_obtained":["Blue Candle"],"max_hp_gain":0,"max_hp_loss":0,"event_name":"Big Fish","floor":4,"gold_loss":0,"cards_obtained":["Regret"]},{"damage_healed":0,"gold_gain":0,"player_choice":"Entered Light","damage_taken":15,"max_hp_gain":0,"max_hp_loss":0,"event_name":"Shining Light","floor":10,"gold_loss":0,"cards_upgraded":["Strike_B","Ball Lightning"]},{"damage_healed":0,"gold_gain":0,"player_choice":"Ignored","damage_taken":0,"max_hp_gain":0,"max_hp_loss":0,"event_name":"Ghosts","floor":19,"gold_loss":0},{"damage_healed":0,"gold_gain":0,"player_choice":"Obtained Relic","damage_taken":0,"relics_obtained":["Dodecahedron"],"max_hp_gain":0,"max_hp_loss":0,"event_name":"Addict","floor":20,"gold_loss":85}],"is_beta":false,"boss_relics":[{"not_picked":["Pandora\u0027s Box","Calling Bell"],"picked":"Black Star"}],"items_purged_floors":[5],"is_endless":false,"potions_floor_spawned":[6,11,14,16],"killed_by":"Book of Stabbing","ascension_level":6}