{"gold_per_floor":[110,110,16,33,108,141,141,49,131,131,163,163,163],"floor_reached":13,"playtime":500,"items_purged":[],"score":89,"play_id":"20e9bde5-1441-45b2-ae0f-260e488e1757","local_time":"20190115052001","is_ascension_mode":false,"campfire_choices":[{"data":"Self Repair","floor":7,"key":"SMITH"}],"neow_cost":"NONE","seed_source_timestamp":1759673159262231,"circlet_count":0,"master_deck":["Strike_B","Strike_B","Strike_B","Defend_B","Defend_B","Defend_B","Defend_B","Zap","Dualcast","White Noise","Genetic Algorithm","Stack","Ball Lightning","Self Repair+1","Impatience","FTL"],"relics":["Cracked Core","Ancient Tea Set","Kunai","Mercury Hourglass","Sundial","Happy Flower"],"potions_floor_usage":[11],"damage_taken":[{"damage":5,"enemies":"2 Louse","floor":1,"turns":3},{"damage":9,"enemies":"Cultist","floor":4,"turns":5},{"damage":26,"enemies":"Lagavulin","floor":6,"turns":7},{"damage":21,"enemies":"Gremlin Nob","floor":11,"turns":4},{"damage":11,"enemies":"Jaw Worm","floor":13,"turns":1}],"seed_played":"6770130754705909379","potions_obtained":[{"floor":4,"key":"Swift Potion"},{"floor":6,"key":"SpeedPotion"},{"floor":11,"key":"Explosive Potion"}],"is_trial":false,"path_per_floor":["M","?","$","M","?","E","R","$","T","T","E","?","M"],"character_chosen":"DEFECT","items_purchased":["Genetic Algorithm","Stack","Impatience"],"campfire_rested":0,"item_purchase_floors":[3,3,8],"current_hp_per_floor":[77,77,77,68,57,31,31,31,31,31,20,8,0],"gold":163,"neow_bonus":"TEN_PERCENT_HP_BONUS","is_prod":false,"is_daily":false,"chose_seed":false,"campfire_upgraded":1,"win_rate":0.0,"timestamp":1547547601,"path_taken":["M","?","?","?","?","E","R","$","T","?","E","?","M"],"build_version":"2019-01-10","purchased_purges":0,"victory":false,"max_hp_per_floor":[82,82,82,82,82,82,82,82,82,82,82,82,82],"card_choices":[{"not_picked":["Stack","Storm"],"picked":"White Noise","floor":1},{"not_picked":["Blizzard","Steam"],"picked":"Ball Lightning","floor":4},{"not_picked":["Aggregate","Gash"],"picked":"Self Repair","floor":6},{"not_picked":["Steam Power","Heatsinks"],"picked":"FTL","floor":11}],"player_experience":27752,"relics_obtained":[{"floor":6,"key":"Ancient Tea Set"},{"floor":9,"key":"Kunai"},{"floor":10,"key":"Mercury Hourglass"},{"floor":11,"key":"Sundial"}],"event_choices":[{"cards_removed":["Strike_B"],"damage_healed":0,"gold_gain":0,"player_choice":"Card Removal","damage_taken":0,"max_hp_gain":0,"max_hp_loss":0,"event_name":"Wheel of Change","floor":2,"gold_loss":0},{"damage_healed":0,"gold_gain":75,"player_choice":"Gather Gold","damage_taken":11,"max_hp_gain":0,"max_hp_loss":0,"event_name":"World of Goop","floor":5,"gold_loss":0},{"damage_healed":0,"gold_gain":0,"player_choice":"Success","damage_taken":12,"relics_obtained":["Happy Flower"],"max_hp_gain":0,"max_hp_loss":0,"event_name":"Scrap Ooze","floor":12,"gold_loss":0}],"is_beta":false,"boss_relics":[],"items_purged_floors":[],"is_endless":false,"potions_floor_spawned":[4,6,11],"killed_by":"Jaw Worm","ascension_level":0}